5592 7350
570 875 618 932 stit

572 988 720 1058 repondere
742 987 901 1053 impensum.
918 981 985 1049 Quid
1000 994 1039 1035 est
1056 980 1126 1035 enirn
1142 979 1212 1034 alind
1231 978 1362 1042 snieitia,

572 1096 632 1150 erne
646 1095 697 1133 nou
718 1076 824 1131 aliunde
840 1089 918 1144 qnam
932 1089 964 1128 eii
979 1089 1070 1128 artiore
1090 1088 1185 1127 nomen
1204 1072 1322 1140 accepit,
1339 1079 1365 1124 et

574 1187 703 1243 nusquam
717 1168 767 1224 nisi
782 1169 807 1221 iit
821 1166 927 1221 Christo
941 1164 1026 1219 tidelis
1038 1174 1097 1226 est,
1120 1166 1144 1217 iit
1166 1179 1218 1233 min
1233 1162 1290 1217 solo
1305 1175 1365 1214 esse

573 1267 653 1320 etiarn
664 1261 825 1329 sempiterna
839 1273 871 1313 ac
885 1258 945 1312 telis
957 1256 1061 1325 potest?
1074 1255 1148 1312 Unde
1159 1263 1186 1309 et
1197 1264 1305 1323 accepti
1317 1269 1366 1322 per

574 1371 634 1408 euni
651 1352 776 1413 fratrem,
792 1363 929 1420 perquem
944 1358 968 1401 te
984 1346 1138 1400 laniiliarius
1152 1344 1248 1408 didici,
1265 1343 1366 1411 majore

575 1445 680 1504 iiilneia,
690 1458 770 1497 ansus
783 1457 841 1496 sinn
856 1439 953 1510 aliquid
968 1439 1000 1493 ad
1014 1448 1084 1491 tuam
1094 1436 1289 1492 Beatitndinctn
1302 1436 1368 1490 scri·

576 1536 639 1589 bere
661 1534 695 1588 ile
715 1533 756 1586 bis
777 1531 872 1595 rebus,
894 1545 953 1599 qiue
978 1530 1028 1583 linc
1049 1540 1169 1598 ternpore
1189 1528 1367 1597 episcopalem

574 1639 676 1687 etnam,
694 1624 716 1677 si
731 1637 781 1691 qna
797 1621 822 1673 iii
839 1618 915 1673 nobis
925 1627 975 1683 est,
988 1619 1020 1673 ad
1036 1618 1216 1687 vigilantiam*
1229 1632 1277 1686 pro
1290 1631 1368 1687 grege

576 1713 711 1769 doittitiico
721 1711 827 1766 stimulo
841 1711 990 1765 recentiore
1003 1709 1155 1763 sollicitant.

611 1807 638 1861 2.
654 1805 720 1859 Nori
740 1789 838 1874 ijuippc
853 1802 986 1866 baeretici,
1004 1800 1104 1855 itiiniici
1118 1801 1209 1870 gratiae
1230 1800 1294 1865 Dei,
1310 1814 1369 1868 quat

579 1895 659 1951 datur
674 1894 777 1963 pusillis
790 1901 817 1948 ct
831 1893 934 1961 magnis
947 1906 997 1962 per
1010 1891 1100 1947 lesum
1123 1890 1257 1945 Cltristnm
1278 1888 1368 1942 bmni-

576 2001 641 2040 num
656 1996 789 2048 nostruin,
805 1983 854 2037 etsi
868 1983 921 2052 jam
937 1980 1047 2037 carendi
1058 1980 1216 2035 evidentius
1236 1980 1370 2049 apertiore

578 2076 791 2146 improbatione'
816 2081 1013 2137 ruoitstraittur;
1039 2088 1092 2126 nou
1119 2081 1207 2126 tamen
1231 2070 1372 2141 quieseunt

577 2166 685 2234 scriptis
707 2164 763 2219 sitis
784 2164 871 2218 minus
885 2173 1025 2217 cautorum
1040 2162 1082 2216 rcl
1103 2160 1190 2215 minus
1204 2160 1368 2215 eruditorum

576 2259 658 2314 corda
674 2267 787 2313 tentare.
801 2257 901 2323 Quibus
913 2255 1002 2325 utiquc
1016 2262 1086 2309 esset
1100 2252 1324 2323 respondendnm,
1337 2266 1372 2306 ne

579 2366 609 2404 se
623 2349 664 2404 rel
680 2362 743 2403 suos
759 2348 784 2402 in
798 2348 843 2401 illo
858 2345 972 2401 iieiando
983 2360 1075 2400 errore
1089 2346 1240 2408 litmareut,
1254 2344 1333 2397 etiam
1349 2343 1371 2396 si

580 2456 632 2494 nou
652 2448 846 2503 inclinaremus,
860 2454 894 2492 ite
910 2453 1068 2509 quemiptaru
1087 2436 1284 2492 Calliolieornm
1300 2435 1372 2489 reri·

578 2531 659 2585 simili
682 2545 806 2585 sermone
827 2529 993 2599 deciperent.
1008 2531 1073 2583 Cum
1090 2544 1154 2584 vero
1174 2544 1225 2582 noa
1249 2527 1374 2582 desinant

579 2618 695 2674 lreinere
708 2618 741 2672 ail
755 2616 880 2673 dominici
895 2619 982 2689 gregis
993 2617 1093 2683 caulas,
1106 2629 1186 2687 atque
1199 2617 1231 2671 ad
1246 2616 1372 2685 diripien-

578 2710 627 2765 das
640 2719 713 2764 tanto
728 2710 812 2779 pretio
828 2709 980 2780 redemptas
993 2724 1067 2771 aies,
1084 2708 1173 2763 aditus
1186 2707 1373 2777 undecumque

579 2800 681 2865 riinari,
695 2800 896 2870 communisque
908 2802 943 2854 sit
955 2800 1079 2855 omnibus
1093 2800 1168 2855 nobis
1180 2800 1225 2869 iiiii
1237 2798 1371 2868 fungimur

582 2894 751 2962 episcopatus
764 2891 854 2947 allicio
879 2892 1020 2964 (pitantiis
1039 2893 1096 2962 ipse
1111 2892 1137 2945 iii
1152 2906 1182 2945 ea
1197 2890 1373 2961 praeemineas

580 2981 694 3034 celsiore
705 2978 810 3049 lastigie
820 2980 830 3050 l
840 2981 946 3050 specula
958 2980 1115 3048 pastoralis⁸
1129 2998 1134 3033 :
1151 2978 1219 3033 iacio
1230 2979 1299 3049 qtiod
1313 2994 1374 3049 pos·

582 3086 640 3127 suin
654 3085 703 3142 pro
715 3069 767 3125 mei
780 3070 908 3141 particula
923 3069 1051 3136 muueris,
1064 3077 1192 3141 qnantum
1207 3070 1271 3124 mibi
1286 3070 1375 3124 bonti-

582 3178 633 3217 nus
648 3161 834 3233 adjuvantibus
848 3161 1012 3216 orationibus
1023 3162 1074 3216 tuis
1087 3161 1188 3218 diruere
1198 3160 1335 3231 dignatur,
1346 3171 1375 3217 nt

581 3252 769 3325 pestilentibus
778 3259 805 3306 et
819 3251 1005 3306 insidiantibus
1015 3267 1109 3306 carnin
1119 3253 1227 3321 seriptis
1238 3251 1374 3307 medentia

582 3356 611 3401 et
624 3346 769 3402 munientia
784 3344 881 3416 scripta
896 3344 1074 3415 prateitdatn3
1090 3345 1186 3416 quibus
1209 3343 1298 3399 rabies
1322 3357 1375 3414 qua

585 3436 703 3499 luriunt,
719 3435 860 3490 autetiam
879 3436 937 3507 ipsa
952 3426 1070 3501 sanetur,
1085 3444 1158 3490 suta
1173 3434 1302 3491 laedendis
1315 3433 1375 3489 sliis

584 3529 739 3598 repellatur.

620 3621 646 3676 ὅ.
663 3619 724 3676 llaec
736 3627 825 3676 autera
839 3634 899 3691 ipim
911 3618 1015 3676 duabus
1024 3617 1152 3688 Epistolis
1161 3633 1252 3676 eorum
1266 3632 1377 3692 respou-

584 3712 636 3769 deo
647 3731 654 3765 :
667 3705 711 3767 nid
725 3713 828 3768 seilicet
841 3727 920 3780 titiam
932 3712 1031 3767 dieitur
1044 3711 1158 3768 Romam
1170 3711 1277 3769 misisse
1290 3711 1376 3770 lulia-

585 3820 646 3871 nus,
655 3803 736 3858 credo
744 3803 917 3874 uiprittam,
927 3818 993 3873 quos
999 3812 1100 3874 posset,
1109 3818 1172 3859 snos
1180 3811 1226 3859 aut
1236 3804 1375 3871 inveniret,

585 3901 632 3947 ant
653 3892 766 3959 laceret,
787 3892 864 3949 alteri
886 3902 1070 3964 eorumquiin
1085 3893 1177 3950 decem
1193 3905 1220 3950 et
1232 3903 1294 3951 octo
1306 3886 1379 3952 reiut

585 3983 704 4054 episcopi
719 3984 859 4054 participes
871 3984 929 4054 eins
942 3984 1052 4050 erroris,
1064 4000 1116 4039 nott
1127 3984 1161 4039 ad
1171 3985 1316 4056 quislibet,
1328 3985 1375 4042 sed

586 4073 619 4128 sd
634 4072 684 4128 loci
695 4072 779 4143 ipsius
788 4073 944 4144 episcopum
956 4088 1002 4127 sua
1014 4073 1160 4128 calliditate
1172 4073 1339 4136 tentandum,
1350 4087 1378 4129 et

587 4162 621 4217 ad
636 4177 698 4216 snas
713 4174 812 4231 partes,
825 4162 848 4216 si
861 4169 951 4232 posset
962 4161 1029 4229 lieri,
1038 4161 1241 4229 traducendum,
1251 4162 1307 4218 susi
1317 4172 1379 4219 sunt

588 4255 804 4310 Thessalonicam
816 4255 933 4310 scribere
945 4272 952 4308 ι
965 4254 1024 4310 liaec
1038 4269 1102 4325 ergo
1117 4271 1176 4326 qnae
1189 4255 1256 4323 istis,
1270 4262 1300 4310 itt
1312 4255 1377 4323 disi,

588 4346 690 4401 dnabns
702 4345 825 4416 t‘ptsiotis
836 4345 954 4414 illorum,
969 4347 1018 4401 ista
1028 4346 1209 4415 disputatione
1218 4348 1378 4419 respondeo,

587 4439 621 4493 ad
644 4451 714 4492 tuam
738 4438 902 4507 potissimum
923 4437 1038 4508 dirigere
1051 4438 1242 4504 Sanctitatem,
1258 4453 1311 4493 nori
1325 4449 1380 4494 tam

588 4529 711 4583 ilisienda
728 4544 805 4597 ipram
821 4527 1013 4592 examinanda,
1034 4539 1061 4583 et
1082 4529 1125 4581 nbi
1149 4527 1259 4583 forsitan
1282 4529 1379 4600 aliquid

589 4621 763 4690 displicuerit,
774 4618 938 4674 einendnnda
949 4619 1086 4673 cotistitni.
1100 4618 1228 4674 indicarit
1237 4620 1306 4674 cuim
1316 4621 1379 4675 inibi

589 4715 670 4768 trater
686 4728 770 4777 inens,
787 4711 856 4780 ipiotl
871 4727 916 4765 eas
930 4712 966 4765 illi
982 4711 1046 4766 dare
1062 4714 1118 4781 ipse
1130 4711 1254 4781 dignatus
1269 4727 1309 4778 es,
1321 4727 1380 4781 qne

590 4805 616 4858 iii
631 4815 689 4859 tuas
702 4820 813 4866 titanus,
830 4804 879 4857 nisi
896 4804 1095 4874 vigilantissima
1118 4804 1255 4875 diligentia
1270 4805 1380 4861 barrum

590 4907 741 4949 nostrornm
758 4893 870 4948 iiiiornnt
886 4904 1005 4959 tuorum,
1020 4895 1109 4950 renirc
1124 4912 1175 4949 nnn
1197 4897 1308 4965 possint.
1324 4898 1382 4965 Ago

590 4996 677 5041 antem
694 4987 792 5055 guertius
806 4988 993 5042 stticertsstnm
1008 4989 1034 5041 in
1049 5004 1098 5042 niis
1111 4989 1303 5044 benevolentiae
1318 4998 1379 5056 tuae,

590 5078 660 5149 qnod
675 5094 719 5132 cas
732 5094 774 5132 ine
789 5079 871 5134 latere
885 5080 990 5133 noluisti
1007 5080 1120 5135 litteras
1135 5083 1302 5136 inimieorum
1317 5097 1381 5151 pra-

592 5172 635 5225 tiar
650 5170 706 5236 bet,
723 5170 748 5224 iit
763 5170 858 5238 ‹pribus
871 5171 990 5238 reperisti
1007 5186 1102 5224 nornen
1117 5187 1204 5226 nicuai
1218 5173 1382 5228 calumniose

591 5272 670 5332 atquc
682 5260 818 5316 evidenter
829 5276 995 5328 espiressiim.
1005 5261 1058 5315 Sed
1069 5275 1147 5331 spero
1158 5262 1191 5316 ilc
1204 5264 1315 5318 Dtlntilto
1328 5265 1382 5319 lieo

591 5363 693 5415 nostro,
706 5349 776 5421 qiiiid
791 5366 842 5404 non
856 5350 913 5406 sinc
927 5351 1049 5407 mercede
1063 5368 1122 5422 quim
1136 5353 1161 5407 in
1176 5353 1250 5408 ciclis
1268 5361 1327 5418 est,
1345 5354 1382 5409 illi

591 5461 635 5500 ine
646 5447 766 5499 lacerant
777 5442 856 5497 dente
870 5442 1011 5509 maledico,
1025 5443 1121 5513 quibus
1134 5460 1176 5497 ini·
1189 5459 1238 5515 pro
1253 5445 1381 5513 parvulis,

591 5551 625 5590 tte
640 5535 723 5589 littaei
740 5533 871 5588 laudatori
892 5533 998 5605 Pelagio
1013 5535 1107 5604 perditi
1124 5536 1318 5606 relinquantur,
1335 5535 1383 5591 scd

593 5627 679 5681 reiaci
702 5624 826 5679 salvaturi
840 5623 946 5679 cbristo
961 5624 1089 5680 liberandi
1103 5625 1257 5692 oderantur,
1266 5642 1382 5696 oppono.

626 5714 739 5771 CAPUT
755 5714 786 5769 lt.
798 5744 833 5754 —
845 5721 871 5769 t.
884 5713 1018 5768 inlinemus
1038 5716 1168 5786 inipnpiutt
1188 5725 1337 5770 asserentem
1350 5715 1383 5770 li·

625 5939 632 5965 ¹
651 5933 760 5981 catiliani
773 5935 927 5995 manasseto
939 5972 945 5987 .
958 5946 979 5984 se
991 5947 1038 5999 pitu
1048 5934 1071 5986 in
1086 5932 1152 5985 ιιοιιι
1169 5941 1203 5986 est
1220 5933 1352 5998 sipileits'a.

625 5994 635 6025 ¹
653 6001 677 6041 tit
689 5993 774 6042 iistlein
785 6000 851 6046 ttss..
863 5994 1021 6056 tripertitae.

626 6056 637 6087 ⁸
653 6061 689 6102 ει.
702 6062 729 6122 et
739 6061 804 6112 tar..
816 6053 842 6105 s'n
852 6068 880 6105 ea
888 6057 1045 6117 preeminens
1056 6055 1156 6109 celsiore
1171 6056 1266 6170 [ιιιιιῖιο
1282 6055 1387 6131 spectile

595 6114 729 6181 pastoratu.
742 6118 825 6165 terius
834 6119 930 6186 antiqua
941 6118 1016 6169 editio
1027 6130 1076 6168 nm.
1088 6130 1112 6171 et
1123 6127 1175 6169 ltss.
1188 6121 1227 6169 cal
1240 6131 1298 6170 testu
1307 6127 1386 6169 acta·

594 6178 687 6292 mergi,
706 6174 730 6226 in
752 6189 782 6227 eu
802 6190 960 6240 prirenisueas
982 6180 1082 6233 tetriore
1103 6179 1198 6246 [estimo
1223 6180 1321 6246 sucula
1342 6193 1386 6245 ps·

630 6251 641 6286 r
668 6249 697 6288 rs.

886 867 1022 923 coarat
1044 865 1133 923 obas
1153 865 1337 920 tristitias
1356 863 1634 928 tttafltartbttbtt,
1655 863 1683 920 S.
1704 863 1888 922 etobsttb

2159 865 2212 921 5ὸὲ

1419 978 1504 1032 beroia
1517 977 1648 1031 arbitrium
1663 989 1763 1048 peccato
1775 979 1838 1033 lite
1854 980 1966 1049 periisse.
1986 978 2045 1035 iam
2060 976 2150 1048 tiaipie
2160 981 2214 1035 Its-

1419 1068 1481 1122 liaiti
1497 1068 1704 1138 respondeamus
1720 1069 1878 1138 Epistola«
1897 1070 2001 1138 Diruta,
2018 1072 2138 1141 iiuqnit,
2153 1090 2163 1123 i
2179 1071 2217 1126 illi

1419 1160 1565 1224 blaniiluei,
1580 1161 1675 1229 qiiibns
1689 1161 1768 1215 modo
1781 1176 1834 1215 non
1848 1164 2093 1229 communicante,
2110 1165 2136 1217 id
2152 1175 2213 1225 est,

1421 1251 1467 1304 toti
1483 1251 1524 1306 tet
1537 1266 1597 1305 cuni
1612 1252 1708 1322 quibus
1721 1252 1910 1317 dissetitiinits,
1927 1254 1987 1323 quia
2004 1241 2081 1323 primi
2097 1254 2216 1308 ltttntittls

1420 1354 1540 1412 peccato,
1556 1342 1651 1407 idest,
1668 1343 1750 1407 bilae,
1767 1343 1878 1397 liberunt
1892 1346 2029 1398 arbitrium
2045 1346 2175 1416 perierit,
2190 1358 2217 1400 et

1421 1449 1500 1487 ticino
1510 1433 1565 1502 jam
1577 1442 1733 1502 potcstatein
1745 1434 1842 1489 lrabeat
1852 1435 1919 1490 benc
1929 1436 2046 1497 vivendi,
2060 1437 2106 1490 sed
2118 1453 2215 1491 ontnes

1422 1524 1448 1577 in
1465 1532 1600 1593 peceatum
1614 1525 1702 1578 carnis
1715 1540 1769 1578 sue
1783 1526 1940 1581 necessitate
1950 1538 2088 1597 erigantur.
2108 1547 2117 1580 i
2133 1529 2217 1582 llant-

1422 1614 1511 1669 cltieos
1524 1614 1639 1684 appellat
1651 1614 1812 1680 Cantabros,
1829 1632 1903 1672 more
1918 1618 1989 1673 illins
2002 1618 2157 1686 Joriitiaiti,
2171 1621 2216 1690 qni

1421 1714 1484 1759 ante
1497 1720 1688 1775 parieosannos
1700 1706 1842 1762 ltaereticus
1856 1724 1951 1775 noros,
1963 1711 2142 1779 virginitatem
2154 1726 2217 1764 sin·

1422 1806 1473 1851 ctae
1495 1795 1583 1850 llarbc
1606 1796 1774 1864 destruebat,
1792 1806 1821 1853 et
1840 1800 1982 1869 uirginitati
2005 1816 2089 1855 sacrae.
2110 1803 2218 1870 nuptias

1423 1884 1540 1939 lidelium
1555 1887 1719 1957 coequabat.
1731 1886 1786 1943 Nec
1802 1888 1837 1943 ob
1850 1890 1920 1944 alind
1937 1890 1987 1945 boc
2000 1891 2145 1961 objiciebat
2162 1893 2217 1949 Ca·

1424 1978 1543 2041 tlinlieis,
1557 1980 1607 2033 nisi
1621 1982 1681 2050 qiiia
1696 1996 1743 2036 eos
1763 1982 1845 2037 rideri
1866 1984 1970 2038 volebat
1989 1995 2162 2041 accusatores
2175 1987 2215 2043 rel

1422 2070 1593 2125 damnatores
1606 2086 1665 2127 csse
1679 2074 1839 2141 nuptiarum.

1459 2160 1485 2214 5.
1502 2158 1626 2214 Liberuni
1646 2169 1733 2216 antem
1748 2162 1886 2217 arbitrium
1906 2162 2073 2221 deleniendo
2094 2168 2216 2238 precipi-

1424 2257 1495 2316 tant,
1509 2258 1540 2303 ut
1552 2250 1586 2304 de
1601 2249 1646 2305 illo
1661 2252 1747 2320 potins
1761 2251 1793 2306 ad
1808 2252 1955 2309 sariendam
1973 2256 2121 2325 justitiarii,
2136 2274 2214 2329 quasa

1423 2342 1458 2397 dc
1472 2342 1575 2396 bomini
1591 2342 1724 2411 adjutorio
1741 2346 1899 2413 cautiilatnr,
1913 2358 1992 2417 atquc
2012 2360 2040 2402 ut
2057 2351 2083 2404 iu
2098 2365 2129 2405 se
2141 2352 2215 2421 qiiis·

1424 2448 1486 2503 que,
1496 2448 1548 2487 noti
1560 2434 1584 2486 iu
1596 2433 1707 2488 Domino
1717 2435 1844 2504 glorietur
1854 2436 1874 2509 (l
1883 2436 1941 2492 Cor.
1955 2455 1973 2505 ι,
1983 2441 2039 2508 il).
2049 2441 2116 2507 Quis
2127 2451 2215 2496 autem

1425 2532 1545 2576 nostrum
1560 2521 1649 2588 dicat,
1665 2523 1735 2592 qtiod
1755 2526 1832 2593 primi
1847 2525 1962 2583 lioniiitis'
1977 2538 2085 2596 pecmto
2108 2531 2217 2599 perierit

1425 2613 1536 2669 liberum
1552 2616 1690 2671 arbitrium
1711 2617 1745 2672 de
1765 2618 1881 2673 liumano
1892 2623 2009 2689 petiere?
2022 2622 2143 2678 Ltttertss
2157 2626 2216 2695 qni·

1424 2687 1485 2760 dem
1507 2707 1586 2776 periit
1607 2722 1655 2777 per
1677 2718 1831 2777 peccatum,
1848 2709 1895 2764 sed
1911 2711 1953 2766 illa
1974 2728 2033 2781 ipiae
2052 2713 2078 2766 iii
2093 2713 2217 2782 paradiso

1426 2794 1493 2864 snit,
1517 2797 1629 2853 bibendi
1644 2801 1749 2869 plenam
1768 2815 1828 2855 curu
1856 2801 2054 2858 immortalitate
2066 2804 2229 2876 Justtitaua

1425 2888 1622 2957 propterquod
1645 2898 1738 2944 natura
1762 2889 1875 2946 bntuana
1899 2891 1987 2947 dirius
2007 2894 2109 2964 indiget
2122 2899 2216 2967 gratis,

1426 2977 1532 3032 dicente
1545 2978 1667 3047 Domino,
1682 2979 1714 3035 Si
1728 2996 1770 3035 eos
1785 2980 1868 3036 Filius
1880 2982 2031 3050 liberaverit,
2046 2996 2106 3039 tene
2115 3003 2173 3041 sere
2184 2985 2217 3042 tt-

1426 3067 1478 3123 ieri
1489 3069 1559 3124 eritis
1570 3068 1661 3142 (loen.
1676 3087 1737 3140 itti,
1750 3073 1795 3143 stt)
1808 3091 1815 3128 ε
1827 3076 1917 3145 utiquc
1926 3076 2002 3130 liberi
2012 3076 2046 3131 ad
2060 3079 2129 3135 bene
2136 3078 2218 3149 juste

1426 3175 1478 3229 oue
1490 3160 1643 3216 vivendum.
1654 3162 1720 3219 Nam
1735 3165 1848 3220 liberum
1861 3167 1999 3222 arliitrinm
2013 3170 2180 3241 usqueadeo
2192 3171 2218 3229 ’m

1427 3253 1566 3321 pcccato're
1581 3267 1633 3307 itan
1654 3254 1748 3323 periit,
1765 3263 1794 3309 ut
1812 3270 1860 3327 per
1875 3256 1938 3311 illiid
1959 3272 2088 3329 peccent,
2104 3262 2219 3317 maritus

1426 3354 1521 3396 cinnes
1534 3342 1579 3412 qui
1593 3357 1653 3398 cnm
1669 3343 1845 3403 delectatione
1860 3360 1970 3417 peresus
1983 3361 2010 3405 et
2022 3365 2115 3407 amore
2126 3365 2217 3422 pocca-

1428 3429 1458 3497 ti,
1471 3428 1523 3486 hoc
1532 3434 1575 3505 eis
1586 3432 1673 3503 placet
1684 3435 1755 3505 qnod
1769 3450 1816 3491 eos
1830 3437 1895 3494 libet
1905 3439 1923 3491 ¹.
1938 3438 2014 3497 Unde
2026 3451 2053 3495 et
2065 3444 2216 3512 Apiistoliis,

1427 3516 1492 3575 Ceus
1503 3521 1588 3578 essetis
1615 3522 1708 3594 iuquit,
1723 3526 1788 3580 sessi
1800 3530 1906 3595 peccati,
1922 3531 1993 3586 liberi
2005 3532 2090 3603 {sistis
2100 3535 2215 3606 justitiis.

1428 3610 1499 3667 Ecce
1521 3612 1697 3670 ostenduntur
1720 3616 1800 3673 etiam
1821 3630 1931 3689 peccato
1952 3607 2062 3680 niini'nte
2085 3627 2216 3694 potuisse.

1429 3704 1479 3760 nisl
1494 3704 1546 3759 slia
1561 3704 1704 3775 libertate,
1716 3709 1828 3765 servire.
1842 3710 2010 3783 biberi'erpn
2022 3729 2037 3767 a
2047 3713 2152 3783 justitia
2166 3730 2217 3772 iton

1429 3804 1508 3862 suut,
1524 3795 1575 3850 nisi
1589 3797 1699 3852 erbitrio
1712 3799 1875 3858 voluntatis:
1890 3802 1966 3859 liberi
1979 3814 2068 3860 autem
2083 3822 2099 3862 s
2112 3819 2218 3879 peccato

1429 3903 1483 3942 iton
1495 3889 1579 3956 liunt,
1594 3890 1646 3946 nisi
1658 3892 1741 3962 gratia
1754 3892 1909 3950 saltatoris.
1922 3896 2118 3970 propterquod
2132 3900 2217 3957 adini·

1429 3980 1522 4036 rabilis
1536 3982 1633 4038 [tortor
1648 3983 1728 4040 etism
1742 3986 1823 4041 rerba
1843 3986 1898 4058 ipsa
1916 3989 2062 4045 discrerit:
2077 3989 2140 4047 Cerri
2154 3993 2219 4047 sniis

1430 4073 1495 4126 serui
1508 4074 1603 4139 meets,
1617 4074 1712 4144 iuquit,
1721 4077 1826 4147 peceati,
1838 4076 1908 4134 liberi
1918 4081 2003 4151 subtis
2007 4083 2124 4151 justitiis.
2140 4082 2220 4153 Qseis

1430 4179 1491 4234 ereo
1504 4166 1616 4234 {emtum
1632 4165 1753 4222 indubiis
1765 4177 1824 4222 isne
1836 4169 1862 4223 iis
1873 4170 1928 4236 iiis,
1943 4171 1970 4226 irs
1984 4172 2074 4244 quiite
2085 4191 2153 4230 unire
2164 4191 2220 4229 erse

1431 4257 1550 4313 ieseitis?
1559 4256 1629 4313 Nem
1642 4259 1701 4328 finis
1714 4261 1814 4316 illorum
1827 4279 1894 4318 mors
1912 4275 1948 4318 est
1960 4277 2146 4320 :triturantem
2161 4264 2223 4322 iilis·

1431 4349 1481 4402 reti
1494 4366 1511 4402 n
1523 4357 1634 4420 peccato,
1647 4352 1712 4405 serui
1729 4363 1812 4406 eutem
1834 4353 1976 4424 fastidire,
1997 4355 2092 4411 linietis
2109 4357 2221 4425 [instetis

1432 4447 1541 4493 sestrrnn
1555 4441 1581 4493 ιιι
1595 4442 1835 4510 sertrtipicntioneiu‚
1850 4444 1927 4511 linem
1939 4461 1997 4499 ucro
2010 4447 2086 4500 sitinii
2100 4457 2220 4501 oetssiinin

1434 4531 1522 4602 (lions
1536 4548 1574 4597 ri,
1594 4531 1630 4585 dd
1646 4531 1703 4603 22).
1728 4533 1838 4588 Liberos
1851 4534 2046 4605 ilisitjustitiac,
2061 4554 2113 4592 non
2129 4538 2223 4592 libera·

1435 4632 1492 4676 tns:
1506 4637 1520 4675 a
1534 4633 1642 4692 peccato
1654 4630 1742 4677 anteiit
1757 4639 1808 4677 iton
1824 4625 1932 4691 liberos,
1948 4644 1980 4681 ne
1994 4629 2044 4682 sibi
2057 4630 2107 4684 ltoc
2120 4631 2222 4684 tribuc-

1433 4723 1509 4778 rcnt;
1525 4714 1572 4768 sed
1587 4714 1785 4783 vigilantissime
1802 4716 1893 4770 iitaluit
1906 4718 1995 4772 dicere
2009 4720 2144 4783 liberatus,
2157 4723 2224 4775 rcie·

1435 4819 1498 4858 reas
1513 4805 1562 4856 linc
1576 4804 1608 4856 ad
1625 4804 1695 4856 illam
1717 4806 1819 4859 lloinini
1843 4809 2021 4875 setin-utiam,
2037 4809 2068 4864 Si
2082 4825 2126 4863 eos
2143 4810 2222 4864 l'ilitts

1434 4894 1589 4957 iilernterit,
1605 4903 1664 4947 tnnc
1685 4912 1740 4948 rere
1758 4895 1828 4949 liberi
1843 4899 1921 4950 eritis.
1936 4899 2001 4952 Cum
2017 4898 2104 4968 ilaiptte
2120 4916 2173 4954 non
2189 4900 2225 4954 ri·

1435 4992 1497 5036 iant
1518 4985 1584 5037 lene
1601 4984 1645 5037 lilii
1661 4983 1836 5051 ltntninum',
1851 4987 1899 5040 nisi
1915 4987 1999 5041 obiecti
2021 4988 2066 5042 lilii
2083 4989 2147 5055 oet,
2163 4989 2224 5057 quid

1435 5085 1474 5131 cst
1485 5078 1553 5146 quiid
1569 5083 1617 5130 'iste
1629 5077 1713 5130 libero
1723 5077 1833 5131 atb'itrin
1846 5079 1900 5131 ritlt
1912 5080 1980 5133 bene
1993 5080 2096 5133 rireuili
2109 5082 2226 5135 tribuere

1436 5175 1610 5235 potestatuum
1625 5182 1686 5219 enin
1706 5167 1763 5222 baec
1784 5178 1900 5236 potestas
1919 5184 1971 5222 non
1987 5169 2063 5222 denir
2080 5171 2129 5224 nisi
2143 5171 2226 5240 gratis
2240 5200 2248 5262 p

1438 5260 1493 5324 liri,
1511 5277 1557 5328 prr
1569 5259 1660 5314 lesuin
1670 5258 1804 5315 Cbiisttnn
1820 5262 1960 5316 linuiittniu
1977 5269 2095 5316 nostruin
2111 5262 2167 5323 (ld.
2180 5278 2225 5329 stt,

1435 5353 1498 5425 ab),
1519 5353 1623 5408 dicente
1644 5354 1804 5422 Evangelio,
1829 5354 1955 5422 Quotquot
1976 5368 2060 5408 sitiens
2080 5364 2227 5426 receperent

1436 5462 1502 5507 enin,
1520 5445 1587 5498 dedit
1600 5445 1635 5497 eis
1646 5456 1792 5514 potestatem
1805 5446 1871 5512 iiiios
1886 5444 1935 5498 tat
1950 5447 2005 5515 pieri
2020 5445 2109 5518 (ioan.
2125 5464 2151 5513 ι,
2167 5445 2227 5514 Uli

1472 5536 1584 5593 caedi
1603 5535 1646 5590 ttt.
1659 5566 1696 5578 -
1707 5537 1733 5592 6.
1753 5535 1906 5591 drusianae
1928 5537 2065 5591 seciindunt
2078 5539 2166 5591 uteritn
2183 5544 2227 5590 dis·

1437 5639 1487 5683 tur.
1509 5629 1561 5683 Sed
1576 5643 1609 5682 ne
1632 5627 1698 5682 torte
1712 5629 1810 5686 dicant.
1827 5627 1859 5682 ad
1876 5628 1925 5683 boc
1938 5643 1997 5683 csse
2012 5628 2126 5698 ailjittos,
2142 5637 2171 5683 nt
2184 5628 2228 5683 hs·

1437 5720 1530 5775 bereiit
1547 5726 1702 5787 potestatem
1718 5718 1773 5772 iteri
1796 5719 1841 5772 lilii
1857 5719 1901 5774 [lei
1914 5736 1922 5785 3
1936 5728 1964 5772 nt
1977 5729 2065 5774 autem
2080 5719 2227 5776 baricensi-

1439 5827 1502 5882 pere
1525 5819 1699 5875 mererentur,
1725 5809 1799 5879 priits
1822 5825 1882 5865 cunt
1904 5811 1988 5866 libero
2010 5811 2132 5875 arbitria,
2158 5810 2227 5866 iiulls

1438 5903 1520 5973 adjuti
1543 5901 1626 5971 gratia
1652 5909 1832 5971 receperunt:
1849 5900 1906 5957 baee
1931 5913 1972 5957 est
1996 5903 2095 5972 qnippe
2119 5902 2228 5959 intentio

1470 6060 1478 6091 ¹
1497 6063 1533 6106 er.
1547 6062 1574 6106 et
1581 6062 1647 6116 tor,
1659 6056 1723 6120 quod
1733 6054 1768 6107 eis
1777 6054 1841 6108 liba.
1854 6063 1882 6107 tt
1890 6065 1938 6106 tia.
1951 6064 1978 6107 et
1991 6064 2053 6115 tta,
2067 6055 2133 6121 qaod
2146 6066 2185 6108 ess
2199 6052 2227 6107 is·

1439 6120 1485 6170 set.
1497 6126 1546 6169 ttoc
1554 6119 1656 6168 verbam
1667 6120 1802 6168 ωωειιιιο
1808 6120 1915 6182 inurere
1925 6116 1989 6189 solet
1998 6122 2153 6183 sergestum.

1440 6181 1597 6292 acirim
1611 6179 1669 6230 etin
1680 6187 1763 6231 anem
1779 6179 1844 6242 ιοω,
1856 6179 1902 6245 otti·
1920 6179 2057 6244 mentm,
2070 6179 2171 6243 ameni,
2184 6178 2224 6230 te
