5592 7350
602 865 654 921 lli

603 976 734 1045 inquiunt,
747 974 792 1040 ted
801 974 828 1028 ln
838 974 950 1043 oltujum
960 972 1071 1041 propriu,
1085 979 1244 1040 posteaquam
1255 969 1309 1022 ueri
1318 978 1385 1030 suut.

604 1052 733 1138 porcetum
746 1065 834 1120 lolem
846 1072 981 1134 coepmuut.

639 1158 683 1214 bd.
695 1156 871 1223 Quamobrem
884 1153 1089 1222 ridesquantum
1097 1150 1151 1220 iam
1160 1149 1241 1204 distet
1250 1150 1319 1203 inter
1329 1163 1386 1218 eos,

604 1255 698 1301 eornm
712 1259 778 1316 quos
789 1246 815 1300 in
830 1244 880 1297 boc
894 1257 974 1312 opere
993 1241 1038 1295 diu
1054 1239 1109 1309 jam
1125 1238 1288 1309 multumque
1302 1237 1386 1293 disse·

604 1335 656 1400 rel,
672 1349 784 1403 quorum
797 1333 875 1387 etiam
889 1331 966 1386 unius
980 1330 1029 1399 legi
1043 1330 1136 1384 librum
1152 1344 1182 1383 ea
1196 1329 1386 1393 coritincntcm,

604 1438 665 1492 quse
675 1432 704 1477 ut
718 1421 789 1492 potui
801 1420 923 1477 refutari.
939 1420 1010 1474 inter
1024 1419 1088 1473 istos
1100 1431 1173 1487 ergo,
1188 1425 1217 1471 ut
1229 1416 1317 1472 dicere
1331 1431 1387 1472 ιιι-

553 1563 559 1577 ,
603 1526 705 1581 peram,
720 1511 763 1579 qui
785 1511 893 1565 omnino
907 1507 1028 1579 paruulos
1041 1507 1075 1562 ab
1087 1506 1158 1563 omui
1174 1514 1280 1576 peccate
1297 1514 1324 1560 et
1336 1507 1388 1560 eri·

603 1600 683 1670 ginali
704 1608 732 1654 ct
745 1600 852 1668 proprio
865 1613 944 1668 purus
957 1607 983 1653 et
1002 1597 1100 1652 liberos
1112 1612 1171 1651 esse
1184 1595 1337 1657 defendunt,
1361 1604 1388 1650 et

602 1688 731 1759 errorqui
750 1688 862 1757 eosjam
886 1696 961 1742 natos
982 1688 1089 1756 propria
1112 1692 1205 1755 putant
1225 1684 1387 1739 contraxisse

603 1790 721 1853 peccate,
734 1792 749 1831 a
770 1777 865 1846 quibus
876 1792 923 1832 eos
936 1776 1049 1831 creduut
1061 1792 1107 1845 per
1129 1776 1289 1845 Baptismrrm
1309 1788 1388 1849 opor·

605 1874 662 1921 tere
676 1865 791 1936 purgari,
804 1874 932 1937 quantum
945 1865 1048 1920 intersit
1060 1864 1144 1919 rides.
1157 1862 1270 1918 Proinde
1283 1864 1324 1916 isti
1340 1877 1387 1932 po·

604 1955 731 2010 steriores
746 1955 871 2009 intuendo
884 1955 1033 2025 Scripturas
1046 1994 1053 2018 ,
1066 1963 1093 2009 et
1112 1954 1293 2008 auctoritatem
1308 1954 1386 2007 totius

606 2042 750 2109 Ecclesia,
764 2053 791 2098 et
805 2043 915 2099 formam
935 2044 1018 2113 ipsius
1036 2043 1216 2108 Sacramenti,
1231 2043 1299 2097 bene
1311 2042 1386 2096 ride-

603 2140 666 2186 ruot
681 2148 727 2202 per
741 2134 901 2202 baptismum
917 2134 943 2187 in
956 2134 1071 2203 parvulis
1092 2142 1259 2203 peccaturum
1274 2131 1329 2186 deri
1343 2146 1387 2186 re·

603 2222 755 2278 missionem
769 2240 775 2276 :
792 2223 837 2278 seul
851 2223 977 2293 originale
990 2238 1050 2279 esse
1064 2225 1083 2290 ¹,
1097 2222 1222 2293 quidquid
1235 2221 1297 2277 illud
1312 2221 1337 2274 in
1348 2222 1387 2277 cis

603 2322 653 2379 est,
676 2313 717 2366 uel
740 2313 831 2367 nrrlrrnt
845 2313 949 2376 dicere,
964 2313 1005 2367 uel
1025 2327 1077 2366 non
1092 2321 1212 2381 possunt.
1238 2310 1277 2365 llli
1298 2319 1385 2364 autem

602 2403 706 2472 priores
720 2402 744 2455 in
759 2403 813 2471 ipsa
836 2412 929 2457 natura
951 2402 1081 2466 bourona,
1095 2417 1154 2472 qute
1168 2402 1202 2456 ab
1215 2402 1338 2457 omuibus
1359 2408 1387 2455 ιιι

601 2490 786 2545 consideretur
798 2492 823 2545 in
840 2500 961 2561 promptu
976 2501 1026 2554 est,
1041 2491 1108 2546 bene
1120 2490 1251 2556 viderunt,
1266 2489 1335 2560 quod
1349 2488 1387 2544 fs-

603 2580 654 2634 cile
669 2579 727 2645 fuit,
744 2589 847 2635 etatem
862 2581 933 2635 illam
957 2582 983 2634 lo
997 2596 1044 2635 sua
1055 2580 1109 2649 jam
1129 2580 1181 2635 rita
1197 2582 1301 2650 propriu
1320 2580 1385 2635 nibil

601 2670 702 2741 peccati
718 2671 835 2739 potuisse
848 2670 1004 2726 contrahere
1020 2688 1027 2725 :
1043 2671 1089 2725 sed
1111 2685 1145 2723 ne
1157 2680 1292 2739 peecatum
1306 2671 1386 2741 origi·

601 2757 662 2814 nale
675 2757 816 2829 fateantur,
831 2762 932 2816 nullum
942 2776 1001 2817 esse
1013 2761 1121 2815 omnino
1135 2771 1270 2829 peecatum
1284 2761 1310 2814 in
1324 2778 1385 2831 par·

581 2883 583 2887 -
603 2848 674 2904 ralis
688 2849 787 2905 dicunt.
811 2849 838 2905 lu
853 2851 893 2905 lris
906 2866 968 2920 ergo
987 2866 1046 2921 qnae
1067 2851 1243 2921 singularem
1258 2850 1347 2906 dicunt
1361 2854 1383 2918 ¹,

604 2940 678 3011 prbrs
697 2941 765 2996 inter
776 2956 805 2996 se
819 2942 867 3011 ipsi
889 2945 1073 3005 consentiant,
1088 2951 1115 2995 et
1134 2951 1326 3011 consequenter
1341 2943 1385 2996 fret

600 3031 749 3106 utonobis
763 3030 834 3086 nulla
850 3046 881 3087 ιι
897 3039 972 3101 parte
991 3030 1155 3086 dissentiant.
1171 3032 1236 3086 Num
1251 3032 1272 3085 si
1287 3047 1385 3101 paruu-

600 3128 783 3200 lisbaptizatis
796 3130 979 3186 remissionem
992 3129 1048 3184 lleri
1062 3118 1227 3198 peecatorum
1238 3128 1386 3184 concedent

600 3219 638 3275 illi
651 3219 728 3284 istis;
742 3220 865 3289 parrtrlos
876 3227 975 3285 autern,
991 3228 1019 3273 ιιι
1033 3220 1088 3289 ipse
1103 3227 1194 3271 natura
1208 3219 1233 3271 in
1249 3218 1334 3273 tacitis
1349 3220 1385 3272 lu·

600 3307 716 3365 lantibus
728 3311 825 3365 elamat
839 3352 846 3378 ,
861 3326 917 3365 sum
937 3310 997 3365 rim
1018 3310 1131 3379 propriso
1150 3309 1275 3363 ’nullum
1298 3310 1384 3365 adbuc

584 3465 585 3470 ἵ
601 3400 765 3454 contraxisse
775 3407 911 3469 peccatum
924 3398 1069 3454 concedant
1081 3398 1123 3453 isti
1136 3396 1208 3453 ntis*
1219 3416 1225 3451 :
1236 3398 1385 3454 concedent

599 3485 705 3557 utrique
719 3488 805 3556 nobis,
819 3489 918 3543 nullum
932 3488 982 3543 nisi
995 3487 1123 3558 originale
1132 3498 1243 3554 restare,
1257 3489 1325 3560 quod
1337 3504 1384 3559 per

600 3573 761 3648 baptismum
774 3579 894 3635 soluatur
907 3580 934 3633 io
948 3579 1073 3647 parvulis.

634 3665 748 3723 corut
761 3666 868 3722 XXXV.
884 3698 918 3709 -
930 3666 974 3722 65.
994 3665 1027 3720 lu
1044 3668 1156 3735 paruulis
1168 3685 1216 3722 non
1230 3682 1282 3724 esre
1294 3687 1382 3739 pecco-

600 3764 653 3809 tum
673 3757 783 3824 propriu
794 3757 859 3811 uite.
875 3755 916 3810 An
930 3770 994 3810 sero
1008 3764 1035 3810 et
1057 3755 1109 3811 boc
1129 3759 1256 3827 queritur
1266 3759 1288 3826 ⁸,
1309 3760 1382 3817 etde

599 3843 651 3900 froc
660 3842 818 3913 disputaturi
831 3853 858 3899 et
871 3853 973 3915 tempus
982 3844 1014 3899 ad
1028 3844 1078 3900 hoe
1087 3846 1229 3916 impensuri
1242 3863 1343 3917 sumus,
1354 3859 1383 3905 nt

599 3936 740 4007 probemus
748 3947 827 4008 atque
840 3938 982 3998 doceamus
994 3941 1125 4011 quomode
1138 3958 1185 4012 per
1197 3945 1328 4015 propriam
1340 3963 1383 4002 vo-

599 4023 743 4091 luntatem,
757 4027 814 4082 siue
828 4044 878 4098 qua
892 4029 992 4085 nullum
1014 4031 1075 4085 sitm
1094 4034 1208 4102 propriae
1222 4044 1382 4104 potestesse

599 4124 748 4183 peccatum
763 4116 828 4172 nibil
847 4118 909 4172 mali
926 4119 1107 4175 commiserint
1121 4121 1248 4189 infantes,
1259 4125 1304 4195 qui
1319 4142 1381 4195 pro·

599 4213 660 4276 pler
681 4206 732 4261 boc
752 4216 881 4263 uocantur
899 4210 932 4264 ab
951 4210 1073 4265 omnibus
1095 4210 1268 4268 innoeentesl
1289 4214 1382 4271 Nonne

585 4291 670 4353 ‘tuno
686 4297 824 4376 iufirmitas
838 4298 918 4353 animi
929 4308 957 4355 et
971 4301 1099 4371 eorporis,
1115 4310 1185 4357 ιιιιιι
1205 4319 1293 4359 rerum
1307 4306 1378 4377 ique·

598 4385 698 4453 mutia,
710 4393 765 4442 tam
781 4388 853 4442 nulla
869 4391 977 4444 omnino
990 4393 1114 4461 praecepti
1127 4395 1271 4463 capacitas,
1292 4397 1380 4452 nullus

596 4472 639 4531 vel
660 4475 787 4530 natrrralis
798 4477 839 4532 rel
856 4478 1014 4550 conscriptae
1027 4480 1093 4550 lepis
1105 4497 1199 4538 sensus
1211 4493 1256 4540 aut
1274 4496 1379 4554 motus,

597 4564 686 4636 nullus
698 4565 724 4628 ιιι
741 4555 894 4641 alterutram
904 4578 1009 4640 portem
1022 4572 1132 4629 rationis
1146 4589 1217 4637 usus.
1232 4575 1282 4630 buc
1296 4578 1380 4633 multo

596 4657 735 4713 testatiore
745 4657 851 4714 silentio
860 4646 939 4730 mrem
949 4674 1037 4717 sermo
1048 4672 1137 4718 noster
1147 4664 1380 4738 proclamatatqno

596 4743 714 4803 indicati
731 4746 822 4805 tum
842 4748 940 4820 aliquid
959 4751 991 4806 ed
1016 4766 1046 4808 se
1066 4752 1149 4823 ipsam
1170 4756 1379 4823 persuadendam

595 4832 653 4902 ipsa
671 4834 800 4894 euidentia
814 4854 821 4891 r
835 4853 895 4892 nam
914 4853 1042 4909 nusquam
1057 4841 1096 4898 sic
1114 4856 1165 4897 non
1183 4845 1289 4899 inuenio
1309 4847 1379 4915 qood

529 4920 532 4925 ’
596 4919 700 4988 dicem,
715 4939 795 4993 qoem
816 4927 859 4980 ubi
875 4941 918 4981 res
931 4927 964 4982 de
977 4943 1027 4998 qua
1037 4929 1142 4998 dicitur,
1156 4932 1321 4989 manifestior
1339 4944 1380 4990 est

595 5023 674 5080 quern
689 5025 767 5067 omne
779 5014 850 5082 quod
864 5014 968 5069 dicitur.

629 5100 674 5156 dd.
689 5101 792 5159 vetlem
814 5113 913 5170 tamem
937 5107 1055 5178 quisquis
1076 5107 1127 5165 hoc
1153 5113 1236 5181 sapit,
1260 5113 1375 5182 diceret,

594 5190 665 5259 qrrod
680 5202 815 5260 peecatum
828 5194 923 5250 viderit
932 5197 975 5252 rel
989 5200 1086 5267 putarit
1099 5199 1206 5256 infantis
1220 5207 1334 5260 recentis
1346 5208 1379 5262 ab

594 5291 688 5348 utero,
704 5284 746 5338 cui
761 5284 915 5341 redimendo
930 5288 1025 5344 letetur
1036 5290 1090 5361 iam
1106 5291 1266 5361 Baptismem
1283 5312 1377 5352 neces-

594 5375 703 5439 sarium,
712 5375 774 5448 quid
785 5377 847 5432 mali
860 5380 886 5434 irr
899 5379 949 5436 bac
959 5381 1064 5451 propria
1077 5398 1123 5437 sua
1136 5383 1188 5436 rita
1204 5400 1250 5452 per
1261 5387 1377 5442 animum

594 5466 728 5536 proprium
742 5482 872 5539 corpusve
891 5471 1062 5526 commiserit.
1078 5472 1106 5528 Si
1125 5471 1194 5527 forte
1209 5474 1278 5544 quod
1293 5476 1378 5545 plorat

578 5557 725 5628 metuque
737 5568 778 5614 est
788 5559 933 5630 maioribus
947 5579 954 5615 :
970 5562 1065 5616 mirum
1075 5562 1097 5617 si
1108 5563 1158 5619 boe
1171 5563 1311 5635 iniquitati,
1324 5573 1376 5623 uon

623 5712 631 5743 ¹
649 5717 683 5763 tte
694 5715 817 5786 vetlermrs
827 5714 903 5767 codex
916 5722 943 5768 et
978 5716 1188 5790 pinnaeusieulit
1200 5731 1258 5770 rere
1266 5718 1377 5784 plerique

591 5771 1377 5906 ιιιιιιιιιιιιιιιιιιιιιι

592 5892 637 5985 bel
648 5893 726 5966 ab&
740 5894 978 6009 mien'olrilm'sole
1077 5959 1113 6012 ιιι
1130 5959 1165 6011 uli
1172 5974 1228 6012 eeru
1238 5907 1335 6016 dt'crott¹

621 5958 1067 6083 riclilllrllllfflrssfplmpul'mlw
1109 5973 1145 6092 ,9,
1168 6082 1173 6092 Ι
1195 6083 1200 6093 ι
1321 5999 1328 6014 ⁸

462 6151 464 6155 Ι
622 6073 638 6146 ᾗ
649 6080 703 6123 tor.
716 6083 742 6126 et
762 6077 853 6142 uliquot
874 6089 926 6132 uss.
937 6114 945 6141 ‚
956 6080 1086 6134 mncedmt
1105 6090 1144 6135 ιιιι
1164 6082 1230 6146 ιιιιι;
1246 6090 1376 6139 coucedmrt

470 6181 473 6187 ¹
590 6134 778 6255 “ms
790 6207 852 6258 um.
864 6207 891 6257 ιι
903 6201 970 6266 editi,
982 6202 1114 6259 ormnem.

911 860 955 916 DE
974 856 1200 915 bromtonum
1218 853 1356 911 bibulus
1374 856 1419 911 ET
1439 856 1649 924 nouissimus,
1670 856 1698 915 S.
1720 860 1904 917 recusetur

2175 866 2227 920 tto

1441 967 1586 1023 infelicitati
1601 971 1687 1039 potius
1699 969 1878 1039 deputandum
1899 979 1949 1025 est.
1971 974 2011 1026 An
2031 973 2100 1043 quod
2119 965 2225 1046 abipso

1441 1056 1504 1113 fletu
1518 1059 1588 1113 nullu
1600 1074 1646 1112 sua
1660 1061 1772 1122 ratione,
1791 1061 1862 1114 nulla
1878 1060 2032 1130 citiusquam
2048 1064 2223 1131 probibitiono

1439 1149 1635 1215 compescitur?
1649 1150 1683 1202 At
1701 1148 1751 1203 boc
1766 1148 1919 1219 ignorantiae
1932 1159 1983 1215 cst,
2000 1150 2026 1204 in
2041 1167 2092 1221 qua
2112 1153 2221 1221 profrui·

1439 1234 1548 1291 dissime
1564 1236 1645 1305 jacet,
1658 1251 1708 1306 que
1724 1236 1802 1290 etiam
1822 1245 1943 1301 matrem,
1956 1252 2015 1291 curn
2027 1249 2086 1307 post
2099 1241 2221 1311 exiguum

1440 1335 1543 1397 tempus
1556 1328 1676 1393 valuerit,
1698 1328 1809 1396 percutit
1829 1327 1921 1393 iratus,
1938 1337 1965 1382 ιι
1984 1343 2056 1402 sape
2075 1330 2146 1399 ipsas
2167 1333 2225 1402 ejus

1440 1430 1578 1481 mammas,
1593 1431 1658 1486 quas
1671 1416 1733 1470 dum
1745 1416 1836 1481 esurit,
1853 1418 1957 1487 exsugit
1969 1419 1988 1470 ¹.
2004 1418 2065 1472 llsec
2076 1435 2129 1473 nou
2145 1420 2225 1476 modo

1440 1502 1570 1568 feruntur,
1584 1520 1675 1561 verum
1696 1506 1775 1561 etiam
1793 1506 1940 1577 diliguntur
1953 1507 1978 1562 in
1994 1510 2118 1577 parvulis.
2136 1518 2163 1564 et
2176 1511 2226 1567 boc

1439 1608 1492 1664 quo
1513 1593 1625 1658 aflectu,
1646 1596 1696 1649 nisi
1718 1596 1831 1663 carnali,
1847 1595 1993 1665 quoetlam
2014 1598 2083 1655 risus
2094 1599 2226 1669 jocusque

1438 1682 1560 1749 delectat,
1574 1695 1710 1741 acutorum
1720 1701 1825 1757 quoque
1834 1686 1972 1741 bominum
1983 1687 2039 1758 ipsa
2047 1690 2121 1760 quasi
2132 1691 2226 1745 alrsur-

1438 1771 1520 1828 ditate
1532 1773 1653 1829 conditus
1668 1792 1674 1828 :
1689 1776 1733 1844 qui
1746 1776 1767 1829 si
1781 1791 1813 1831 co
1828 1775 1907 1831 medo
1926 1777 2087 1846 sentiretur,
2110 1787 2139 1833 ut
2159 1780 2225 1833 dici-

1439 1871 1491 1929 tur,
1507 1878 1558 1918 nou
1575 1864 1629 1933 ianr
1645 1865 1683 1919 illi
1696 1876 1820 1938 tanquam
1842 1866 1931 1931 faceti,
1950 1869 1996 1923 sed
2016 1877 2140 1939 tanquam
2160 1870 2224 1928 fateri

1439 1951 1603 2006 riderentur?
1616 1952 1689 2022 ipsos
1699 1968 1803 2023 quoquo
1814 1954 1917 2011 fatuos¹
1928 1955 2058 2023 uidemus,
2070 1973 2135 2028 quus
2146 1959 2225 2030 vulgo

1439 2040 1572 2095 moriones
1587 2053 1698 2109 rocam,
1714 2043 1746 2095 od
1762 2032 1930 2098 cordatorum
1952 2045 2061 2101 delicias
2074 2047 2197 2103 adbiberi
2214 2092 2222 2116 ‚

1438 2139 1465 2184 et
1477 2131 1502 2184 in
1518 2132 1706 2201 mancipiorum
1720 2135 1894 2190 estimatione
1905 2136 2072 2205 pretiosiores
2086 2152 2146 2193 esse
2161 2153 2225 2194 eor-

1437 2218 1515 2275 datis.
1539 2221 1650 2275 'fantum
1674 2224 1744 2279 ralet
1757 2225 1993 2280 carrralisaffectus
2012 2226 2091 2280 etiam
2114 2228 2224 2285 minime

1437 2308 1567 2363 fatuarum
1578 2310 1950 2370 indelectationealleuimali.
1966 2315 2031 2370 Nam
2049 2331 2108 2371 cum
2122 2316 2224 2374 bomini

1435 2398 1550 2465 jucunda
1563 2400 1597 2455 sit
1608 2401 1694 2456 aliena
1707 2402 1824 2470 fatuitas,
1840 2407 1890 2459 ιιι
1909 2406 1966 2475 ipse
1987 2414 2074 2461 tamen
2091 2407 2151 2463 talis
2163 2423 2224 2467 esse

1437 2487 1577 2553 voluissem
1595 2498 1623 2544 et
1641 2490 1663 2543 si
1682 2504 1758 2545 suum
1779 2494 1915 2561 paruulum
1935 2494 2031 2561 filium,
2055 2510 2069 2549 a
2093 2511 2146 2567 quo
2159 2512 2222 2567 qar-

1437 2577 1520 2632 riente
1538 2579 1599 2633 talio
1614 2589 1688 2649 pater
1702 2582 1778 2637 letus
1791 2592 1927 2655 exspectat
1945 2594 1972 2641 et
1993 2601 2128 2656 prouocat,
2145 2591 2223 2647 talem

1437 2668 1573 2735 presciret
1585 2668 1700 2725 futurem
1715 2686 1774 2726 esse
1785 2688 1845 2727 cem
1860 2675 1982 2740 creuerit,
1997 2678 2068 2732 nullo
2082 2678 2161 2732 modo
2174 2679 2223 2734 du·

1437 2755 1533 2811 bitaret
1552 2758 1728 2814 miserabilius
1748 2761 1889 2830 lugendum
1908 2777 1967 2819 esse
1984 2780 2062 2835 quam
2077 2775 2221 2825 mortuum.

1437 2844 1488 2900 Sed
1500 2847 1561 2902 dum
1571 2864 1631 2919 spes
1641 2852 1732 2906 subest
1744 2852 1975 2921 incrementorum,
1988 2868 2014 2911 et
2025 2858 2120 2927 ingenii
2131 2859 2222 2915 lumen

1437 2950 1605 2992 accessurum
1625 2942 1742 2995 creditur
1763 2944 1847 2996 astatis
1867 2959 1975 2998 accessu
1991 2987 1998 3012 ,
2015 2949 2045 3003 fit
2057 2957 2085 3003 ut
2102 2950 2223 3005 conuicia

1436 3029 1602 3097 paruulorum
1616 3031 1695 3084 etiem
1711 3032 1736 3085 in
1751 3044 1889 3103 parentes,
1908 3050 1960 3090 non
1986 3036 2071 3089 solum
2092 3037 2222 3105 iniuriose

1436 3130 1488 3170 non
1498 3118 1560 3184 sint,
1574 3134 1665 3173 rerum
1676 3122 1755 3175 etiam
1766 3132 1839 3191 grata
1852 3130 1931 3192 atque
1938 3124 2054 3192 jucunda
2066 3127 2129 3180 sint.
2143 3126 2222 3195 Quod

1435 3206 1541 3275 quidem
1563 3210 1729 3279 prudentium
1752 3226 1830 3265 nemo
1842 3212 2003 3281 probauerit,
2019 3222 2048 3268 ιιι
2061 3231 2076 3269 a
2089 3215 2167 3270 dictis
2180 3218 2222 3273 rel

1436 3295 1511 3351 factis
1524 3296 1672 3367 husjusmodi
1686 3315 1739 3355 non
1750 3309 1852 3355 tanturn
1863 3302 1874 3334 ⁸
1886 3298 1938 3358 noo
1951 3304 2148 3372 prohibeantur,
2160 3321 2222 3363 cunr

1435 3386 1569 3457 prohiberi
1581 3388 1636 3459 jam
1651 3400 1768 3459 possunt,
1785 3408 1876 3447 verum
1890 3394 1915 3448 in
1928 3395 1984 3449 bae
1996 3396 2074 3451 etiam
2085 3398 2223 3454 conciten-

1435 3486 1478 3534 tur
1490 3479 1577 3535 studie
1588 3479 1692 3536 ridendi
1702 3490 1729 3536 et
1739 3484 1855 3539 uanitate
1868 3486 2010 3554 majorum.
2023 3487 2089 3543 Nam
2102 3491 2220 3559 plerum·

1434 3583 1485 3638 que
1506 3569 1549 3623 illa
1572 3578 1636 3624 aetos
1655 3570 1710 3641 jam
1735 3581 1837 3639 patrem
1863 3583 2026 3645 matremque
2049 3592 2220 3649 agnoscens,

1436 3660 1522 3714 neutri
1538 3675 1630 3715 eorum
1639 3661 1718 3718 audet
1729 3663 1897 3732 maledicere,
1911 3666 1961 3720 nisi
1974 3667 2008 3722 ιι
2022 3668 2105 3724 altere
2114 3685 2219 3737 eorum,

1434 3758 1479 3804 ιιιι
1492 3750 1526 3806 ιι
1544 3762 1656 3822 utroque
1669 3753 1708 3808 rel
1724 3755 1852 3823 permissa
1868 3757 1910 3812 rel
1928 3757 2013 3826 jussa.
2040 3759 2137 3815 Verum
2162 3762 2222 3819 bac

1433 3855 1526 3896 eorum
1547 3850 1608 3897 suut
1629 3844 1873 3916 parvulorumque
1892 3847 1947 3916 jam
1962 3848 1987 3902 in
2001 3849 2082 3904 rerba
2097 3865 2221 3919 prorum·

1435 3942 1508 4001 punt,
1529 3941 1556 3988 et
1578 3934 1658 3988 enimi
1680 3931 1721 3990 sei
1743 3945 1829 3992 motus
1847 3938 2080 4009 qualibuscumque
2101 3940 2221 4011 linque·

1433 4032 1584 4092 promptare
1596 4022 1650 4092 jam
1663 4034 1782 4093 possunt.
1799 4024 1871 4080 illam
1885 4028 1972 4096 potius
1982 4030 2127 4085 recentium
2141 4040 2220 4086 nuto·

1434 4128 1491 4166 rum
1506 4112 1737 4182 profundissimam
1762 4115 1936 4185 ignorantiam
1959 4119 2105 4188 rideamus,
2119 4137 2151 4175 ιι
2167 4136 2220 4192 qua

1433 4200 1466 4255 ad
1480 4202 1557 4256 istum
1572 4217 1623 4257 rron
1639 4218 1837 4273 permansuram
1854 4205 2043 4263 balbutientem
2058 4208 2218 4276 fatuitatem,

1433 4297 1556 4360 tanquam
1574 4291 1606 4346 ad
1622 4293 1759 4348 scientiam
1771 4294 1981 4367 locutionemque
1994 4297 2142 4366 tendentes,
2154 4315 2220 4369 pre·

1434 4381 1546 4436 frciendo
1562 4394 1698 4438 uenerunt.

1466 4469 1578 4526 curet
1597 4472 1716 4527 xxxvl.
1730 4503 1766 4515 -
1784 4475 1827 4529 ot.
1844 4473 1883 4528 fle
1901 4475 2037 4546 infantium
2060 4481 2218 4547 reuerentia,

1433 4570 1457 4615 et
1471 4561 1539 4616 tendo
1563 4563 1605 4617 rit.
1629 4563 1700 4630 illas,
1726 4568 1843 4634 inquam,
1869 4568 2067 4623 consideremus
2091 4572 2219 4626 tenebras

1433 4651 1529 4706 mentis
1541 4653 1631 4722 utique
1648 4654 1799 4722 rationalis,
1814 4655 1839 4709 in
1856 4656 1952 4725 quibus
1965 4667 1993 4713 et
2008 4657 2091 4713 Deum
2109 4675 2220 4728 prorsus

1433 4740 1562 4810 ignorant,
1578 4742 1653 4811 cujus
1667 4744 1846 4800 sacramentis
1866 4746 1947 4800 etiarn
1967 4761 2026 4800 cum
2051 4748 2220 4817 baptizantur

1431 4832 1584 4886 obsistunt:
1605 4834 1630 4887 in
1645 4833 1694 4888 bas
1713 4850 1804 4904 quaero
1826 4835 1896 4890 unde
1915 4844 1943 4890 ct
1962 4836 2068 4907 quaudo
2085 4839 2218 4896 submersi

1431 4922 1493 4976 siut.
1510 4922 1582 4977 ltauc
1594 4938 1657 4978 sero
1671 4939 1716 4979 eas
1729 4924 1773 4979 bie
1785 4934 1982 4991 contmxerunt,
2002 4935 2029 4980 ιι
2050 4928 2075 4981 ιιι
2099 4928 2149 4982 bac
2164 4931 2217 4982 uita

1431 5028 1479 5068 sua
1491 5013 1545 5083 jem
1561 5017 1665 5083 propria
1679 5016 1848 5084 pernimiam
1863 5019 2048 5087 negligentiam
2066 5018 2140 5072 obliti
2154 5030 2219 5074 sunt

1433 5103 1524 5166 ιιιιιιιι,
1549 5105 1691 5173 prudentes
1708 5121 1770 5159 rero
1793 5117 1820 5162 ιι
1844 5108 1957 5177 religiosi
1981 5110 2101 5161 vixerunt
2117 5111 2167 5163 ‘sei
2191 5111 2217 5165 ln

1432 5192 1512 5247 uteris
1525 5194 1655 5246 rnatrumf
1670 5195 1760 5248 Dicent
1778 5196 1826 5249 ism
1847 5196 1892 5265 qui
1911 5196 1968 5249 ansi
1988 5194 2095 5262 fuerint,
2109 5197 2219 5253 audiant

1430 5282 1474 5352 qui
1489 5281 1629 5348 refereriut,
1643 5283 1753 5338 credant
1764 5286 1808 5354 qui
1822 5286 1955 5355 potuerint
1965 5303 1971 5337 :
1980 5299 2030 5354 eqo
2040 5294 2128 5339 aretem
2142 5298 2216 5353 puris,

1430 5373 1500 5442 quod
1523 5388 1616 5428 onures
1632 5390 1743 5446 quorum
1765 5386 1867 5430 rnernes
1891 5392 1942 5432 non
1966 5377 2104 5431 obnubilat
2121 5378 2217 5431 deferr-

1430 5461 1523 5516 dendm
1547 5477 1602 5518 sure
1628 5466 1767 5522 sententie
1791 5467 1958 5534 prrieacia,
1978 5467 2035 5521 irasc
2049 5468 2217 5522 scoticorum

1431 5557 1550 5620 possem.
1571 5554 1612 5607 An
1637 5556 1737 5611 uullurn
1757 5566 1798 5611 est
1813 5557 1966 5626 iqrrorautiae
1980 5557 2087 5622 malum,
2110 5567 2137 5612 ot
2157 5560 2218 5614 ideo

1461 5667 1470 5698 ¹
1488 5666 1598 5730 rtenque
1606 5676 1669 5728 tiss..
1681 5684 1733 5731 pro,
1745 5671 1850 5743 ersupit,
1862 5671 1961 5730 babent,
1971 5669 2056 5735 eripit·
2122 5731 2128 5743 ,

1460 5731 1538 5778 ¹lres
1546 5728 1655 5781 ῦιιιιιιιιι
1666 5735 1819 5795 marruseriptr
1826 5732 1888 5793 loeo,
1898 5733 1985 5795 fatuos,
1994 5734 2094 5793 babeat,
2104 5742 2217 5784 serratos.

1431 5789 1488 5837 tide
1496 5801 1576 5851 supra,
1589 5805 1613 5839 n.
1626 5791 1664 5847 ιι.
1676 5793 1723 5843 ml.
1735 5795 1786 5842 ιιι.

1462 5850 1472 5881 ³
1489 5857 1550 5908 ntes..
1562 5859 1620 5901 ante
1630 5864 1677 5901 uon
1687 5853 1865 5916 prohibeantur,
1876 5855 1999 5913 omittunt,
2011 5866 2057 5903 non
2068 5859 2169 5903 tmrtrmr.

1461 5909 1472 5940 ⁸
1488 5911 1529 5959 ttie
1545 5912 1602 5961 editi
1618 5925 1646 5961 ac
1657 5916 1809 5977 mamrseripti
1825 5915 1931 5963 monulfi
1953 5917 2059 5974 addunt,
2069 5913 2153 5977 siquos.
2163 5915 2218 5965 ‘ulti

1429 5970 1525 6033 quidem
1535 5979 1596 6031 ιιι,
1608 5970 1714 6023 dedices.
1727 5983 1839 6024 neutrum
1851 5977 1942 6025 babeat
1954 5977 2103 6038 antiquiores
2111 5977 2218 6035 codices,

1429 6031 1485 6093 quia
1497 6029 1624 6094 eleganter
1641 6035 1798 6094 subauditur,
1811 6034 1919 6087 nutibus.
1937 6042 1969 6085 Ει
1986 6037 2071 6085 lisdem
2087 6040 2219 6085 maetrscri-
2307 6062 2315 6077 ·

1429 6095 1475 6153 ptis
1491 6093 1538 6141 buc
1548 6108 1689 6144 revocemus
1701 6098 1818 6153 verbum,
1830 6103 1984 6161 prmrpture,·
1996 6111 2039 6159 pro
2053 6111 2102 6160 quo
2117 6098 2142 6146 in
2160 6106 2218 6147 aute

1431 6155 1527 6202 excursis
1538 6163 1604 6210 erat,
1620 6157 1783 6225 protreptitare.
1803 6164 1828 6207 lu
1849 6159 1974 6208 corbeiensi
1993 6158 2218 6220 nuguniuineorurn

1430 6213 1513 6261 redico
1523 6214 1620 6276 legitur,
1630 6224 1769 6275 prorurture.
