5592 7350
586 976 658 1030 enim
676 973 711 1029 de
726 971 804 1039 telle,
819 986 867 1026 uec
886 969 919 1024 de
937 981 1006 1032 osse,
1028 963 1077 1020 sed
1095 960 1277 1018 tantummodo
1298 958 1330 1014 de
1347 974 1378 1013 en

584 1065 657 1136 quud
677 1074 765 1134 potest
786 1076 862 1126 csse,
882 1058 1059 1113 disseritur.»

618 1153 732 1211 CAPUT
747 1151 778 1207 l.
791 1180 826 1191 -
839 1150 866 1205 d.
883 1149 951 1203 Ecce
969 1157 1009 1202 est
1025 1154 1108 1201 totum
1124 1142 1219 1213 dogma
1237 1139 1338 1210 Pelagii
1354 1139 1379 1191 in

585 1246 655 1304 libro
669 1247 726 1316 eins
742 1242 820 1300 tertio
835 1256 883 1312 pro
896 1239 992 1294 Libero
1007 1236 1133 1301 Arbitrio,
1148 1234 1189 1288 bis
1201 1236 1310 1287 omnino
1322 1245 1381 1285 rer·

584 1338 630 1395 bia
639 1338 780 1407 diligenter
790 1347 956 1403 expressum,
967 1344 1020 1400 quo
1032 1330 1080 1383 tria
1094 1328 1154 1391 ista,
1167 1339 1249 1379 unnm
1260 1322 1331 1393 quod
1341 1331 1382 1375 εει

586 1444 675 1500 posse,
689 1430 802 1484 alterum
817 1425 887 1496 qnod
902 1434 943 1480 est
958 1421 1036 1486 telle,
1052 1420 1159 1475 tertium
1174 1414 1245 1487 quod
1257 1422 1380 1477 estesse,

584 1519 673 1585 idest,
685 1518 904 1589 possibilitatem,
915 1515 1086 1575 uoluntatem,
1099 1509 1243 1571 actionem,
1254 1511 1326 1558 tanta
1335 1517 1382 1556 eu·

584 1606 654 1662 rarit
664 1607 810 1662 subtilitate
818 1597 1251 1674 distinguere,utquandocumque
1259 1593 1381 1663 legimus,

585 1698 628 1754 nt
642 1696 774 1763 audimus,
788 1696 884 1749 dirime
898 1696 988 1763 gratim
1003 1689 1161 1758 adjutorium
1176 1685 1308 1747 conditori,
1325 1692 1353 1738 ut
1368 1698 1381 1735 n

587 1790 658 1843 trralo
668 1786 835 1842 declinemus
849 1783 1002 1851 bonumque
1014 1780 1152 1845 incisurus,
1164 1778 1220 1832 sire
1235 1778 1260 1829 in
1274 1777 1331 1846 lege
1343 1781 1384 1828 at·

586 1893 639 1949 que
656 1877 795 1942 doctrina,
811 1875 868 1930 sive
885 1873 998 1927 ubilibet
1014 1870 1172 1932 constituat,
1189 1868 1304 1922 sciamus
1321 1864 1384 1936 qnid

587 1969 719 2039 loquitnr;
734 1982 783 2021 nce
798 1979 935 2028 erremus,
951 1962 1028 2016 aliter
1044 1976 1104 2015 eura
1120 1956 1291 2026 intelligendo
1304 1970 1384 2025 <puram

586 2059 679 2115 aetatit.
700 2058 775 2113 Scire
790 2057 888 2126 quippe
902 2053 1048 2116 debemus,
1063 2050 1134 2122 qnod
1153 2064 1203 2106 nec
1221 2049 1384 2103 voluntatem

587 2159 721 2213 nostram,
742 2161 792 2202 uec
811 2145 945 2200 actionem
962 2143 1052 2198 divino
1070 2140 1188 2211 adjurari
1206 2139 1291 2195 eredit
1308 2137 1384 2191 auxi-

589 2241 636 2303 lio,
652 2239 699 2295 sed
714 2239 798 2294 sulam
814 2236 1016 2308 possibilitatem
1036 2233 1178 2290 voluntatis
1193 2240 1273 2303 atque
1285 2230 1384 2301 operis,

588 2345 668 2400 qnam
682 2328 766 2384 solam
783 2329 810 2382 in
824 2327 865 2381 bis
880 2327 963 2381 tribus
976 2340 1025 2380 nos
1037 2323 1135 2379 babere
1148 2322 1261 2377 allarmat
1274 2337 1307 2375 ex
1320 2321 1384 2383 beo,

589 2427 717 2489 tanquam
733 2417 784 2471 boe
798 2417 832 2471 sit
848 2416 998 2481 ind'rmnm,
1014 2413 1085 2485 quod
1101 2413 1171 2469 Deus
1186 2413 1242 2482 ipse
1257 2410 1344 2482 posuit
1359 2409 1386 2464 iu

591 2518 704 2576 natura;
719 2522 815 2564 caetera
834 2523 898 2563 rero
912 2507 965 2562 duo
980 2522 1039 2575 quae
1058 2513 1147 2560 nostra
1162 2519 1221 2559 esse
1236 2502 1335 2569 soluit,
1351 2502 1386 2556 ita

590 2600 646 2655 sint
661 2599 747 2667 brma,
763 2608 789 2653 ει
803 2598 891 2662 lortia,
905 2606 932 2651 ct
946 2596 996 2651 sibi
1011 2594 1180 2659 sullicicntia,
1195 2602 1223 2648 ut
1235 2592 1307 2647 nullo
1321 2592 1388 2646 indi·

591 2699 672 2762 geant
690 2690 748 2760 ejus
761 2688 878 2752 auxilio;
895 2697 922 2743 et
941 2687 1001 2741 ideo
1021 2700 1073 2740 non
1091 2684 1198 2755 adjuret
1216 2692 1243 2737 ut
1257 2681 1386 2748 uelimus,

590 2797 644 2837 non
657 2782 764 2852 adjuvet
783 2791 812 2835 ut
829 2795 952 2852 agamus.
969 2778 1017 2833 sed
1038 2775 1220 2832 tandummodo
1234 2774 1342 2846 adiuvet
1359 2776 1388 2827 ut

592 2872 660 2929 relle
670 2882 697 2929 et
706 2886 785 2943 agere
795 2871 938 2926 ralearnus.
950 2863 1048 2925 Contra
1061 2879 1150 2924 autem
1161 2868 1313 2938 Apostolus,
1325 2866 1388 2919 dein

593 2964 698 3029 timore,
714 2962 812 3031 inquit,
828 2972 851 3017 et
869 2970 1100 3015 annumerabant
1118 2961 1229 3029 ipsorum
1249 2952 1389 3029 opermnini

593 3051 804 3109 attrebatum
824 3052 940 3115 scirent,
958 3051 1019 3120 qula
1040 3065 1091 3103 tton
1108 3057 1208 3103 tantum
1226 3049 1251 3101 iu
1270 3046 1389 3117 eoquod

592 3144 698 3214 operari
714 3143 816 3213 possint
826 3141 888 3213 (ltoc
899 3142 970 3196 enim
985 3142 1010 3195 iu
1024 3149 1117 3195 natura
1129 3148 1156 3194 ct
1167 3140 1192 3193 in
1206 3138 1324 3194 doctrina
1333 3139 1388 3209 jam

592 3235 777 3307 acceperant),
794 3234 841 3289 scd
856 3233 936 3289 ctiam
952 3231 977 3286 in
992 3246 1024 3286 co
1039 3230 1109 3302 quod
1124 3238 1279 3301 operantur,
1294 3229 1388 3285 divini·

594 3336 636 3382 tus
650 3326 818 3397 adjurantur,
837 3341 889 3379 nnn
905 3326 956 3390 ait,
972 3324 1041 3378 Deus
1056 3331 1097 3378 εει
1114 3324 1184 3378 enim
1203 3323 1247 3394 qui
1265 3333 1390 3392 operatur

593 3415 709 3474 intubis
722 3433 817 3489 posse,
833 3428 955 3487 tanquam
976 3417 1024 3486 ipsi
1039 3417 1094 3486 jam
1110 3425 1136 3471 et
1153 3416 1222 3471 velle
1239 3425 1265 3470 et
1284 3418 1390 3485 operari

594 3522 643 3580 per
654 3522 685 3565 se
698 3509 770 3579 ipsus
783 3509 907 3572 babeant,
921 3523 970 3562 nec
984 3508 1010 3562 in
1023 3506 1064 3562 lais
1075 3508 1177 3563 dnobus
1189 3507 1320 3577 adjutorio
1331 3508 1389 3579 ejus

575 3623 581 3630 ·
595 3602 746 3673 indigeant;
763 3602 810 3656 sed
825 3602 870 3665 ait,
886 3600 955 3653 Deus
971 3601 1037 3654 eninr
1051 3611 1085 3654 rat
1098 3602 1141 3671 qul
1153 3610 1270 3670 operatur
1283 3602 1310 3655 t'n
1322 3603 1389 3655 rubia

595 3704 618 3749 et
631 3692 694 3748 aelle
704 3703 726 3747 et
739 3693 859 3765 perlicere
875 3690 1004 3763 (Philipp.
1016 3707 1045 3758 n,
1062 3692 1095 3746 lb
1108 3701 1131 3745 et
1148 3690 1208 3760 ta);
1224 3693 1264 3746 ret
1279 3694 1349 3747 sicut
1363 3694 1389 3748 lu

595 3783 654 3839 aliis
673 3792 700 3837 ct
721 3782 835 3836 inaximo
855 3781 948 3851 graecis
968 3780 1104 3836 codicillus
1125 3780 1230 3851 legitur,
1246 3791 1269 3835 et
1289 3782 1350 3836 aelle
1366 3793 1390 3837 rt

595 3874 695 3945 operari
704 3871 753 3945 lu).
762 3871 856 3927 l'idctc
870 3871 893 3926 si
906 3885 959 3925 non
970 3871 1112 3940 Apostolus
1124 3873 1216 3941 gratiae
1226 3872 1273 3927 Dei
1288 3874 1390 3929 futuros

595 3965 763 4022 adversarios
776 3971 871 4018 saneto
884 3962 983 4033 Spiritu
995 3971 1067 4016 tantu
1078 3971 1139 4017 ante
1152 3962 1282 4034 prandit,
1294 3973 1321 4020 et
1334 3964 1391 4020 bare

596 4057 666 4124 duo,
683 4057 708 4111 id
722 4064 780 4122 εει,
794 4063 821 4109 ει
835 4054 903 4110 telle
920 4046 947 4109 et
963 4052 1083 4123 operari,
1099 4068 1158 4123 qum
1177 4054 1226 4108 iste
1246 4054 1281 4109 ita
1300 4062 1390 4109 nostra

595 4163 657 4204 este
670 4147 764 4214 voluit,
779 4153 902 4216 tanquam
918 4146 973 4215 ipsa
987 4143 1083 4199 dirime
1096 4143 1187 4214 gratiae
1200 4160 1252 4199 tion
1266 4145 1392 4215 adjuren-

493 4301 498 4310 ,
597 4247 641 4295 tttr
655 4238 763 4304 auxilio,
779 4238 861 4293 Deum
878 4237 904 4291 ln
919 4236 996 4292 nobis
1010 4237 1076 4291 dixit
1090 4238 1204 4306 operari.

632 4328 745 4386 catut
754 4327 797 4383 l'l.
808 4357 841 4368 -
849 4327 877 4384 t.
886 4326 978 4397 Neque
989 4326 1050 4383 binc
1058 4326 1178 4397 Pelagius
1189 4328 1308 4383 incautos
1319 4326 1393 4383 lallat

596 4433 624 4482 et
638 4425 782 4494 simplices,
798 4423 838 4479 rel
854 4423 932 4478 etiam
948 4438 977 4477 se
993 4422 1089 4491 ipsum,
1102 4422 1227 4491 quoniam
1239 4437 1299 4478 cum
1312 4421 1393 4478 ditis·

598 4528 651 4588 εει,
669 4537 678 4571 r
697 4517 768 4588 lingo
785 4518 810 4569 in
826 4515 961 4568 ruluntate
975 4522 1002 4567 ct
1016 4527 1096 4583 opere
1115 4514 1185 4568 bono
1200 4513 1258 4568 laus
1278 4513 1393 4568 bominis

598 4620 658 4678 θείς
677 4628 687 4663 ι
703 4610 776 4665 relut
790 4607 906 4664 correxit
919 4616 999 4676 atque
1011 4605 1123 4672 addidit,
1140 4624 1149 4657 r
1167 4604 1223 4660 lmo
1238 4613 1264 4660 ct
1278 4605 1393 4662 bominis

598 4701 698 4757 ellici.
719 4718 728 4751 r
746 4697 804 4753 Non
820 4697 891 4753 enim
907 4695 958 4750 boc
972 4704 1111 4766 propterca
1126 4695 1207 4759 dixit,
1222 4695 1283 4765 quia
1298 4709 1393 4750 sccun-

599 4784 662 4846 dum
676 4805 767 4845 sanam
780 4778 928 4844 doctrinam
941 4786 1050 4858 intelligi
1065 4786 1156 4852 voluit,
1168 4787 1239 4856 qnod
1252 4797 1279 4842 et
1289 4759 1356 4842 ville
1367 4795 1394 4841 ct

599 4883 704 4953 operari
720 4883 789 4937 [leus
802 4890 926 4951 operetur
940 4881 965 4934 in
981 4879 1056 4934 nobis
1073 4897 1079 4932 :
1095 4880 1142 4934 scd
1157 4895 1205 4934 cur
1218 4878 1269 4934 boc
1282 4880 1393 4946 dixerit,

599 4974 665 5028 satis
680 4963 819 5039 evidenter
831 4968 957 5037 ostendit,
973 4972 1099 5026 continuo
1113 4971 1305 5042 sulqnngendo,
1322 4990 1331 5023 r
1349 4971 1394 5041 qui

601 5066 685 5137 ipsius
697 5058 839 5122 uoluntatis
848 5073 876 5119 et
888 5065 975 5134 operis
985 5064 1186 5134 possibilitatem
1199 5064 1281 5120 dedit.
1298 5082 1309 5117 a
1323 5065 1395 5120 llauc

600 5166 690 5212 autem
702 5155 902 5226 possibilitatem
917 5155 943 5209 in
957 5164 1049 5208 natura
1063 5170 1123 5209 eum
1140 5171 1249 5224 ponere,
1263 5156 1296 5210 de
1308 5157 1395 5211 serbis

601 5249 660 5318 ejus
674 5245 855 5317 superioribus
869 5244 969 5299 clarum
984 5254 1034 5299 est.
1051 5243 1103 5299 Sed
1124 5260 1156 5299 ne
1177 5244 1240 5299 nibil
1261 5245 1294 5300 de
1312 5246 1395 5316 gratia

600 5336 701 5395 dixisse
713 5337 857 5400 rideretur,
871 5333 1008 5405 adjunxit,
1027 5352 1037 5386 r
1055 5335 1151 5405 quique
1166 5335 1249 5405 ipsam
1262 5338 1396 5407 possibili·

601 5438 683 5487 tatem
693 5431 786 5501 gratiae
797 5443 852 5484 suae
863 5427 969 5496 atljutat
988 5441 1093 5496 semper
1108 5428 1206 5481 auxilio
1221 5446 1228 5481 :
1248 5447 1257 5480 a
1274 5444 1326 5483 nou
1341 5430 1394 5504 ait,

600 5521 688 5592 ipsam
702 5520 881 5578 voluntatem.
898 5516 957 5583 rel,
974 5515 1059 5587 ipsam
1077 5517 1275 5587 operationem
1291 5515 1396 5587 quodsi

601 5614 717 5676 diceret,
733 5627 786 5667 nun
801 5611 946 5665 abborrcre
963 5626 977 5664 a
992 5609 1113 5665 doctrina
1129 5611 1275 5681 apostolica
1290 5611 1396 5668 ridere·

602 5712 645 5760 tur
660 5723 667 5760 :
683 5704 730 5759 scd
743 5705 793 5769 nit,
811 5722 820 5755 r
841 5703 924 5772 ipsam
938 5701 1157 5772 possibilitatem,
1175 5701 1262 5756 aittud
1275 5702 1397 5757 uidelicet

601 5794 734 5852 extribus
750 5793 820 5865 equod
836 5795 862 5848 in
876 5802 970 5848 natura
990 5792 1100 5857 locarit,
1116 5809 1126 5844 t
1144 5793 1236 5862 gratim
1250 5807 1305 5847 suae
1320 5794 1396 5863 adju·

514 5886 518 5893 ’
604 5896 649 5943 tat
660 5901 765 5954 semper
775 5884 890 5939 atrrilio:
907 5902 916 5936 a
930 5892 958 5962 nt
968 5883 1067 5938 seilicet
1077 5883 1103 5938 in
1114 5883 1248 5937 voluntate
1258 5891 1284 5937 et
1294 5887 1397 5938 actione

604 5993 656 6035 aon
668 5977 728 6032 idco
739 5976 796 6030 laus
809 5976 843 6031 sit
853 5984 879 6032 et
892 5975 936 6030 bei
946 5982 973 6029 et
983 5974 1108 6042 bominis,
1119 5974 1180 6045 quia
1190 5975 1229 6030 sic
1239 5974 1295 6029 vult
1307 5976 1395 6043 borno,

604 6076 633 6125 ut
645 6078 732 6121 tamen
748 6068 816 6120 bears
831 6064 959 6120 rnlnntati
973 6064 1030 6135 ejus
1046 6065 1169 6121 ardorem
1188 6065 1338 6121 dilectionis
1356 6066 1397 6119 in-

602 6159 703 6230 spiret;
719 6165 745 6210 et
758 6155 796 6209 sic
809 6164 934 6225 operatur
947 6154 1044 6224 homo,
1061 6166 1090 6212 ut
1105 6167 1193 6212 tamen
1212 6157 1283 6212 Deus
1299 6171 1398 6227 coupe·
1467 6157 1469 6161 ’

634 6271 673 6338 (ιι)
686 6277 781 6332 cruce,
792 6276 816 6320 tn
826 6267 944 6333 ertcrqcitt.

1207 847 1236 905 S.
1253 842 1437 903 attested
1458 839 1610 900 estseot‘l

2176 839 2231 898 sot

1436 967 1520 1022 retur,
1535 954 1594 1010 sine
1608 953 1684 1024 cnjus
1700 951 1830 1023 adjutorio
1849 953 1912 1023 qnid
1930 958 1972 1008 cst
1986 951 2086 1008 bomar
2103 951 2150 1008 sod
2170 952 2232 1008 ideo

1434 1045 1466 1098 ad
1481 1044 1549 1100 banc
1563 1043 1668 1099 laudem
1681 1043 1800 1115 adjunxit
1819 1052 1845 1099 ει
1866 1043 1966 1109 buum,
1981 1042 2043 1113 quia
2066 1043 2115 1098 nisi
2135 1053 2228 1099 natura

1434 1148 1505 1192 essct
1518 1136 1544 1192 in
1558 1152 1609 1208 qua
1625 1152 1674 1191 nos
1686 1134 1821 1202 condidit,
1837 1150 1888 1207 qua
1905 1135 1974 1191 t‘clle
1991 1142 2018 1191 et
2036 1150 2115 1207 agere
2134 1149 2230 1205 posse·

1435 1240 1505 1287 natas.
1520 1240 1570 1280 nce
1582 1226 1722 1292 vellemus,
1739 1240 1789 1280 nec
1802 1240 1952 1295 ageremus.

1470 1316 1496 1370 8.
1514 1316 1587 1371 lianc
1601 1325 1689 1371 autem
1709 1316 1856 1371 naturalem
1874 1314 2075 1385 possibilitatem
2094 1317 2165 1387 quad
2182 1317 2231 1370 ad·

1432 1406 1519 1476 iurari
1535 1407 1582 1461 bei
1595 1408 1679 1476 gratia
1692 1406 1842 1473 conlitctur,
1858 1423 1910 1462 uon
1928 1417 1970 1464 est
1990 1409 2033 1464 bic
2052 1418 2174 1480 apertum
2191 1413 2231 1465 rel
2274 1405 2277 1409 ’

1435 1514 1514 1567 rpaarn
1528 1498 1598 1554 dicat
1611 1500 1737 1569 gratiam,
1754 1499 1795 1554 rel
1810 1510 1942 1569 quatenus
1953 1516 1984 1556 ca
2000 1512 2121 1557 naturam
2135 1506 2230 1561 sentiat

1435 1590 1554 1658 adjttrari
1568 1589 1578 1643 τ’
1589 1591 1635 1645 sed
1648 1592 1715 1645 sicut
1728 1592 1785 1646 aliis
1799 1591 1875 1659 locis,
1889 1594 1914 1647 in
1926 1595 2022 1663 quibus
2032 1596 2182 1653 euidentius
2193 1600 2231 1655 lo·

1436 1681 1536 1750 quitur,
1552 1681 1660 1751 intelligi
1675 1690 1770 1751 potest,
1786 1699 1838 1737 non
1853 1684 1909 1738 rult
1919 1686 1991 1740 aliud
2003 1687 2086 1758 accipi
2098 1704 2179 1759 quam
2193 1691 2232 1747 lc·

1436 1786 1495 1841 gem
1510 1781 1588 1841 atquc
1602 1771 1760 1839 doctrinam,
1776 1788 1827 1844 qua
1840 1776 1969 1831 naturalis
1981 1779 2142 1847 possibilitas
2155 1782 2232 1853 adju·

1437 1872 1523 1918 uetur.

1471 1951 1584 2010 catut
1595 1952 1758 2009 lille-Nam
1770 1956 1884 2027 quodam
1897 1956 1957 2014 loco
1966 1960 2021 2015 ait:
2036 1979 2046 2014 t
2060 1961 2110 2019 llic
2121 1977 2170 2020 nos
2181 1969 2232 2020 lm·

1437 2042 1591 2114 peritissimi
1611 2043 1748 2100 bominum
1768 2056 1861 2116 putant
1880 2048 2004 2119 injuriam
2024 2050 2122 2108 divinae
2140 2058 2232 2125 gratie

1438 2130 1539 2204 lacere,
1548 2134 1610 2204 quia
1619 2134 1732 2191 dicimus
1742 2151 1801 2192 eam
1811 2138 1870 2194 sine
1881 2140 2017 2197 voluntate
2029 2154 2119 2199 nostra
2133 2160 2233 2216 nequa-

1438 2238 1516 2291 quam
1529 2225 1555 2278 in
1569 2224 1646 2279 nobis
1659 2226 1788 2296 perlicere
1802 2232 1968 2286 sanctitatem
1981 2252 1988 2288 :
2001 2236 2076 2304 quasi
2089 2239 2159 2292 bens
2171 2254 2233 2308 gra-

1439 2312 1482 2368 tiae
1496 2328 1551 2369 strae
1565 2315 1662 2387 aliquid
1676 2317 1854 2388 imperaverit,
1868 2332 1895 2376 et
1906 2338 1959 2377 uon
1973 2323 2025 2378 illis
2039 2326 2135 2395 quibas
2149 2329 2233 2396 impc-

1439 2403 1605 2468 resitetiam
1616 2408 1707 2477 gratiae
1717 2424 1771 2464 suae
1781 2410 1909 2467 auxilinm
1919 2414 2110 2483 subministret,
2122 2429 2151 2474 ut
2161 2420 2232 2490 «prod

1440 2507 1488 2562 per
1500 2493 1612 2549 liberunt
1634 2496 1755 2553 ltomincs
1766 2498 1854 2557 lacere
1865 2501 1992 2572 jubentur
2006 2507 2155 2575 arbitrium,
2170 2510 2234 2566 brei-

1441 2583 1490 2637 lius
1504 2594 1611 2654 possent
1624 2588 1734 2658 implere
1748 2607 1795 2661 per
1807 2594 1930 2661 gratiam.
1945 2613 1956 2648 a
1971 2595 2004 2673 Et
2015 2606 2138 2669 utraquam
2149 2602 2234 2671 capli-

1441 2685 1547 2731 caturns
1557 2693 1635 2747 quam
1646 2679 1715 2735 dicat
1726 2683 1849 2751 gratiam,
1862 2694 1969 2741 secutus
1978 2687 2107 2757 adiunxit,
2119 2691 2231 2748 dicens:

1445 2785 1454 2818 t
1469 2766 1553 2836 Quam
1570 2786 1617 2825 nos
1632 2787 1702 2839 non,
1719 2782 1747 2827 ut
1765 2783 1792 2829 tu
1810 2786 1904 2845 putas,
1919 2777 1946 2832 in
1961 2779 2019 2850 lege
2035 2783 2232 2852 tantummodo,

1440 2856 1488 2910 sed
1507 2866 1535 2912 et
1553 2858 1578 2911 iu
1597 2859 1643 2914 bei
1660 2876 1720 2917 esse
1738 2863 1870 2934 adjutorio
1888 2867 2057 2925 confitemur.
2076 2889 2086 2924 t
2101 2872 2234 2941 Quisnam

1442 2945 1485 3002 bie
1494 2947 1628 3005 desideret
1640 2960 1669 3005 ut
1681 2955 1803 3009 ostendat
1815 2971 1894 3026 quam
1907 2960 1970 3013 vetit
1983 2961 2091 3033 intelligi
2103 2966 2235 3033 gratiam?

1441 3035 1554 3108 Propter
1563 3039 1613 3095 boc
1622 3040 1693 3095 enim
1705 3045 1819 3101 maxime
1829 3045 1862 3101 de
1874 3048 1920 3103 illo
1929 3061 2084 3120 exspectare
2093 3055 2233 3125 debemus,

1441 3139 1471 3185 ut
1482 3130 1552 3186 dicat
1566 3133 1617 3188 boc
1629 3133 1701 3205 quod
1714 3136 1778 3191 dicit
1789 3139 1808 3205 ¹,
1825 3154 1877 3194 uon
1893 3141 1919 3195 in
1934 3141 1992 3212 lege
2008 3148 2191 3201 tantummodo
2205 3163 2235 3203 se
2258 3184 2264 3193 -

1441 3221 1551 3291 gratiam
1562 3223 1692 3280 confiteri.
1708 3226 1760 3282 Sed
1771 3228 1848 3283 nobis
1858 3230 1907 3285 bac
1916 3235 2114 3302 exspectatione
2122 3252 2236 3307 snspen-

1441 3312 1495 3379 sis,
1513 3313 1576 3383 quid
1593 3315 1725 3372 addiderit
1744 3318 1882 3374 intuemini
1903 3340 1910 3376 ι
1930 3339 1940 3373 r
1961 3322 2075 3392 adjuvat
2093 3326 2164 3381 eninr
2185 3344 2235 3382 uras

1442 3402 1522 3471 Deus,
1539 3405 1657 3476 »inquit
1672 3426 1681 3460 r
1696 3424 1743 3478 per
1753 3411 1900 3467 doctrinam
1910 3422 1938 3468 et
1948 3417 2135 3473 revelationem
2147 3434 2233 3487 stram,

1441 3494 1504 3550 dunt
1517 3499 1606 3554 cordis
1620 3503 1705 3556 nostri
1717 3504 1809 3559 oculos
1822 3507 1923 3575 aperit;
1939 3507 2002 3563 dnm
2017 3510 2104 3575 trabis,
2119 3527 2153 3566 ne
2167 3528 2235 3581 prac-

1441 3590 1562 3645 sentibus
1575 3607 1748 3662 occupemur,
1764 3594 1851 3651 lutura
1866 3598 2045 3668 demonstran
2059 3601 2121 3656 dum
2137 3604 2234 3659 diaboli

1441 3684 1533 3753 pandit
1546 3686 1668 3752 insidias3
1682 3688 1746 3743 dum
1762 3705 1810 3744 nos
1823 3692 1977 3747 rmrltilnrmi
1990 3704 2016 3749 ct
2030 3695 2152 3750 ittellabili
2163 3696 2235 3752 dotto

1441 3776 1533 3844 gratiae
1550 3778 1667 3832 eoelestis
1686 3779 1826 3836 illuminat.
1843 3800 1854 3835 a
1872 3782 1971 3838 beinde
1987 3787 2144 3840 sententiam
2159 3804 2234 3841 sunm

1442 3868 1554 3936 quadum
1570 3871 1640 3925 relut
1652 3871 1817 3929 absolutionc
1829 3875 1991 3931 concludens
2007 3894 2013 3929 :
2032 3894 2042 3929 t
2060 3876 2110 3943 Qui
2126 3880 2182 3933 lime
2195 3880 2235 3932 di·

1442 3958 1488 4025 cit,
1505 3975 1515 4010 ι
1531 3958 1627 4029 inquit,
1643 3979 1652 4012 t
1670 3963 1781 4032 gratiam
1798 3964 1843 4019 tibi
1858 3965 1963 4020 ridetur
1977 3968 2090 4037 negaret
2105 3969 2145 4023 bn
2160 3978 2187 4024 et
2201 3969 2234 4022 li-

1442 4047 1536 4105 berum
1549 4049 1664 4108 bominis
1676 4054 1824 4123 arbitrium,
1836 4066 1862 4112 et
1874 4058 1919 4113 Dei
1929 4060 2040 4130 gratiam
2053 4061 2232 4116 conlitetnrla

1443 4138 1472 4194 lu
1493 4139 1535 4196 bis
1554 4143 1675 4198 omnibus
1693 4160 1745 4200 non
1767 4147 1877 4202 recessit
1890 4164 1905 4202 a
1920 4150 2151 4207 commendatione
2171 4153 2236 4220 legis

1442 4239 1523 4303 atque
1537 4234 1678 4303 doctrinae,
1695 4235 1763 4293 hauc
1780 4254 1839 4294 csse
1856 4240 2024 4311 adlevantem
2042 4243 2153 4312 gratiam
2173 4243 2236 4297 dili-

1443 4335 1536 4396 genter
1548 4329 1693 4398 inculcans,
1708 4342 1735 4387 et
1747 4333 1797 4390 boe
1809 4351 1957 4406 exsequens
1968 4337 2037 4407 quod
2050 4348 2234 4408 proposuerat,

1444 4433 1504 4473 cum
1516 4420 1625 4488 diceret,
1641 4442 1650 4475 t
1667 4424 1713 4480 scd
1729 4427 1754 4480 in
1770 4426 1815 4481 bei
1829 4442 1889 4482 csse
1900 4428 2032 4499 adjutorio
2043 4430 2209 4484 confitemur.
2225 4450 2234 4481 a

1445 4509 1563 4582 Denique
1574 4514 1620 4569 Del
1633 4516 1792 4585 arljutoriunt
1804 4519 1982 4588 trxnltiplicitcr
1992 4519 2178 4575 insinuandum
2191 4536 2239 4588 pu·

1445 4605 1525 4671 tavit,
1539 4609 1773 4663 commemorando
1787 4609 1933 4665 doctrinam
1948 4619 1975 4665 et
1988 4611 2195 4678 revelationem,
2211 4620 2237 4665 ει

1445 4694 1582 4750 oculorum
1603 4696 1691 4752 cordis
1707 4698 1921 4768 adapertionem,
1937 4708 1964 4754 ct
1981 4698 2237 4755 demonstrationem

1446 4784 1605 4853 futurorum,
1617 4797 1643 4843 et
1655 4790 1818 4859 apertionem
1831 4790 2019 4845 diabolicarum
2033 4791 2199 4855 insidiarum,
2212 4800 2238 4845 ct

1446 4879 1601 4935 nrultilormi
1611 4889 1690 4952 atquc
1701 4881 1824 4937 ineffabili
1836 4886 1846 4915 ¹
1860 4883 1931 4938 dono
1943 4884 2035 4954 gratie
2047 4884 2164 4938 coelestis
2179 4883 2239 4936 ille·

1446 4970 1618 5026 minationem
1639 4990 1647 5027 ε
1667 4972 1700 5028 ad
1721 4973 1772 5029 boc
1791 4975 1881 5044 utique
1903 4983 1932 5029 ut
1952 4974 2040 5028 divina
2062 4982 2194 5043 praecepta
2212 4981 2240 5029 et

1447 5063 1575 5130 promissa
1589 5064 1733 5119 discamus.
1749 5066 1806 5121 lloc
1820 5076 1862 5122 est
1874 5081 1938 5136 crgo
1952 5066 2063 5137 gratiam
2078 5067 2123 5121 bei
2139 5080 2240 5137 ponere

1448 5153 1475 5207 in
1488 5153 1545 5226 lege
1557 5166 1636 5224 atquc
1649 5154 1778 5210 doctrina.

1487 5247 1601 5304 CAPUT
1621 5245 1686 5302 l'lll.
1699 5276 1736 5286 —
1747 5247 1773 5303 9.
1786 5246 1854 5302 Hinc
1866 5247 1954 5316 itaque
1966 5254 2085 5316 apparet,
2097 5245 2167 5301 banc
2179 5261 2241 5301 eura

1447 5342 1559 5414 gratiam
1573 5337 1703 5404 confiteri,
1714 5352 1764 5407 qua
1775 5338 1939 5392 demonstrat
1950 5346 1976 5392 ct
1987 5336 2087 5391 revelat
2098 5337 2168 5392 [leus
2178 5337 2243 5407 qnid

1448 5450 1527 5507 agere
1539 5433 1699 5495 debeamus;
1711 5447 1763 5484 non
1775 5445 1826 5501 qna
1838 5430 1919 5485 donat
1930 5439 2009 5500 atque
2019 5430 2126 5499 adjtrrat
2136 5438 2166 5485 ut
2178 5446 2244 5501 aga·

1450 5543 1509 5584 mus
1521 5545 1528 5582 :
1539 5543 1600 5582 eunt
1614 5526 1647 5580 ad
1659 5524 1709 5579 ltoe
1720 5524 1807 5596 potius
1820 5525 1906 5578 valeat
1918 5521 1982 5593 legis
1995 5523 2103 5592 agnitio,
2116 5523 2137 5577 si
2151 5524 2245 5593 gratie

1449 5618 1519 5673 desit
1528 5616 1676 5686 opitulatio,
1689 5626 1716 5670 ut
1727 5615 1772 5668 bat
1784 5612 1899 5667 mandati
1913 5612 2103 5681 praevaricatio.
2116 5610 2166 5666 titt
2176 5613 2245 5666 enirn

1449 5727 1500 5764 non
1514 5718 1549 5763 est
1563 5707 1614 5773 lea,
1628 5706 1666 5762 ait
1678 5705 1829 5776 Apostolus,
1846 5719 1891 5758 nce
1906 5702 2078 5773 prevaricatio
2094 5700 2187 5772 (liora.
2203 5717 2243 5768 tr,

1451 5800 1501 5872 15)
1519 5817 1526 5853 2
1542 5807 1583 5864 ct,
1599 5796 1830 5868 concupiscentiam
1844 5794 1997 5861 nesciebam,
2012 5794 2061 5847 nisi
2076 5795 2117 5847 lca
2133 5793 2244 5860 diceret,

1451 5891 1512 5946 Noa
1534 5890 1694 5960 concupisces
1706 5887 1760 5959 (ld.
1776 5903 1823 5951 ru,
1837 5886 1876 5959 l).
1891 5887 1930 5941 bc
1944 5901 1991 5955 per
2003 5884 2064 5952 boc,
2077 5900 2163 5955 usque
2176 5885 2245 5940 adeo

1450 5983 1521 6040 alind
1534 5992 1575 6039 est
1590 5983 1645 6045 lex,
1659 5981 1731 6035 alind
1744 5990 1784 6035 est
1796 5980 1896 6050 gratia,
1911 5987 1941 6032 ut
1954 5978 1995 6033 lex
2011 5993 2063 6031 tion
2078 5977 2164 6031 solnm
2179 5977 2245 6033 nibil

1450 6075 1544 6147 prosit,
1557 6072 1736 6127 verumetiam
1751 6070 1892 6140 plurimum
1905 6068 1985 6136 obsit,
2000 6067 2051 6123 nisi
2065 6066 2172 6136 adjuvet
2184 6082 2245 6138 gra·

1484 6206 1492 6238 ¹
1505 6203 1691 6269 cygbannensts
1699 6209 1752 6273 tta,
1764 6200 1822 6265 qrtid
1834 6200 1903 6271 dicit.
1962 6258 1968 6270 ·

1482 6270 1494 6302 ²
1505 6275 1556 6315 tm.
1568 6271 1617 6326 Er,
1627 6269 1651 6317 et
1662 6264 1832 6326 ntubtsorntrm
1839 6269 1862 6313 rt
1872 6259 2025 6326 cremabilem.
