5592 7350
622 880 656 938 cs
877 866 882 874 '
1354 874 1548 930 sacraria.
2229 878 2265 932 nt

619 996 802 1074 simpliciter
812 994 853 1055 ed
866 992 1056 1073 peccandum
1067 1001 1093 1052 ct
1106 992 1146 1052 ed
1157 1010 1221 1051 nen
1234 991 1424 1069 percendum
1437 994 1589 1069 inteperent
1605 991 1732 1051 liberum
1749 994 1912 1058 mbilrirnn
1927 998 2035 1060 bebere
2052 1018 2108 1060 aes
2122 1000 2263 1072 dicimos,

620 1074 704 1154 qrced
720 1076 752 1134 in
768 1074 909 1135 erunibus
923 1072 1013 1132 benis
1028 1071 1173 1150 operibns
1188 1071 1295 1131 divino
1312 1070 1481 1149 ncijucetur
1493 1089 1610 1150 scrisper
1623 1074 1757 1133 erisilio.
1779 1076 1899 1136 Deinde
1915 1087 1985 1155 post
2003 1081 2149 1157 quaedam
2164 1083 2265 1143 inter·

621 1161 725 1229 posita
740 1153 778 1212 de
792 1152 931 1212 naturali
951 1158 1106 1228 potestate
1121 1151 1159 1211 ad
1175 1149 1371 1227 peccandum
1388 1156 1420 1209 et
1434 1166 1497 1209 nen
1514 1151 1728 1227 peccandum,
1746 1153 1940 1232 adjungebat
1955 1158 2062 1218 dicens
2080 1181 2086 1217 :
2104 1160 2203 1236 Qrcem
2217 1165 2265 1226 ti-

619 1232 685 1292 beri
710 1231 837 1292 arbitrii
859 1240 1042 1309 potestatem
1068 1230 1199 1289 dicimus
1222 1232 1256 1290 in
1279 1228 1419 1289 omnibus
1449 1247 1509 1287 csse
1531 1231 1728 1306 qenereiitcr,
1750 1232 1784 1289 in
1802 1233 1999 1302 Cluislianis,
2020 1238 2150 1307 Iudeis,
2174 1255 2265 1320 elque

619 1310 796 1369 Gentilibus
812 1331 822 1369 :
837 1310 872 1369 in
887 1309 1028 1369 omnibns
1042 1319 1083 1367 est
1103 1308 1233 1369 tiberem
1248 1306 1414 1368 arbitrium
1433 1307 1593 1384 eqcceiiter
1609 1326 1665 1387 per
1683 1320 1839 1375 nutrirem,
1861 1314 1914 1373 sed
1929 1317 1961 1375 in
1979 1318 2054 1375 solis
2077 1318 2263 1381 Christianis

614 1386 747 1466 jacentia·
761 1409 779 1447 e
794 1390 908 1466 pretio.
927 1390 966 1448 ln
980 1388 1045 1448 iliis
1058 1387 1176 1447 aridem
1188 1396 1215 1446 ct
1230 1388 1345 1447 incrrrrc
1359 1394 1402 1445 cst
1419 1387 1608 1446 conditionis
1624 1386 1759 1447 benerae
1776 1391 1809 1449 in
1823 1392 1870 1450 bis
1885 1409 1956 1452 vero
1972 1396 2027 1473 qui
2041 1396 2081 1455 ed
2102 1397 2262 1459 Cle'istnm

615 1468 785 1547 pertinent,
801 1467 916 1529 Citricti
932 1468 1073 1527 ›rercrciter
1086 1467 1220 1526 auritio.
1239 1467 1296 1526 Illi
1313 1465 1380 1525 ideo
1388 1464 1558 1543 judicer-di
1574 1474 1666 1544 elque
1679 1469 1850 1530 daniaco-di
1863 1481 1947 1538 serit,
1963 1474 2036 1551 quie
2051 1494 2118 1534 cere
2133 1476 2263 1538 babeant

619 1546 749 1605 liberam
765 1545 940 1613 arbitrium,
956 1564 1012 1624 per
1027 1545 1110 1624 qnod
1123 1545 1163 1605 ed
1177 1545 1265 1625 fidem
1281 1545 1384 1604 renire
1405 1552 1542 1622 possent,
1564 1554 1591 1604 ct
1609 1546 1666 1605 Dei
1680 1548 1816 1623 pretiem
1829 1552 2012 1626 promereri,
2030 1554 2107 1613 reale
2126 1566 2263 1615 occatur

620 1625 761 1685 fibertate
775 1642 916 1685 concesse
933 1647 942 1683 :
959 1625 991 1684 bi
1005 1640 1076 1685 cere
1093 1623 1313 1683 reniccrcernndi
1327 1629 1412 1687 serit,
1426 1623 1480 1700 qeci
1493 1621 1564 1683 bene
1574 1623 1671 1683 libero
1682 1634 1801 1685 etentes
1812 1627 1945 1689 arbitrie
1963 1642 2119 1692 mereator
2134 1636 2262 1698 Dourini

618 1704 763 1779 gentiam.
783 1713 811 1763 ct
826 1703 891 1783 ejice
907 1704 1053 1763 errendete
1070 1703 1252 1763 cirstedient
1270 1702 1385 1780 (fasce,
1403 1700 1439 1760 dc
1453 1701 1565 1761 Gratia
1577 1702 1708 1770 Christi,
1728 1722 1783 1763 en.
1801 1706 1927 1786 32-3'4).
1950 1709 2017 1769 Hac
2032 1726 2162 1773 mersum
2177 1731 2262 1774 con-

619 1782 758 1843 fessione
771 1785 881 1861 gratier
897 1784 1042 1861 Pelagius
1058 1782 1253 1843 ariversariis
1268 1782 1335 1840 suis
1352 1796 1416 1839 non
1432 1780 1566 1839 faciebat
1579 1783 1677 1842 satis:
1695 1790 1763 1842 tum
1775 1786 1853 1861 quia
1868 1787 2053 1864 gratiaeitlic
2069 1793 2198 1852 nemine
2213 1795 2259 1853 in·

619 1862 762 1941 tctligere
786 1868 920 1938 pretereat,
940 1870 972 1921 nt
1000 1863 1134 1931 solebat,
1151 1863 1251 1938 legem
1264 1867 1360 1936 atque
1373 1859 1570 1927 doctrinarn;
1586 1865 1652 1919 tuni
1670 1864 1747 1938 quia
1762 1867 1939 1939 quamlibet
1952 1869 2087 1944 gratiam
2100 1872 2261 1950 intellige.

620 1947 679 2011 ret,
696 1959 767 2002 eam
782 1949 887 2000 ticinen
908 1939 1076 2000 manifesto
1091 1940 1215 2000 dicebat
1229 1938 1405 1998 secundum
1419 1938 1532 1997 merita
1546 1939 1626 1998 dari.
1644 1942 1756 2002 Postea
1773 1961 1849 2002 rere
1864 1946 1916 2004 ille
1932 1947 1970 2007 ad
1992 1965 2059 2008 sure
2080 1949 2150 2008 fidei
2167 1947 2260 2011 libel-

618 2019 697 2087 lum,
714 2020 799 2079 etad
816 2021 932 2090 variae,
949 2036 1030 2096 (quas
1045 2019 1178 2079 (liversis
1196 2018 1393 2094 temporibus
1408 2017 1570 2087 ediderat,
1587 2022 1872 2082 commentationes
1888 2026 2078 2088 remittebat.
2098 2032 2202 2105 Atque
2220 2049 2257 2092 ea

619 2104 695 2157 sunt
709 2116 780 2174 quas
796 2100 886 2157 nobis
903 2117 942 2156 ex
958 2099 1093 2176 illarius
1109 2098 1244 2175 epistola
1258 2096 1398 2156 servavit
1413 2096 1613 2173 Augustinus
1630 2096 1736 2171 (leid,
1753 2116 1808 2158 arr.
1823 2101 1949 2179 35-38).

658 2177 727 2237 iarn
753 2179 783 2236 in
799 2194 858 2236 suo
880 2178 934 2236 iiio
953 2178 1060 2236 libello
1083 2176 1152 2236 frdei
1175 2176 1321 2254 Petngius
1336 2174 1518 2235 Gelesuum
1541 2176 1695 2247 imitatus,
1716 2194 1754 2238 ea
1770 2180 1887 2255 capita,
1904 2200 2043 2256 quorum
2060 2202 2152 2243 necno
2168 2185 2257 2246 illum

618 2256 811 2333 postulabat,
840 2257 948 2316 inuitis
964 2256 1115 2333 disputat,
1136 2256 1173 2316 de
1195 2255 1356 2315 universis
1378 2252 1449 2312 fidei
1473 2255 1617 2314 articulis
1641 2257 1681 2316 ab
1700 2256 1769 2333 ipsa
1784 2259 1949 2321 'trinitatis
1966 2263 2088 2323 unitate
2102 2264 2141 2324 ad
2156 2283 2258 2342 usqne

618 2335 724 2394 carnis
741 2338 1009 2395 resurrectionem
1024 2335 1185 2395 disserens
1199 2354 1206 2392 :
1220 2339 1316 2411 atque
1332 2333 1385 2392 ubi
1401 2332 1438 2392 ad
1450 2333 1602 2409 Baptismi
1620 2336 1830 2410 questionem
1844 2340 1941 2409 venit,
1953 2342 2127 2417 Baptismn,
2140 2344 2256 2420 inquit,

618 2431 715 2472 cracem
727 2421 873 2481 tenereris,
888 2414 972 2493 princi
985 2414 1092 2473 iisdem
1105 2414 1290 2473 recrementi
1305 2411 1407 2471 verbis
1423 2412 1457 2470 in
1469 2411 1653 2491 insentibus,
1669 2413 1780 2491 quibus
1795 2416 1885 2475 etiem
1901 2419 1934 2478 ia
1948 2419 2130 2497 majeribus,
2141 2424 2260 2483 asscri-

621 2508 690 2551 mus
709 2511 768 2551 csse
790 2492 1002 2553 celebrandum
1018 2513 1028 2551 s
1043 2510 1116 2568 quas
1131 2495 1227 2554 verba
1241 2492 1452 2551 nibilominus
1467 2490 1572 2567 ipsum
1585 2491 1625 2552 ad
1639 2493 1806 2569 originalis
1823 2497 1924 2571 culpce
1941 2497 2175 2559 contessionem
2193 2519 2256 2562 non

617 2572 849 2649 astringebant.
862 2573 912 2632 Sic
928 2588 1032 2647 neque
1048 2572 1248 2648 exprimebat
1259 2571 1387 2646 qualem
1401 2569 1537 2647 gratiam
1551 2576 1740 2646 agnosceret
1755 2576 2062 2646 necessariam,cnm
2074 2579 2170 2655 paulo
2187 2586 2258 2655 post

617 2648 754 2709 diceret:
771 2650 911 2711 liberem
921 2652 966 2709 sic
981 2648 1392 2729 confitenturarbitriumet
1407 2648 1547 2707 dicemus
1558 2666 1614 2708 nes
1625 2667 1742 2727 semper
1751 2652 1807 2711 Dei
1818 2671 1902 2729 cpere
1915 2657 2057 2723 auritio:
2072 2668 2100 2716 ct
2113 2666 2173 2717 tum
2186 2659 2258 2719 illos

617 2745 732 2794 errare,
749 2731 804 2808 qui
817 2748 882 2789 cuin
895 2728 1079 2789 liferiicleeis
1091 2730 1211 2793 dicrnd,
1228 2729 1377 2789 bominem
1386 2736 1547 2805 peccatine
1559 2728 1658 2787 citare
1670 2747 1734 2788 rien
1746 2750 1846 2807 paese,
1863 2751 1950 2810 picem
1965 2734 2037 2795 ilios
2051 2737 2106 2813 qrci
2117 2755 2184 2795 eccm
2197 2740 2259 2797 Je-

617 2806 743 2867 einiene
755 2817 907 2873 esserrcnt.
923 2808 1071 2868 tremiscent
1088 2826 1152 2867 nen
1165 2826 1254 2885 pesse
1268 2824 1404 2884 peceare,
1420 2811 1479 2865 ete.
1496 2806 1681 2866 Enimvero
1697 2826 1736 2867 ex
1751 2809 1789 2869 iis
1805 2828 1878 2887 quae
1901 2815 2099 2889 Augustinus
2115 2816 2153 2877 de
2169 2818 2258 2877 Pela·

618 2886 788 2963 gianerum
804 2886 968 2946 fraudibus
980 2903 1017 2945 ae
1026 2886 1249 2965 paralogismis
1262 2886 1367 2951 trabit,
1385 2884 1592 2961 intelligimus
1609 2886 1696 2946 illam
1707 2886 1777 2946 fidei
1792 2891 2038 2965 expositionem,
2050 2894 2081 2952 in
2098 2912 2161 2971 qua
2177 2897 2258 2957 nibil

616 2980 687 3023 esse
703 2982 835 3041 prorsus
852 2966 979 3025 ridetur
994 2966 1054 3023 nisi
1070 2964 1303 3035 orthodoxum,
1317 2963 1451 3040 januam
1466 2962 1616 3023 omnibus
1636 2982 1748 3024 eorum
1766 2969 1930 3029 erroribus
1947 2972 2135 3048 patefacere.
2151 2974 2258 3051 Ipsam

617 3044 768 3102 coronide
782 3043 951 3105 admodum
967 3044 1136 3114 catholica,
1152 3045 1177 3102 si
1194 3043 1321 3119 quidem
1340 3058 1378 3103 ca
1388 3042 1514 3102 sincera
1527 3041 1649 3111 fuisset,
1662 3043 1840 3106 claudebat.
1855 3049 1930 3109 fleec
1940 3061 1982 3109 est
1993 3051 2076 3129 fides,
2090 3052 2177 3130 Pnpu
2190 3054 2259 3113 bee-

617 3120 743 3188 tissime,
757 3123 932 3200 inquiebat,
947 3141 1037 3201 qenai
1051 3124 1084 3183 in
1097 3123 1237 3182 Ecclesia
1251 3121 1404 3181 catholice
1416 3118 1591 3186 didicimus,
1604 3139 1752 3202 qccearqec
1765 3144 1880 3204 scrrrpcr
1896 3129 2049 3188 tenrrinncs
2066 3138 2093 3189 et
2105 3140 2258 3192 tenemus:

616 3200 719 3278 inque
728 3201 863 3262 siminus
871 3203 1154 3282 prritcarctpmenr
1166 3210 1253 3260 reete
1263 3199 1385 3278 aliquid
1396 3200 1624 3278 [artepositem
1637 3210 1690 3267 eet,
1706 3203 1862 3264 carenderi
1872 3207 2013 3284 cupimus
2022 3228 2041 3267 e
2052 3217 2090 3274 te,
2103 3210 2159 3288 qai
2170 3211 2259 3272 Petri

616 3285 644 3336 et
653 3280 775 3357 fidenter
787 3281 885 3340 sedent
896 3288 977 3340 tenes
989 3280 1105 3359 (fasce,
1118 3279 1256 3358 append.
1269 3288 1356 3357 perte
1365 3277 1410 3357 ⁶2).
1421 3278 1566 3356 Pelagius
1578 3279 1703 3355 quoties
1719 3281 1828 3342 baberi
1838 3285 2013 3346 catholicus
2024 3288 2161 3360 volebat,
2175 3289 2258 3350 banc

616 3356 706 3417 iilam
718 3361 860 3437 jactabat
879 3360 949 3420 duci
967 3360 1209 3437 professionem.
1235 3362 1338 3435 Atque
1357 3356 1441 3416 lraud
1456 3357 1574 3417 scimus
1590 3374 1631 3417 an
1654 3359 1692 3435 de
1712 3359 1771 3420 bae
1788 3362 1857 3439 ipsa
1877 3364 2134 3441 interpretandus
2151 3370 2258 3429 veniat

557 3476 560 3483 .
618 3435 845 3517 Hieronymus,
862 3458 934 3501 cum
950 3440 982 3498 in
998 3439 1183 3516 prestatione
1197 3436 1236 3497 ad
1250 3442 1402 3513 quartum
1423 3453 1518 3496 suum
1540 3436 1659 3496 librum
1675 3437 1707 3496 in
1722 3438 1903 3513 ieremiam,
1923 3444 2051 3521 scripta,
2070 3450 2104 3505 ut
2120 3446 2255 3519 ridetur,

615 3534 703 3576 cinno
728 3518 1044 3597 quadringentesimo
1067 3518 1190 3577 decimo
1214 3522 1317 3586 sexto,
1341 3521 1515 3591 antequam
1538 3516 1709 3576 violentias
1728 3519 1972 3595 Pelagianorum
1994 3529 2145 3600 expertus
2160 3532 2255 3594 esset,
2310 3544 2315 3552 ·

616 3594 876 3673 quandoquidem
887 3598 925 3656 de
937 3596 1068 3656 illorum
1083 3600 1206 3656 tantum
1217 3594 1384 3653 calumniis
1399 3593 1557 3669 queritur,
1572 3596 1687 3654 asserit
1701 3597 1864 3658 lrmreticos
1880 3600 1963 3670 illos,
1978 3605 2014 3660 ut
2029 3602 2192 3681 imperitos
2204 3605 2258 3666 de·

617 3675 748 3752 cipiant,
759 3676 877 3752 passim
893 3677 1126 3754 expositionem
1138 3692 1205 3735 snoe
1217 3674 1287 3734 fidei
1298 3674 1481 3750 praedicare,
1496 3690 1600 3750 neque
1615 3679 1722 3735 tamen
1736 3676 1823 3736 illam
1837 3681 2015 3740 ostendere.

658 3755 795 3830 decepta
813 3760 919 3815 autem
946 3755 1063 3834 Pelagii
1087 3755 1205 3831 scripta
1220 3753 1365 3813 Zosimus
1381 3752 1414 3811 in
1431 3769 1586 3812 consessu
1601 3754 1731 3830 publico
1744 3755 1840 3833 jussit
1857 3759 1997 3830 recitari,
2019 3775 2122 3837 eaque
2138 3762 2255 3823 mirum

618 3832 652 3891 in
674 3833 802 3893 modum
818 3836 1020 3911 approbavit.
1037 3834 1083 3893 Ex
1111 3833 1158 3892 bis
1180 3832 1312 3910 quippe,
1329 3831 1452 3908 liquido
1470 3847 1609 3909 purgare
1634 3849 1669 3892 se
1691 3835 1866 3912 Pelagium,
1887 3854 1926 3898 ac
1941 3837 2034 3896 fidem
2055 3857 2148 3899 suam
2166 3847 2257 3904 tanta

642 3913 849 3989 erspicnitate
863 3931 1037 3990 exponere,
1056 3916 1090 3971 ut
1101 3913 1206 3973 lecum
1222 3910 1371 3987 malignis
1384 3910 1704 3986 interpretationibus
1716 3913 1840 3971 nullum
1855 3915 2063 3994 relinqueret,
2077 3917 2254 3995 judicabat.

619 3929 705 4051 idem
720 3991 815 4050 etiam
830 3993 978 4053 onrrribus
996 3992 1051 4070 qni
1071 3991 1254 4059 audierunt,
1271 3991 1387 4049 visum.
1405 3987 1498 4063 Quod
1516 3996 1707 4057 sanctorum,
1723 3993 1767 4051 ait
1781 3993 1938 4064 Zosimus,
1953 3995 2110 4063 virorem,
2127 3999 2182 4076 qui
2197 3999 2257 4059 ed*

618 4079 717 4136 erent,
730 4071 878 4148 perediam
890 4071 965 4151 sciit.
994 4073 1004 4128 l
1019 4072 1054 4131 ir
1066 4070 1141 4148 stetu
1156 4068 1282 4149 quidem
1292 4087 1322 4126 sc
1336 4075 1363 4127 et
1378 4066 1525 4146 iacrymis
1536 4068 1752 4144 temperabant.
1771 4070 1846 4130 tales
1861 4074 1952 4132 etiem
1964 4072 2110 4134 ebsufete
2123 4075 2194 4155 fidei
2207 4078 2257 4138 ie·

616 4146 728 4228 [enimi
740 4150 878 4227 petuisse
895 4149 1015 4227 (lbra).
1039 4150 1106 4209 Hoc
1120 4167 1197 4211 sane
1212 4149 1285 4209 stilo
1298 4148 1420 4207 litteras
1436 4146 1475 4206 ad
1489 4146 1654 4206 aurelium
1666 4149 1812 4225 aliosque
1828 4149 1919 4211 Afros
1933 4153 2090 4212 antistites
2102 4172 2200 4230 super
2216 4173 2254 4217 ea

622 4245 656 4287 re
678 4228 848 4288 undecimo
865 4229 1014 4290 calendas
1038 4229 1176 4289 octobris
1198 4227 1282 4287 dedit
1303 4226 1462 4303 adjunctis
1485 4228 1516 4284 et
1531 4225 1650 4301 Pelagii
1668 4228 1807 4305 scriptis.
1825 4229 1884 4290 Hie
1899 4247 1948 4288 ma
1975 4231 2001 4290 is
2020 4233 2114 4292 ctiam
2131 4239 2256 4294 stoma-

620 4304 801 4378 chabunda,
839 4326 914 4374 unm
929 4308 961 4371 in
978 4308 1145 4386 superiore
1160 4306 1308 4383 epistola,
1324 4306 1476 4364 Herotem
1492 4307 1524 4363 et
1539 4304 1696 4366 Lazarum
1708 4306 1798 4368 dietis
1814 4250 1999 4383 proscinciit.
2015 4310 2124 4371 Multis
2142 4311 2255 4371 simili-

618 4391 677 4455 ter,
691 4387 775 4469 qued
792 4389 815 4446 d
851 4387 945 4455 icani,
962 4392 993 4449 ct
1015 4387 1153 4447 duorum
1170 4387 1322 4445 horumce
1336 4384 1510 4462 praesulum
1526 4382 1651 4456 litteris,
1669 4390 1701 4445 et
1721 4385 1855 4447 Timasii
1869 4387 2047 4466 lacobiqne
2061 4392 2255 4452 testimoniis

617 4464 709 4523 fidem
725 4467 1029 4537 accommodassent,
1042 4465 1260 4542 conqueritur.

657 4543 832 4622 Utramque
849 4545 931 4605 linire
945 4539 1061 4605 Zosimi
1077 4543 1115 4604 de
1131 4543 1258 4622 Pelagio
1276 4558 1314 4601 ac
1326 4540 1475 4601 Coelestio
1490 4541 1659 4616 epistolam
1673 4559 1713 4601 ex
1729 4543 1892 4605 Vaticana
1907 4546 2108 4607 bibliothece
2128 4565 2252 4608 manu—

617 4623 735 4700 scripto
752 4624 973 4701 depromptam
990 4623 1132 4703 vulgavit
1146 4622 1315 4683 baronius.
1335 4620 1450 4682 Visum
1466 4619 1659 4696 quibusdam
1678 4636 1732 4681 eas
1755 4639 1826 4682 eum
1842 4624 2012 4686 subdititiis
2026 4627 2255 4704 scriptionibus

619 4703 848 4772 numerandas,
862 4702 955 4794 quasi
971 4720 1042 4762 cum
1060 4703 1241 4781 Augustino
1258 4700 1364 4758 minus
1381 4699 1444 4758 illar
1463 4699 1702 4770 consentirent;
1719 4703 1866 4777 quamvis
1886 4721 2000 4764 revera
2020 4722 2092 4763 cum
2114 4723 2153 4765 eo
2173 4707 2255 4767 nibil

619 4782 720 4860 magis
737 4787 927 4845 consentiat.
947 4781 1123 4842 Fatendum
1142 4785 1249 4841 tamen
1272 4783 1338 4847 est,
1362 4778 1409 4838 bis
1426 4776 1517 4838 famu
1536 4776 1654 4838 Zosimi
1679 4796 1743 4839 non
1761 4780 1893 4857 perinde
1915 4783 2117 4856 consultum;
2133 4785 2255 4862 quippe

618 4878 690 4937 quea
713 4861 936 4937 planissimum
962 4861 1097 4931 faciant,
1122 4878 1196 4921 eum
1214 4857 1352 4920 Ccnlestii
1378 4856 1483 4918 verbis
1506 4857 1725 4934 plenissimam
1746 4858 1837 4918 fidem
1860 4861 2065 4936 prebuisse:
2093 4864 2256 4939 quemad-

618 4939 747 4998 modum
775 4940 859 5016 apud
887 4958 921 5004 se
946 4940 1168 5015 expostulasse
1196 4938 1362 5000 Africanos
1390 4937 1557 5014 episcopos
1587 4937 1655 5013 ipse
1679 4937 1820 4997 declarat
1845 4937 1954 5016 (ibid).
1979 4940 2018 4998 Et
2045 4956 2083 5001 ea
2110 4959 2189 5001 sanc
2215 4941 2254 5003 de

618 5034 715 5078 causa
733 5018 915 5096 Pelagiani,
932 5024 1101 5096 postquam
1118 5035 1137 5078 a
1155 5017 1281 5077 Zoslmo
1303 5016 1391 5075 fuere
1421 5015 1639 5087 condemnati,
1664 5016 1936 5092 praevaricationis
1959 5035 2033 5077 curn
2059 5026 2256 5083 accusarunt

619 5096 740 5174 t‘lnsre,
765 5107 876 5155 contre
896 5096 1074 5163 detineam,
1091 5094 1144 5155 lib.
1162 5095 1192 5165 b,
1214 5114 1247 5154 a.
1264 5095 1314 5173 37)
1335 5093 1443 5170 :quod
1465 5095 1560 5154 etiarn
1583 5094 1704 5153 crimen
1731 5093 1918 5171 objecerunt
1933 5097 2083 5157 Romanis
2103 5100 2254 5161 omnibus

619 5175 762 5247 clericis,
789 5193 871 5252 quos
898 5174 1013 5255 dogma
1035 5173 1245 5244 catholicum,
1272 5172 1357 5251 quod
1383 5174 1415 5232 in
1441 5172 1625 5232 memoratis
1650 5174 1855 5234 consessibus
1872 5175 2098 5248 defenderant,
2118 5178 2257 5253 turpiter

617 5254 765 5314 deserere
785 5254 991 5315 clamitabant
1008 5253 1129 5334 (lupe,
1153 5262 1263 5313 contre
1277 5253 1355 5314 circes
1367 5249 1532 5329 b'pistoles
1553 5251 1794 5329 Peiepienerem
1807 5299 1813 5318 ,
1828 5272 1860 5312 n.
1877 5252 1921 5332 5).
1940 5254 2059 5314 Verum
2077 5273 2148 5316 cunr
2170 5256 2254 5317 idem

618 5333 778 5411 pontifex,
795 5350 893 5410 quam
908 5331 1093 5409 imprudens
1107 5331 1299 5401 admiserat,
1316 5331 1444 5407 culpam
1459 5329 1609 5407 deinceps
1625 5331 1831 5399 correxisset,
1851 5333 1952 5392 voluit
1967 5335 2166 5411 Augustinus
2182 5351 2255 5396 eam

618 5413 761 5473 modesto
776 5414 882 5472 velare
893 5411 1033 5471 silentio.
1049 5411 1140 5484 Quod
1156 5413 1263 5489 itaque
1277 5410 1310 5469 in
1321 5410 1389 5478 ilio,
1405 5425 1501 5491 quem
1513 5409 1693 5486 utprimum
1705 5411 1890 5487 episcopum
1903 5413 2106 5484 observabat,
2122 5412 2257 5492 dignuin

617 5492 728 5569 aliqua
752 5491 846 5551 laude
869 5490 1082 5557 existimavit,
1105 5491 1134 5549 id
1157 5491 1263 5569 palum
1279 5489 1447 5566 proposuit
1468 5508 1475 5546 :
1499 5493 1631 5559 catera,
1657 5496 1815 5565 quantum
1838 5491 1870 5548 in
1889 5491 1958 5566 ipso
1975 5492 2050 5562 tuit,
2074 5495 2255 5555 excusavit.

618 5572 728 5648 Neque
744 5576 849 5631 tumen
866 5568 1038 5640 inficiatur,
1061 5570 1222 5630 Zosimum
1240 5568 1332 5630 initio
1349 5567 1454 5627 verbis
1472 5564 1684 5628 fraudulentis
1698 5569 2201 5648 Pelagianarumprofessionum,
2219 5589 2258 5633 ac

617 5649 755 5710 (icelestii
770 5648 946 5725 prasertim
962 5649 1168 5708 simulatione
1182 5649 1250 5719 illa,
1267 5663 1331 5724 qua
1345 5664 1379 5707 se
1397 5645 1424 5705 is
1440 5650 1470 5705 et
1486 5647 1601 5706 instrui
1613 5646 1705 5717 velle,
1722 5646 1943 5707 etlnnocentii
1959 5649 2093 5710 decretis
2110 5668 2258 5711 consen-

619 5730 679 5788 tire
698 5727 919 5806 profitebatur,
936 5727 1084 5787 delusum
1102 5727 1201 5788 fuisse
1218 5746 1225 5784 :
1243 5727 1306 5786 imo
1324 5725 1383 5785 boc
1397 5723 1514 5787 factum
1532 5725 1562 5784 S.
1586 5725 1705 5784 Ductor
1727 5741 1791 5784 non
1812 5726 1948 5786 obscure
1972 5727 2132 5806 significat
2157 5731 2257 5790 variis

617 5806 696 5867 locis
712 5808 815 5886 (fasce
838 5807 873 5867 dc
890 5807 1019 5867 Pccceto
1037 5806 1202 5886 eriqineii,
1217 5823 1271 5865 nn.
1284 5805 1315 5877 9,
1331 5803 1386 5874 at;
1404 5811 1514 5863 contre
1525 5803 1602 5863 dices
1617 5802 1646 5862 E
1645 5802 1779 5881 pisteies
1791 5802 2042 5882 Pelepienerem,
2055 5825 2087 5867 e.
2099 5808 2134 5881 ὃς
2147 5819 2258 5869 contre

617 5886 793 5952 lulianam,
807 5885 861 5947 iib.
876 5886 907 5959 6,
922 5903 954 5946 a.
969 5885 1033 5964 38).

618 5965 704 6027 xvt.
718 5966 902 6044 africanum
917 5966 1084 6026 concilium
1097 5964 1301 6026 ducentorum
1337 5960 1549 6022 uetuerdccim
1561 5961 1775 6038 cpiscoporum
1789 5961 1980 6039 Certbepine
1992 5962 2130 6023 babilam
2143 5967 2259 6026 rescri-

659 6044 703 6106 bit
719 6046 857 6105 Zosime.
881 6044 1061 6107 Innocentii
1073 6045 1254 6105 sententium
1266 6043 1301 6104 in
1316 5981 1476 6118 briccium
1490 6050 1516 6099 et
1532 6039 1707 6101 Ceicstiem
1722 6040 1838 6100 dictem
1854 6040 1993 6121 defendit
2005 6062 2015 6109 ,·
2027 6043 2052 6100 Z
2056 6043 2256 6124 criminaque,

657 6133 692 6186 ut
708 6143 822 6186 nectem
836 6123 872 6184 cic
886 6123 1022 6186 Ceicstie
1035 6143 1161 6184 crnrncn
1172 6122 1292 6186 bebeet,
1307 6129 1421 6181 maaet.

660 6204 800 6266 Africani
815 6204 966 6282 praesules
981 6209 1111 6279 accepta
1125 6220 1221 6280 qnam
1238 6203 1382 6263 Zosimus
1398 6216 1481 6277 papa
1501 6198 1632 6259 miserat
1647 6198 1678 6258 in
1697 6198 1833 6259 Coelcstii
1853 6199 1994 6259 favorem
2010 6200 2168 6277 epistola,
2183 6220 2259 6262 eum

618 6283 733 6346 litteris
751 6285 818 6345 suis
837 6283 983 6345 obtestati
1006 6290 1098 6350 sunt,
1116 6301 1153 6341 co
1172 6300 1275 6358 usque
1290 6300 1360 6345 res.
1382 6296 1448 6357 ‘luo
1464 6278 1496 6337 in
1513 6282 1596 6337 statu
1610 6284 1718 6343 crant,
1739 6278 1955 6355 relinqueret,
1974 6279 2049 6338 dum
2074 6278 2202 6356 plenius
2220 6282 2257 6340 dn

607 6364 760 6435 usiadem
770 6363 909 6424 Coetcstii
922 6378 1033 6436 rausa,
1047 6360 1101 6440 qni
1118 6363 1255 6440 primum
1273 6360 1403 6440 qnidcru
1415 6357 1498 6439 apud
1513 6358 1598 6436 ipsos
1610 6367 1780 6421 incensatus
1792 6357 1906 6429 fuerat,
1919 6357 2119 6421 edoceretur.
2131 6360 2259 6422 littere
