5592 7350
571 918 625 977 569

571 1031 684 1103 pterisse
694 1027 763 1099 quod
779 1026 820 1080 illa
837 1034 974 1095 rogaverat
984 1066 989 1084 .
1001 1025 1088 1078 ‹liriaa
1101 1025 1234 1093 Scriptura
1247 1030 1359 1076 testatur

570 1121 657 1181 idetis.
670 1116 794 1185 ιιι-ιιι),
808 1116 942 1185 operanda
959 1117 983 1168 iu
999 1118 1078 1170 corde
1093 1117 1180 1185 rogis,
1194 1113 1255 1183 qnid
1269 1113 1360 1175 aliud,

571 1228 650 1287 quam
663 1212 822 1264 sulitntateur
833 1248 840 1268 ,
853 1223 903 1277 qua
915 1210 993 1272 jussit
1007 1208 1141 1261 etinctum
1153 1216 1194 1258 cst
1205 1204 1274 1275 quud
1285 1203 1318 1255 alr
1329 1216 1361 1255 ιο

572 1307 662 1375 regina
677 1298 849 1370 poqmseerat?
862 1298 945 1365 Qatnu
963 1298 1031 1351 [leus
1041 1297 1113 1365 jain,
1129 1305 1158 1349 ut
1171 1296 1244 1349 lieret
1257 1336 1263 1358 ,
1278 1307 1361 1346 exau·

570 1396 675 1454 dierat,
694 1391 737 1460 qui
757 1404 803 1443 cor
821 1390 910 1458 regis,
924 1396 1064 1455 attteqeam
1079 1385 1197 1439 mulieris
1211 1397 1360 1437 serationem

572 1482 707 1553 poscentis
726 1478 862 1541 audisset,
883 1476 1060 1531 ocerrltissima
1075 1486 1101 1529 et
1114 1473 1295 1530 ellicacissirua
1312 1486 1361 1540 po·

572 1580 668 1627 testate
687 1568 836 1633 corruentis,
852 1577 878 1621 et
894 1567 1026 1620 transtulit
1038 1564 1072 1619 ab
1085 1563 1263 1633 indignatione
1277 1560 1309 1614 ad
1323 1561 1362 1615 le·

572 1663 702 1723 uitatem,
718 1658 768 1711 hoc
781 1663 840 1721 est,
853 1670 868 1709 a
880 1655 1014 1708 uoluntate
1026 1652 1137 1706 hulerrdi
1149 1651 1181 1705 ad
1198 1650 1360 1704 utilitatatem

571 1748 677 1805 haeddi
692 1767 700 1804 ε
713 1746 857 1803 secuudum
872 1746 934 1801 illud
949 1747 1083 1815 Apostoli,
1100 1745 1168 1800 Deua
1180 1755 1300 1812 operatur
1314 1746 1321 1775 ¹
1335 1744 1362 1797 in

571 1840 638 1895 sniis
652 1849 677 1893 ct
688 1838 760 1892 celte.
773 1835 904 1904 Numquid
919 1835 1038 1890 immines
1054 1835 1099 1890 Dei
1115 1835 1159 1906 qui
1175 1834 1232 1888 liare
1245 1834 1361 1901 scripse·

571 1936 634 1984 rum
645 1928 721 1992 ,iano
735 1927 792 1997 ipse
805 1924 917 1996 Spiritus
933 1925 978 1979 Dei
991 1966 998 1988 ,
1011 1940 1064 1995 quo
1075 1937 1183 1980 auctore
1194 1941 1241 1995 per
1251 1939 1298 1978 eos
1312 1924 1362 1978 ista

569 2018 719 2086 conscripta
741 2025 817 2080 suru,
842 2015 1002 2086 oppugnarit
1021 2015 1133 2069 liberum
1153 2014 1268 2069 hominis
1289 2014 1362 2069 arbi·

571 2106 670 2163 idern?
690 2105 766 2160 ausit
780 2122 789 2159 s
802 2104 849 2160 sed
861 2104 1056 2175 Ornuipotentis
1069 2105 1095 2159 in
1108 2106 1232 2160 omnibus
1247 2116 1273 2160 et
1286 2104 1358 2174 judi·

572 2196 643 2252 cium
665 2195 864 2265 justissimum,
885 2202 913 2249 ιι
932 2196 1059 2250 auxilium
1082 2196 1360 2251 misericordissimum

570 2285 776 2342 commendarit.
798 2284 901 2340 Sufficit
922 2287 992 2341 euim
1011 2287 1080 2341 seire
1100 2287 1200 2341 leontini
1220 2288 1289 2358 quod
1307 2302 1361 2342 nun

569 2386 613 2431 eat
625 2377 749 2446 iniquius
760 2376 828 2445 apud
842 2377 933 2431 Deum.
944 2376 1003 2432 Jam
1013 2378 1146 2447 quasimodo
1154 2379 1204 2433 ista
1214 2380 1359 2448 dispenset,

569 2463 670 2520 iaciens
693 2466 759 2520 alios
783 2464 929 2520 secundum
954 2466 1080 2519 rneriturn
1099 2481 1160 2524 rasa
1181 2468 1243 2530 inu,
1263 2469 1359 2521 atius¹

570 2554 715 2610 seeundum
733 2556 844 2624 gratiam
863 2568 925 2607 vasa
945 2554 1134 2610 misericordiae
1148 2554 1234 2623 (Rern.
1251 2572 1278 2610 ιι
1291 2598 1298 2623 ,
1313 2558 1359 2620 ll,

569 2643 625 2710 22,
649 2643 716 2713 23);
742 2643 800 2713 quis
822 2644 946 2713 cognovit
963 2658 1071 2699 sertatim
1092 2644 1212 2709 Domini,
1234 2645 1360 2714 suntquis

570 2734 736 2791 consiliarius
754 2733 811 2803 ejirs
830 2732 877 2788 luit
896 2733 951 2805 (ld.
971 2751 1013 2800 rt,
1033 2735 1143 2805 ὄψει
1156 2737 1261 2806 crgoad
1273 2738 1359 2791 hono

570 2840 627 2880 rem
645 2828 736 2895 gratiae
755 2825 926 2893 pertinemus,
943 2842 995 2880 nou
1012 2827 1095 2881 simus
1114 2828 1222 2898 ingrati,
1243 2829 1361 2885 tribuen-

570 2901 606 2969 do
631 2915 707 2970 nubis
736 2914 805 2985 quod
831 2916 992 2985 accepimus.
1021 2917 1089 2985 Quid
1116 2919 1187 2974 cuim
1212 2920 1359 2989 trahemus,

571 3004 642 3076 qnod
661 3020 713 3058 non
732 3005 882 3073 accepimus
902 3005 923 3075 (1
942 3006 1000 3059 Cor.
1022 3022 1065 3070 tv,
1085 3007 1132 3078 U?

606 3091 719 3150 CAPUT
742 3088 908 3150 llll-59.
932 3095 1026 3160 Quinta
1039 3096 1139 3151 iuliani
1158 3099 1308 3167 antithesis,
1329 3101 1361 3154 de

570 3185 645 3257 junii
663 3185 750 3240 ueteris
763 3182 924 3241 Testamenti.
943 3205 952 3239 ι
971 3188 1104 3255 Dicimus,
1122 3207 1131 3241 ι
1150 3190 1249 3258 innuit,
1267 3210 1277 3244 ι
1297 3207 1360 3247 sau·

572 3286 631 3332 ctos
640 3276 736 3331 ueteris
751 3275 912 3332 Testamenti
928 3278 1043 3347 perlecta
1056 3279 1117 3334 ltine
1126 3280 1228 3350 justitia
1241 3281 1273 3336 ad
1284 3288 1361 3337 :eter-

573 3381 635 3421 nam
648 3367 777 3421 transisse
792 3368 887 3433 vitaru,
906 3367 931 3422 id
948 3377 998 3431 est,
1015 3369 1102 3423 siradio
1114 3371 1218 3426 uirtutis
1229 3372 1263 3426 alr
1275 3372 1361 3426 omui·

573 3455 625 3513 ltus
639 3457 780 3513 recessisse
795 3459 929 3527 peccatis:
945 3460 1004 3529 quia
1018 3470 1043 3515 et
1056 3459 1093 3514 illi
1105 3475 1172 3530 quos
1186 3460 1298 3532 legimns
1311 3461 1361 3516 ali·

573 3545 637 3617 quid
649 3561 793 3617 peccasse,
810 3561 899 3616 postea
913 3555 1001 3604 ermen
1015 3564 1061 3605 eos
1072 3551 1228 3606 emendasse
1238 3552 1363 3623 eugami-

573 3651 641 3693 mus.
658 3654 668 3690 r
683 3637 856 3706 Quantalibet
867 3638 947 3694 luisse
959 3640 1061 3695 uirtutis
1075 3640 1085 3671 ⁸
1099 3642 1221 3711 atitiquus
1235 3642 1362 3711 praedicer

572 3727 670 3798 justos,
687 3741 738 3782 non
753 3742 800 3783 eos
814 3728 900 3784 salvos
910 3728 971 3784 lecit
985 3731 1034 3784 uisi
1051 3729 1115 3786 [ides
1131 3732 1299 3795 llediatoris,
1316 3732 1362 3803 qui

575 3817 601 3872 ln
622 3816 804 3872 remissionem
817 3826 986 3887 peccatorum
1005 3821 1160 3890 sauguinem
1185 3820 1260 3875 lualit.
1287 3820 1360 3892 ipso-

576 3923 634 3962 rum
644 3909 714 3963 enim
730 3923 780 3962 tos
794 3918 857 3980 est:¹
873 3906 983 3976 Credidi,
1000 3911 1179 3983 propterquod
1194 3912 1291 3967 locatur
1303 3929 1360 3966 aunt

576 3996 666 4068 (Psoi.
679 4013 740 4067 cxv,
756 3997 794 4070 l).
808 3997 884 4055 Unde
895 4000 931 4053 ait
944 4008 970 4054 et
982 4002 1117 4070 apostotos
1127 4002 1226 4057 Paulus
1239 4021 1245 4057 :
1261 4003 1362 4057 liudm-

576 4097 611 4141 ιιι
622 4098 706 4143 autent
721 4088 836 4142 eunrdem
848 4089 964 4157 spiritam
980 4089 1040 4158 fidei
1048 4131 1055 4154 ,
1069 4091 1207 4145 secundnm
1222 4093 1289 4163 quod
1298 4094 1362 4147 scri-

576 4187 647 4248 ptum
658 4188 712 4242 ert,
730 4177 845 4244 Credidi,
861 4180 1047 4250 propterquod
1069 4182 1164 4235 locutus
1184 4198 1238 4236 sunt
1252 4199 1262 4247 ,·
1276 4193 1299 4236 ct
1316 4200 1362 4238 nos

575 4268 717 4333 credimus,
738 4278 839 4339 propter
856 4270 925 4341 quod
937 4277 960 4323 et
976 4271 1102 4341 loquimur
1115 4272 1154 4344 (ll
1168 4272 1226 4327 Cor.
1242 4290 1281 4338 tt,
1295 4275 1361 4347 ld).

575 4359 643 4428 Quid
658 4366 708 4426 esi,
723 4361 839 4414 eumdem
860 4362 999 4430 spiriteum,
1018 4362 1067 4417 uisi
1091 4380 1169 4434 quem
1181 4365 1246 4434 iusti
1258 4382 1363 4436 qumpte

576 4447 613 4504 illi
629 4449 795 4519 habuerunt,
810 4451 854 4522 qui
864 4451 913 4506 ista
926 4452 1071 4507 dixerunt?
1087 4454 1153 4507 Dicit
1168 4456 1245 4509 etiam
1258 4465 1364 4525 aposto·

575 4536 616 4593 ius
639 4539 734 4595 Petrus
756 4539 851 4606 :Quid
875 4542 949 4596 uultis
966 4542 1058 4614 jugum
1081 4544 1208 4613 irnpouere
1232 4543 1362 4613 Gentibus,

576 4631 644 4700 quod
654 4647 733 4698 neque
747 4648 791 4686 noa
806 4647 906 4702 portare
920 4635 1062 4704 potuimus,
1077 4651 1155 4703 neque
1167 4644 1249 4705 potres
1262 4639 1364 4694 nostri?

577 4720 629 4774 Sed
651 4738 695 4790 per
715 4722 823 4793 qratiam
838 4721 940 4777 Dourini
962 4721 1024 4778 Jesu
1048 4725 1141 4778 L'iiristi
1159 4724 1284 4782 credimus
1301 4729 1364 4784 eatur·

575 4811 631 4876 fieri
642 4810 668 4879 ⁸,
680 4812 890 4883 quemadmodum
904 4824 927 4867 et
940 4815 978 4867 itti
993 4813 1066 4887 (Act.
1082 4830 1138 4882 ιιι,
1159 4816 1192 4872 10
1202 4858 1209 4883 ,
1221 4817 1250 4870 Η
1263 4817 1285 4888 ).
1308 4818 1364 4874 liae

575 4916 624 4956 ros
638 4917 690 4957 uon
708 4903 803 4969 uultis,
818 4903 916 4958 inituiei
928 4905 989 4958 ltuie
1003 4905 1094 4974 gratim
1106 4905 1133 4971 ⁸,
1153 4916 1181 4960 ut
1199 4907 1290 4961 cadem
1305 4923 1365 4978 gra-

575 4993 610 5045 tia
624 4992 687 5047 lesu
699 4992 797 5047 Christi
810 4993 877 5048 salsi
887 4993 948 5048 tica
964 4995 1105 5050 credantur
1115 4996 1214 5067 antiqui
1231 5018 1237 5050 :
1252 4999 1297 5051 sed
1310 4998 1364 5052 dis·

575 5079 691 5136 tribuitis
703 5091 821 5152 tempora
835 5084 979 5138 sectandum
995 5083 1147 5154 Pelagium,
1162 5085 1187 5139 iu
1200 5086 1275 5155 eujus
1290 5087 1364 5141 lituis

576 5171 626 5226 Ιιοι
641 5174 752 5242 legitur;
767 5183 793 5228 ιι
807 5184 870 5230 ante
891 5175 988 5246 Legem
1001 5175 1088 5231 dicitis
1100 5177 1188 5231 salsos
1206 5177 1288 5232 dictos
1305 5192 1364 5234 esse

575 5271 667 5316 natura
679 5261 699 5327 ⁸,
714 5263 809 5318 deinde
825 5279 871 5333 per
883 5265 991 5335 Legem,
1008 5275 1141 5334 prostremo
1157 5283 1204 5335 per
1215 5265 1361 5334 Carinum,

575 5354 650 5422 quasi
662 5353 815 5409 homiuibus
827 5355 939 5409 duorum
952 5357 1118 5425 superiorum
1133 5367 1291 5426 senmurum,
1304 5368 1364 5414 aute

575 5443 670 5514 Legem
686 5447 787 5500 scilicet
801 5455 828 5500 ιι
841 5447 867 5501 in
880 5446 967 5517 Lege,
984 5450 1091 5518 sanguis
1104 5448 1202 5504 Christi
1218 5466 1270 5504 non
1286 5452 1364 5507 luerit

574 5539 740 5593 necessarius
756 5556 763 5591 ε
779 5552 936 5594 evacuantes
948 5539 1018 5610 quod
1032 5542 1198 5610 dictumest,
1215 5539 1286 5597 Unus
1299 5543 1364 5597 etaim

606 5695 615 5725 ¹
632 5694 700 5766 editt.
717 5693 850 5746 manenda
866 5694 908 5760 ιιι·
917 5701 1039 5760 operatur.
1049 5699 1130 5758 abest,
1141 5696 1205 5751 errius
1222 5711 1272 5764 qus,
1287 5713 1302 5750 a
1313 5714 1364 5750 nra·

575 5767 802 5868 nonaqrqsmwoeni
815 5824 841 5866 et
850 5817 969 5880 Gallimnl,
988 5819 1080 5884 [ndens
1090 5818 1280 5872 adiuuandum
1290 5821 1364 5874 meri·

575 5876 888 5937 mmmmm

607 5937 618 5969 ⁸
634 5938 706 5988 tatic.
718 5948 781 5999 uss..
793 5940 936 6002 qomtotr'oet
957 5938 1122 5993 tdssetdrtnte.

606 5997 617 6027 ⁸
634 5999 922 6062 semirutamque
968 6002 996 6053 ri.
1011 6011 1132 6067 utsupra,
1151 6003 1175 6054 ln
1188 6005 1248 6054 lilrrn
1264 6005 1296 6055 de
1307 6013 1364 6056 t‘cc·

575 6065 630 6108 esto
641 6060 761 6149 originali,
773 6075 798 6110 u.
810 6062 850 6123 stt,
863 6066 975 6114 mevenit
985 6078 1041 6114 eum
1053 6066 1198 6115 editionibus
1209 6065 1262 6116 aliis
1274 6074 1299 6116 et
1310 6081 1364 6117 ιιιιιι

576 6129 744 6230 1113·ηὲιειαιιιβιςυ.δ
746 6155 774 6232 itt
787 6183 853 6242 editi,
865 6183 956 6236 ettad-r·
972 6186 1059 6250 prutina
1075 6185 1178 6248 cartam
1190 6189 1285 6241 aruisse.
1299 6188 1363 6239 nnn.

608 6239 669 6289 ‘tta
679 6241 789 6292 callimui
813 6253 838 6294 et
852 6249 951 6295 t‘aticani
972 6255 1023 6296 uss.
1048 6255 1075 6297 ,ιι
1098 6249 1165 6300 ertit..
1180 6262 1222 6312 per
1244 6259 1363 6300 ιιιιιιιιιιιιι,

575 6299 661 6353 coteler
673 6303 759 6351 Ιιιιιιιιιι
770 6305 802 6355 de
814 6315 911 6357 resecato
922 6308 1042 6371 originali,
1060 6324 1082 6356 ιι.
1095 6311 1138 6359 titt.

1256 909 1355 963 tilieti
1376 908 1511 963 etttttds'.

2148 918 2200 974 sto

1414 1021 1492 1085 Betis,
1509 1038 1573 1073 ιιιιιιι
1587 1034 1609 1073 ιι
1622 1024 1743 1077 nieditatur
1761 1024 1806 1078 Dei
1820 1036 1843 1078 et
1856 1026 1983 1081 leontinum
1996 1027 2071 1081 domo
2085 1027 2199 1084 Christus

1412 1110 1488 1163 desua
1502 1109 1526 1177 (1
1540 1109 1604 1163 Tim.
1621 1129 1648 1170 ιι,
1664 1113 1710 1183 5).

1429 1204 1560 1262 'CAPUT
1581 1206 1663 1262 xxtt.
1684 1208 1780 1262 -lu
1802 1208 1880 1262 Sesto
1896 1210 2043 1274 antithesis,
2065 1213 2097 1266 de
2117 1214 2200 1279 qratia
2281 1213 2283 1218 ’
2329 1271 2336 1282 ,

1414 1298 1526 1349 onrtridns
1540 1299 1678 1351 successoria
1692 1308 1715 1351 et
1731 1301 1762 1351 de
1776 1297 1906 1368 Baptiamo
1921 1302 2092 1370 paruulorum.
2111 1322 2120 1354 ι
2134 1303 2199 1358 Gra·

1415 1388 1476 1440 tiam
1491 1387 1607 1451 Christi,
1626 1406 1636 1439 r
1659 1389 1796 1457 inquiunt,
1815 1407 1824 1440 ι
1844 1392 1965 1447 omuilms
1985 1394 2160 1447 necessariam
2172 1403 2199 1445 et

1414 1478 1558 1546 majoribus
1571 1487 1595 1532 et
1618 1480 1733 1546 paruistis
1746 1482 1923 1548 eastritemur;
1940 1494 1967 1537 ιι
1981 1497 2027 1538 eos
2044 1485 2088 1553 qui
2108 1485 2198 1538 dicunt

1414 1567 1448 1620 de
1468 1566 1573 1620 dtrirbus
1594 1567 1731 1636 narraturus
1754 1580 1843 1622 nattam
1865 1587 1916 1623 non
1936 1572 2033 1625 debere
2054 1573 2198 1641 baptizari,

1414 1655 1677 1713 anathematizamus.
1694 1676 1703 1709 r
1715 1656 1841 1713 Nosituus
1851 1662 1982 1728 utromodo
1994 1678 2044 1715 uon
2053 1664 2197 1717 secuudum

1414 1744 1524 1799 Paulrrm
1539 1748 1686 1814 apostolum
1698 1769 1709 1813 ς
1721 1748 1767 1802 sed
1781 1750 1924 1802 secundum
1946 1750 2078 1820 Pelagium
2094 1752 2200 1806 laureti·

1414 1850 1474 1889 cunt
1490 1836 1538 1889 ista
1549 1836 1642 1889 dicatis
1656 1837 1790 1907 :parvulis
1803 1836 1924 1893 videlieet
1938 1838 2099 1907 Barptlsmum
2110 1854 2200 1893 neces·

1414 1927 1584 1988 sariumnou
1595 1926 1889 1993 propterremissioucm
1899 1938 2075 1997 pcccatorum,
2084 1928 2130 1983 sed
2141 1937 2200 1983 tan·

1414 2014 1550 2067 tummodo
1568 2023 1677 2083 propter
1698 2031 1806 2087 negatum
1823 2019 1960 2072 catorum.
1982 2019 2055 2073 Datis
2074 2020 2144 2072 enim
2161 2018 2201 2073 eis

1413 2113 1486 2159 extra
1498 2120 1606 2173 reguum
1616 2104 1663 2159 Ilei
1674 2104 1759 2161 iocum
1769 2107 1861 2163 salutis
1869 2117 1896 2162 ιι
1906 2109 1966 2162 sitm
1977 2118 2094 2170 uterum,
2105 2109 2200 2163 etiam·

1413 2192 1436 2247 si
1450 2208 1502 2248 uon
1515 2195 1613 2249 luerint
1625 2196 1758 2264 baptizati.
1774 2198 1828 2253 Nec
1838 2199 1974 2255 attenditis
1987 2199 2058 2269 qtred
2071 2201 2200 2268 scriptum

1412 2290 1454 2339 esi
1470 2301 1477 2336 t
1495 2283 1545 2349 Qui
1558 2285 1690 2338 crediderit
1708 2296 1731 2340 et
1744 2286 1886 2357 baptizatus
1903 2290 1977 2359 [uerit
1995 2290 2079 2342 serious
2102 2290 2148 2342 erit
2165 2290 2172 2319 ¹
2191 2304 2198 2351 ;

1412 2373 1454 2441 qni
1467 2383 1550 2426 eutem
1568 2390 1618 2427 non
1636 2374 1787 2443 crediderit,
1803 2378 2027 2446 condemnabitur(
2041 2378 2122 2431 Μιιι.
2137 2393 2199 2440 ast,

1414 2461 1477 2532 ld).
1492 2461 1604 2531 Propter
1624 2464 1694 2533 quod
1715 2464 1740 2518 iu
1765 2465 1883 2522 Ecclesia
1904 2467 2049 2522 Salvatoris
2065 2484 2115 2538 per
2132 2468 2199 2521 alios

1413 2538 1514 2620 parvuli
1530 2552 1652 2616 credunt,
1666 2554 1734 2609 sicut
1747 2569 1780 2610 ex
1795 2556 1856 2611 aliis
1874 2571 1905 2612 ea
1925 2574 1984 2626 quae
1997 2558 2049 2612 illis
2063 2560 2088 2612 iu
2109 2558 2200 2627 Bapti-

1411 2657 1471 2698 snro
1480 2645 1649 2699 remittuntur
1659 2655 1915 2714 peecatatraxernnt.
1924 2647 1978 2702 Nec
1990 2648 2054 2702 illud
2066 2649 2198 2717 cogitatis,

1412 2748 1459 2789 eos
1472 2734 1551 2788 risam
1575 2734 1672 2789 lralrere
1693 2748 1745 2789 nou
1768 2749 1867 2804 posse,
1884 2736 1928 2805 qui
1952 2735 2051 2790 luerint
2072 2746 2199 2805 exportes

1411 2822 1532 2891 corporis
1557 2831 1585 2877 et
1606 2823 1743 2893 sanguinis
1762 2824 1879 2890 Christi,
1908 2824 2014 2879 dicente
2040 2824 2115 2895 ipso,
2140 2823 2199 2878 Nisi

1411 2912 1621 2967 arundueuoeritis
1639 2929 1742 2967 carnem
1758 2930 1860 2980 meum,
1879 2923 1903 2969 et
1924 2915 2033 2970 biberitis
2052 2916 2201 2986 sanguineus

1412 3018 1506 3068 meunt,
1518 3019 1567 3055 tion
1582 3002 1700 3057 lroieditia
1714 3004 1790 3058 eitam
1804 3006 1832 3058 in
1841 3004 1911 3058 nodis
1923 3003 2011 3077 (ioan.
2026 3021 2064 3071 st,
2078 3005 2132 3074 di).
2146 3008 2202 3061 Aut

1412 3094 1435 3149 si
1450 3094 1611 3164 evangelicis
1625 3094 1734 3150 vocilius
1748 3095 1872 3165 cogimini
1890 3096 2030 3163 confiteri,
2049 3111 2100 3152 nee
2119 3098 2200 3151 uitam
2249 3118 2255 3130 ·

1412 3184 1577 3253 salutemque
1589 3199 1668 3253 posse
1682 3184 1781 3240 habere
1792 3186 1917 3255 parrulos
1928 3185 1962 3241 de
1975 3201 2087 3255 corpore
2099 3202 2201 3241 exeun·

1413 3285 1471 3342 tes,
1485 3276 1535 3330 nisi
1549 3275 1647 3330 ltreriut
1666 3275 1789 3344 baptizati
1805 3292 1813 3340 ;
1827 3279 1939 3347 quaerite
1950 3293 1998 3333 cur
2009 3280 2202 3347 compellantur

1413 3382 1466 3421 nun
1482 3366 1605 3436 baptisati
1620 3366 1744 3421 secundae
1758 3369 1852 3422 mortis
1864 3368 1953 3423 subire
1966 3368 2123 3438 supplicium
2136 3410 2144 3433 ,
2156 3369 2201 3436 Ju-

1413 3455 1519 3510 dioante
1539 3455 1584 3510 illo
1596 3454 1641 3525 qui
1652 3456 1784 3514 nemiuem
1799 3455 1907 3510 damnat
1919 3457 2081 3511 immeritum
2096 3472 2104 3522 ;
2117 3466 2145 3511 et
2159 3457 2201 3510 in·

1413 3545 1526 3600 venietis
1537 3544 1609 3615 quod
1622 3560 1676 3599 non
1691 3545 1791 3611 sultis,
1806 3545 1936 3616 originale
1951 3555 2099 3615 peecatum.

1448 3634 1560 3694 CAPUT
1580 3635 1768 3692 xxiii-tt.
1788 3636 1904 3701 Septimo
1927 3639 2079 3705 antithesis,
2093 3640 2124 3695 de
2147 3637 2202 3694 Br-
2296 3679 2305 3703 ,

1414 3728 1498 3798 ptiarm
1511 3725 1609 3793 effectu.
1625 3744 1635 3778 ι
1652 3727 1793 3783 Eosetlam
1811 3728 1856 3795 qui
1871 3728 1973 3795 dieuut,
1990 3747 2000 3780 r
2018 3729 2113 3798 inquit,
2128 3746 2137 3779 ι
2156 3728 2203 3784 tta·

1414 3818 1508 3886 ptisma
1529 3832 1580 3870 trun
1601 3818 1690 3872 omitia
1709 3827 1816 3887 peccata
1840 3819 1948 3882 delere,
1970 3820 2201 3887 condemnamus;

1413 3908 1474 3978 quia
1490 3907 1589 3962 scituus
1609 3907 1713 3976 plenam
1732 3910 1915 3978 purgationem
1939 3926 1986 3979 per
2004 3913 2059 3980 ipsa
2073 3912 2200 3982 mysteria

1414 3998 1540 4053 cnttlerri.
1559 4015 1568 4049 r
1587 3997 1642 4052 linc
1655 3998 1769 4052 dicimus
1778 4009 1804 4054 ct
1815 4015 1863 4054 nos
1877 4016 1883 4051 t
1897 4001 1943 4054 scd
1958 4003 2083 4070 paruulos
2095 4017 2202 4071 quoque
2295 4016 2297 4021 ’

1414 4102 1462 4157 per
1475 4089 1530 4158 ipsa
1545 4088 1681 4157 arrysteria,
1698 4089 1790 4156 primm
1804 4090 1949 4144 stativiutis
1963 4098 1990 4144 ιι
2004 4091 2124 4146 obtrusis
2142 4105 2203 4146 suo-

1413 4178 1544 4234 cessiouis
1566 4179 1678 4232 vinculis
1701 4179 1791 4246 solvi,
1815 4195 1867 4235 non
1889 4182 1978 4237 dicitis
2001 4198 2058 4238 tos.
2089 4183 2201 4254 Propter

1414 4268 1484 4338 quod
1504 4268 1537 4322 de
1551 4268 1667 4323 Ecclesia
1680 4268 1798 4334 Christi,
1818 4286 1877 4340 quae
1891 4272 1941 4326 lroc
1952 4274 2098 4342 antiquitus
2110 4283 2200 4341 tutet,

1415 4366 1559 4428 eporestal
1572 4358 1639 4412 sicut
1657 4358 1701 4413 alii
1715 4359 1831 4415 lraereticl
1846 4362 2022 4431 segregemini
2039 4370 2066 4416 et
2080 4378 2136 4415 vos.

1450 4447 1562 4505 cuent
1580 4448 1676 4503 XXIV.
1689 4449 1777 4503 -ta
1802 4450 1901 4504 iuliani
1922 4450 2045 4519 Epistola
2061 4451 2201 4506 condutio-

1415 4556 1472 4594 nem
1483 4540 1586 4612 refellit.
1598 4540 1657 4595 Jam
1670 4555 1734 4596 scre
1746 4542 1815 4610 quod
1834 4543 1869 4595 ita
1882 4542 2017 4597 concludit
2034 4542 2179 4611 Epistulam
2192 4584 2201 4606 ,

1415 4639 1445 4684 ut
1457 4630 1545 4694 dicat,
1565 4650 1579 4687 ι
1595 4631 1678 4685 Nemo
1690 4646 1753 4699 ergo
1774 4646 1822 4686 sos
1840 4632 1949 4686 seducat
1961 4673 1968 4695 ,
1982 4648 2032 4687 uee
2054 4647 2084 4687 sc
2106 4641 2203 4699 negent

1415 4721 1488 4789 impii
1501 4723 1550 4775 ista
1565 4722 1674 4776 sentire.
1690 4721 1742 4776 Sed
1755 4723 1778 4775 si
1793 4737 1883 4776 rerum
1898 4723 1997 4786 dictatu,
2013 4731 2058 4776 aut
2069 4723 2201 4776 audientia

1415 4810 1509 4876 detur,
1523 4819 1568 4864 aut
1580 4819 1652 4864 certe
1665 4811 1706 4864 isti
1719 4810 1767 4878 ipsi
1782 4811 1909 4878 episcopi,
1923 4811 1968 4880 qui
1981 4827 2050 4865 nurte
2059 4812 2200 4878 dissident,

1417 4900 1543 4954 damnent
1555 4915 1614 4969 quar
1627 4913 1705 4967 supra
1720 4899 1774 4952 diui
1792 4914 1851 4953 cum
1866 4899 2017 4955 Marrieltmis
2032 4902 2080 4955 ista
2095 4912 2201 4966 terrere,

1416 4992 1484 5045 sicin
1504 5003 1553 5043 uos
1568 4989 1617 5042 ista
1630 4988 1788 5042 dauruamus
1801 5003 1862 5057 qum
1882 4988 1917 5042 de
1939 4991 2015 5043 nobis
2032 4989 2153 5058 jactant2
2175 4999 2203 5044 et

1417 5081 1465 5136 ιη’
1485 5080 1561 5151 plena
1584 5078 1749 5133 torrendis:
1773 5079 1843 5150 qrrad
1867 5080 1890 5134 si
1906 5080 2014 5144 riolunt,
2039 5081 2132 5136 scitote
2154 5095 2202 5134 eos

1416 5185 1476 5237 esse
1490 5168 1664 5233 nantelmus,
1679 5178 1706 5223 ct
1717 5168 1752 5224 alr
1764 5183 1857 5224 eorum
1876 5185 1923 5224 ros
1940 5171 2071 5226 abstinete
2090 5187 2203 5224 ιιιιιιιιι-

1416 5262 1476 5328 tiis;
1495 5279 1504 5313 r
1522 5259 1744 5316 currtcmneudurn
1764 5269 1805 5316 est
1820 5263 1906 5329 petius
1927 5274 2005 5329 quartu
2020 5260 2202 5316 refellendum.

1415 5353 1480 5421 Quis
1498 5353 1568 5407 euim
1584 5363 1703 5407 nostrum
1723 5352 1827 5407 dubitat
1846 5353 1987 5407 anathema
2008 5352 2098 5406 dicere
2118 5351 2203 5404 liaui-

1415 5443 1497 5498 elueis
1509 5484 1516 5508 ,
1530 5444 1575 5512 qui
1588 5443 1704 5496 dicuuta
1719 5443 1789 5496 Ιιοιιο
1802 5443 1856 5496 Deo
1867 5457 1916 5498 nec
1935 5441 2072 5505 horariues,
2089 5456 2138 5495 nec
2154 5456 2204 5494 nu·

1417 5535 1484 5603 ptius
1503 5534 1652 5598 institutas,
1665 5548 1715 5599 nee
1726 5535 1811 5602 legem
1822 5534 1926 5597 alatam,
1951 5548 2011 5601 quac
2029 5548 2076 5600 per
2095 5532 2204 5602 lluyscn

1417 5626 1528 5681 liebraeo
1539 5627 1638 5697 pupulo
1651 5626 1797 5679 utiuistrata
1807 5635 1849 5681 est
1861 5625 1873 5679 l
1884 5624 1937 5679 Sed
1951 5635 1979 5677 ιι
1992 5623 2139 5693 Pelagiauis
2150 5639 2203 5677 nou

1417 5716 1550 5770 immerito
1568 5715 1708 5770 aiiatltema
1731 5714 1863 5780 dicimus,
1880 5714 1924 5783 ‘iul
1946 5721 1999 5767 uam
2020 5720 2083 5767 sunt
2105 5711 2203 5768 inimici

1416 5806 1650 5877 granatumque
1663 5806 1734 5861 reon
1747 5820 1795 5875 per
1808 5804 1899 5860 lesum
1913 5803 2049 5859 Cirristum
2063 5805 2205 5862 {lominum

1417 5897 1559 5966 nostrum(
1576 5897 1650 5950 Rom.
1663 5912 1709 5960 ru,
1724 5893 1797 5966 25).
1812 5903 1842 5949 ιιι
1853 5911 1911 5949 eam
1924 5895 2013 5948 dicam
2031 5910 2082 5949 non
2102 5895 2207 5965 gratis,

1417 5988 1464 6042 sed
1479 5987 1623 6041 ιιιιιιιιιιιιιι
1636 5987 1728 6038 ιιιιτίιι
1744 5994 1832 6039 nostra
1845 5984 1918 6049 dari,
1939 6000 1971 6038 ac
1983 5987 2021 6039 sic
2040 5986 2123 6055 gratia
2146 5985 2205 6054 janu

1418 6094 1470 6132 non
1487 6077 1522 6131 sit
1542 6077 1626 6144 gratia
1648 6073 1712 6143 (ld.
1726 6074 1751 6128 ιι
1765 6115 1772 6140 ,
1784 6074 1820 6143 d)
1837 6092 1844 6139 ;
1863 6083 2017 6144 tantumque
2040 6076 2205 6130 conminuunt

1450 6211 1456 6239 ¹
1477 6208 1578 6258 rattruut
1596 6212 1665 6255 ttss:
1680 6203 1723 6265 (nri
1740 6203 1873 6268 dispitizotus
1898 6204 1971 6267 [sterit
1991 6208 2106 6266 credens,
2119 6195 2206 6250 atdans

1417 6278 1514 6378 Mitte.
1528 6339 1551 6380 ct
1565 6326 1629 6380 tais..
1640 6335 1662 6376 et
1675 6327 1714 6378 ait.
1728 6337 1777 6381 ιιιι.
1790 6339 1816 6379 et
1826 6336 1890 6380 tiss..
1905 6335 1928 6376 ιι
1937 6326 1975 6391 [ιι.
