5592 7350
461 827 463 834 Ι
501 854 554 915 ῐδό
852 813 880 912 S:
900 853 1081 912 udcbsttutt
1102 854 1249 911 lil‘lSCill'u
1270 853 1370 909 ttsstt
1390 854 1435 909 DE
1455 847 1610 911 PECChTO
1628 854 1811 913 OhlGleLI.
2103 862 2155 919 386

500 967 670 1040 pubahtem
682 969 801 1040 quidem,
817 968 864 1023 sed
878 983 930 1022 uon
945 969 1071 1022 mimitius
1084 982 1227 1022 enerussum
1241 984 1248 1020 :
1261 977 1306 1021 :un
1358 969 1390 1022 do
1404 978 1494 1023 ritrtura
1507 962 1555 1038 pitu·
1569 970 1628 1035 iroe,
1650 972 1713 1025 sicut
1727 982 1750 1026 et
1764 974 1847 1026 ceteri
1866 970 1975 1043 (Epicu.
1989 988 2025 1039 tt,
2040 972 2079 1047 a).
2096 972 2153 1046 ipsa

504 1067 575 1118 ule
587 1060 612 1116 si
629 1060 676 1116 ille
695 1061 736 1128 tir
756 1071 863 1115 sauctus
885 1069 963 1129 atqtte
985 1059 1093 1114 hunrilis
1109 1059 1264 1114 Zocliuriam
1279 1069 1305 1114 et
1358 1068 1398 1115 est
1412 1059 1482 1114 cuitu
1497 1074 1545 1129 per
1558 1070 1694 1129 peccatum
1708 1062 1785 1132 primi
1800 1062 1925 1130 hominis,
1940 1064 2010 1133 quod
2025 1079 2058 1120 ex
2070 1065 2154 1125 libere

505 1149 639 1210 Elisabeth
655 1167 769 1209 summae
784 1161 862 1222 utque
876 1151 1031 1207 omnimodo
1046 1151 1170 1221 perlectus
1182 1152 1303 1221 justitio,
1357 1150 1415 1221 ejus
1427 1151 1499 1207 uenit
1511 1150 1631 1217 arbitrio,
1646 1153 1737 1208 uitiata
1747 1164 1773 1208 et
1783 1153 1906 1209 daruuata
1918 1163 2029 1221 natura;
2043 1156 2086 1210 cui
2096 1158 2152 1211 sola

504 1242 545 1298 etri
556 1240 625 1297 nibil
639 1242 768 1313 eddilam
782 1249 890 1313 posset,
907 1240 988 1295 luisse
1000 1241 1170 1306 existimavit,
1186 1240 1324 1310 prolecto·
1356 1261 1405 1316 per
1414 1246 1586 1301 hlediatorem
1598 1246 1643 1302 liei
1657 1245 1830 1302 et'huminum
1841 1258 1867 1303 et
1877 1249 2087 1317 omnipotentem
2100 1264 2154 1306 rue·

506 1332 666 1389 seutentiam
683 1347 759 1387 suam
775 1331 900 1386 utiunties
916 1328 1074 1386 excutiendo
1088 1332 1214 1385 correxit.
1356 1336 1445 1392 dicum
1466 1336 1553 1392 diuina
1574 1337 1698 1393 subvenit
1717 1338 1812 1407 gratia.
1831 1339 1869 1393 De
1883 1337 1959 1406 cnjus
1973 1338 2105 1408 adjutorio
2118 1341 2150 1394 ad

535 1424 653 1481 (APUT
667 1425 700 1481 L.
711 1455 747 1466 -
759 1426 803 1481 55.
818 1422 944 1480 htteudut
957 1437 1021 1477 saue
1034 1424 1084 1478 iste
1098 1423 1232 1479 incudem
1247 1426 1304 1494 ipso
1354 1426 1571 1495 justificationem
1594 1437 1729 1493 nostram,
1744 1443 1797 1498 qno
1810 1429 1881 1483 Deus
1902 1429 2071 1499 diligentibus
2092 1444 2151 1483 eum

507 1519 577 1584 tuen,
600 1517 674 1574 nude
693 1518 744 1573 hoc
758 1516 964 1571 Ambrosianum
981 1515 1178 1582 testimouium,
1193 1516 1262 1585 quiid
1278 1516 1304 1571 ei
1356 1519 1444 1572 ontuia
1465 1528 1624 1590 cooperatur
1637 1520 1663 1573 iu
1677 1519 1776 1574 botrum
1794 1520 1801 1551 ¹
1818 1519 1905 1591 (lium
1921 1536 1985 1587 unt,
2000 1519 2065 1591 28),
2085 1533 2154 1589 qnos

508 1608 639 1677 putebat,
653 1606 816 1675 assumpsit,
833 1605 915 1659 etiam
935 1604 999 1659 illud
1021 1618 1081 1659 eum
1103 1604 1219 1670 dixisse,
1233 1607 1303 1674 qrrod
1356 1610 1430 1679 prior
1441 1609 1533 1664 ditexit
1546 1609 1567 1679 (l
1578 1608 1657 1662 Joerr.
1670 1626 1708 1675 ιιι,
1722 1610 1777 1682 ih),
1792 1610 1895 1665 denaus
1907 1611 1946 1665 eis
1960 1620 1988 1665 nt
2001 1611 2154 1681 diligeretur

510 1698 563 1751 aab
582 1696 662 1751 initio
672 1710 733 1751 esse
743 1695 942 1749 luiniaculatum
957 1695 983 1760 ¹,
997 1694 1120 1749 humanae
1140 1696 1304 1765 impossihile
1355 1699 1390 1752 ab
1404 1700 1456 1765 οἱς,
1472 1700 1534 1769 qrria
1546 1700 1646 1767 latudiu
1662 1709 1702 1753 est
1716 1710 1744 1754 ut
1759 1701 1914 1754 disserimus
1928 1699 2072 1770 :deinceps
2086 1701 2154 1755 inci-

509 1790 538 1843 sit
552 1798 677 1843 nature:
696 1806 706 1840 ι
726 1787 771 1841 ubi
785 1786 896 1842 etuniuo
911 1786 982 1840 illam
1002 1786 1149 1841 naturalem
1172 1786 1304 1856 possibili·
1355 1791 1476 1861 piatuus,
1491 1801 1617 1861 quumnm
1637 1790 1764 1845 Dominus
1780 1790 1928 1859 adiuuerit,
1947 1792 2028 1846 etiam
2042 1792 2075 1845 de
2089 1803 2153 1859 pec·-

509 1889 594 1944 tatem,
607 1893 690 1949 quam
702 1877 824 1948 Pelagius
836 1892 889 1931 uon
902 1876 959 1931 uult
969 1875 1084 1932 ildelitcr
1096 1877 1231 1946 respicere
1242 1892 1304 1947 pec·
1355 1890 1425 1947 catu,
1440 1882 1509 1951 qnod
1525 1897 1573 1952 per
1587 1898 1667 1936 tinum
1681 1881 1816 1937 huminem
1830 1897 1890 1936 cum
1906 1892 1992 1937 morte
2006 1882 2114 1937 intrarit
2127 1883 2153 1937 in

511 1979 634 2025 ιιιιοεεεο
647 1970 778 2035 uitiatam,
794 1977 821 2023 et
835 1966 1162 2037 ideejactanterextollit,
1177 1982 1303 2023 eneruem
1355 1971 1501 2038 urruudnm,
1524 1981 1604 2041 atque
1628 1973 1663 2026 ita
1690 1973 1716 2026 in
1738 1986 1832 2027 ontncs
1855 1963 1976 2027 luertiines
2001 1974 2154 2042 pertransiit

512 2062 690 2130 mamque
706 2066 818 2115 testatur
835 2058 1003 2114 venerandus
1017 2059 1173 2113 umbrosius
1188 2076 1195 2113 :
1211 2059 1304 2130 procul

511 2150 580 2207 dultia
594 2158 691 2205 eontra
711 2149 789 2206 istius
801 2148 980 2214 uoluntatem,
995 2147 1041 2204 sed
1057 2163 1110 2204 uon
1129 2156 1222 2204 contra
1240 2163 1304 2219 apo·

511 2242 623 2299 ιιιιιαιιιι
633 2243 785 2309 veritatem,
798 2241 842 2298 nbi
852 2241 959 2312 legitur,
974 2238 1083 2295 Fuimus
1095 2250 1119 2295 at
1132 2257 1178 2296 uos
1187 2241 1303 2312 aliquun-

533 2435 542 2470 ¹
551 2443 634 2499 tute,
644 2435 832 2489 innectentem.

1357 2061 1444 2134 (ιιοιιι.
1456 2079 1483 2128 ιι,
1499 2063 1555 2134 ιι),
1566 2064 1694 2119 aduersus
1708 2065 1773 2118 istos
1786 2064 1830 2134 qni
1844 2064 1871 2119 in
1884 2080 2002 2120 errorem
2017 2065 2079 2120 buic
2089 2081 2154 2121 con-

1357 2153 1466 2207 trarium
1488 2154 1593 2208 uer-iuni
1615 2154 1732 2223 apertius
1754 2163 1914 2225 eruperunt,
1930 2170 1990 2225 qnae
2008 2156 2072 2210 satis
2091 2170 2153 2211 esse

1355 2246 1516 2302 uidebuntur
1527 2246 1688 2316 exprimere.

1388 2375 1396 2407 ¹
1410 2383 1460 2424 tm.
1474 2383 1500 2425 et
1510 2382 1564 2434 su,
1580 2389 1627 2435 queo
1640 2384 1714 2427 neum
1724 2374 1876 2439 diligmtilnta
1893 2389 1949 2427 erun
1964 2375 2046 2428 musa
2065 2388 2151 2442 ooope-

1355 2442 1442 2487 rnntur
1464 2436 1490 2487 iu
1501 2436 1595 2487 bortum.
1609 2436 1677 2499 ttale,
1689 2450 1718 2489 ac
1727 2438 1928 2488 dissentientibus
1938 2446 1992 2488 ttss.

747 2658 826 2806 s.
889 2549 1910 2806 &monstrum

500 2904 708 3130 ΒΕ
810 2898 1407 3126 onusta·
1511 2901 2150 3126 CHRISTI

714 3263 826 3389 ΕΤ
863 3262 985 3389 on
1021 3185 1438 3392 recenso
1469 3258 1948 3392 oeternum

780 3454 1017 3540 CONTRA
1053 3454 1362 3541 PELAGIUM
1397 3456 1472 3538 ET
1510 3453 1878 3539 COELESTIUM

1190 3606 1326 3704 isitii
1345 3616 1463 3704 eho.

1181 3742 1472 3840 essetnsuaasee

973 3901 1209 4010 LIBER
1238 3899 1679 4008 SECUNDUS.

1085 4066 1136 4126 DE
1156 4063 1339 4127 Pttcctto
1359 4062 1580 4125 Onttttrtttt.

1240 4181 1428 4238 &ww

530 4319 645 4373 ttstcndit
654 4320 810 4383 segusium,
822 4317 945 4381 Pelagium
956 4316 982 4364 iu
992 4314 1128 4378 qtraesioue
1136 4310 1169 4360 de
1180 4311 1215 4360 ori
1235 4307 1292 4358 inali
1303 4314 1405 4371 peccato
1416 4319 1445 4356 ec
1455 4306 1487 4356 de
1495 4304 1649 4368 paruulorum
1660 4307 1804 4368 Baptismate
1814 4341 1821 4368 ,
1833 4307 1892 4358 nibil
1903 4310 1984 4371 reipsa
1993 4309 2123 4362 dissentire
2137 4326 2151 4365 a

502 4380 622 4446 fidpttlo
630 4383 708 4446 ipsius
716 4380 843 4440 coelestio,
856 4381 897 4441 qni
909 4383 1036 4441 peecatum
1045 4371 1163 4436 originale
1174 4324 1284 4421 canituri
1295 4369 1397 4441 nolens,
1411 4367 1452 4440 uel
1464 4370 1538 4417 etiam
1548 4373 1634 4430 aperte
1646 4380 1739 4430 negare
1751 4381 1841 4429 auem,
1862 4372 2006 4433 carthagine
2033 4373 2101 4431 nius,
2123 4389 2152 4424 ae

502 4452 589 4509 pastea
600 4451 689 4502 honae,
699 4456 714 4493 e
724 4441 876 4504 uiseopahbns
882 4439 979 4502 indiciis
989 4438 1116 4486 damnatus
1125 4440 1172 4483 est.
1184 4434 1346 4492 Quaestionem
1358 4443 1424 4479 enum
1434 4435 1564 4501 estannnou
1580 4441 1664 4500 earnm
1675 4441 1740 4502 esse,
1749 4438 1776 4480 nt
1786 4431 1896 4480 haretici
1907 4432 1981 4481 iidem
1992 4446 2022 4481 ro
2034 4433 2116 4493 ebant,
2127 4437 2151 4483 ιιι

503 4506 592 4571 gidus
602 4512 695 4568 praeter
706 4458 762 4552 eluet
774 4501 909 4566 pericnlum
922 4512 1006 4548 errare
1017 4497 1151 4558 contingit:
1164 4496 1212 4543 ime
1223 4494 1287 4542 hunc
1295 4504 1379 4541 eornm
1388 4503 1499 4540 errorem
1510 4503 1560 4550 ipsa
1568 4503 1665 4539 ommno
1673 4490 1730 4541 tidet
1739 4492 1875 4541 christianae
1887 4499 1974 4554 petere
1986 4494 2151 4545 lundarneutu.

504 4566 599 4617 tetettu
611 4577 658 4616 etis
708 4572 761 4623 tea,
773 4564 815 4626 qni
826 4560 1006 4624 originalisvitii
1014 4560 1127 4623 dogmate
1136 4557 1273 4619 nuptiarum
1284 4553 1384 4602 bonitmi
1396 4552 1489 4602 detrahi
1497 4586 1504 4612 ,
1512 4559 1612 4615 heuque
1624 4553 1668 4614 ipsi
1677 4588 1685 4614 ,
1693 4552 1848 4616 hominisqui
1858 4567 1904 4616 per
1913 4557 2008 4616 nuptias
2019 4567 2151 4618 generatur

504 4628 623 4680 ωιιιιοιι
697 4628 703 4638 ’
754 4625 808 4675 lieri
819 4623 1008 4675 contendebant.

535 4731 655 4790 CAPUT
674 4729 813 4787 Plllllliil.
827 4757 865 4771 -
877 4730 904 4783 i.
924 4727 982 4783 lam
998 4740 1070 4781 nurtc
1088 4723 1229 4794 diligenter
1251 4720 1299 4774 ad·

506 4826 620 4892 erute,
635 4822 671 4879 de
688 4822 851 4893 baptismate
873 4818 1043 4890 pau-uturum
1066 4830 1146 4886 qnam
1161 4820 1238 4867 cante
1250 4809 1301 4865 de-

506 4914 592 4973 leatis
611 4915 706 4970 audire
726 4913 848 4969 lietuiues
868 4909 1020 4982 ejusmodi,
1044 4908 1089 4979 qui
1111 4919 1196 4975 rueqrrc
1210 4911 1301 4974 aperte

504 5007 542 5064 illi
555 5006 630 5062 :etati
647 5005 781 5060 lavacrum
801 5000 1010 5073 regenerationis
1029 5006 1056 5053 et
1071 5003 1239 5066 peccatorum
1256 5007 1301 5048 re·

505 5097 643 5155 missionis
663 5094 762 5150 audent
787 5106 902 5164 negare,
930 5105 964 5145 ue
988 5088 1040 5143 huc
1059 5086 1210 5142 christianae
1223 5097 1301 5138 aures

506 5189 575 5245 lcrre
597 5202 652 5242 nou
675 5185 793 5256 possint;
809 5193 939 5240 ettamen
960 5180 1112 5252 opinionem
1132 5192 1225 5242 suain,
1249 5190 1300 5246 qua

507 5287 599 5349 putam
612 5274 814 5347 peecatoprtnt
825 5272 941 5329 hominis
954 5269 1087 5327 carnalem
1102 5268 1300 5339 generationem

507 5370 650 5426 obnoxiam
665 5382 718 5422 nou
731 5365 834 5432 teneri,
850 5363 918 5420 tueri
937 5371 965 5419 et
980 5361 1119 5417 defensare
1134 5359 1298 5429 persistunt,

507 5463 628 5530 quamuis
640 5459 681 5514 eis
694 5457 857 5526 baptismum
874 5454 1014 5510 videantur
1029 5453 1056 5508 in
1070 5462 1238 5522 peccaterum
1259 5466 1301 5504 re-

508 5552 663 5609 nissienem
677 5550 835 5606 concedere.
849 5547 951 5617 Nempe
966 5545 1015 5617 ipsi
1029 5560 1044 5599 a
1061 5543 1165 5614 Pelagio
1175 5557 1223 5596 vos
1233 5556 1301 5611 prn-

508 5654 581 5701 tente
604 5640 753 5714 scripsistis
778 5639 905 5705 audisse,
926 5636 1056 5693 recitante
1071 5634 1146 5689 uubis
1160 5633 1194 5688 de
1212 5632 1302 5687 libello

509 5750 565 5802 tao,
579 5749 663 5806 quem
677 5733 759 5789 etiam
776 5731 888 5786 Romanu
901 5745 931 5784 se
944 5728 1050 5783 misisse
1063 5724 1217 5791 asserebat,
1231 5722 1301 5795 qnod

511 5826 627 5883 riisdetu
642 5823 809 5881 Sacramenti
819 5822 908 5878 uerbis
920 5839 929 5874 ι
940 5819 1049 5876 dimoti
1064 5817 1162 5873 debere
1175 5814 1300 5886 baptizari

509 5918 642 5984 mentes,
664 5915 761 5987 quihus
775 5923 802 5969 et
816 5912 942 5984 majores.
964 5928 975 5965 t
997 5909 1062 5980 Quis
1079 5917 1138 5980 post
1158 5908 1202 5962 illa
1222 5908 1302 5963 rerba

510 6018 622 6081 pataret,
637 6007 678 6063 eis
689 6006 724 6061 de
736 6005 786 6060 hae
798 6020 828 6060 re
844 6004 923 6058 ullam
935 6000 1093 6057 mouendam
1103 6014 1162 6055 esse
1175 5999 1303 6069 quaestiu-

511 6101 587 6158 aetnl
610 6107 659 6154 ant
680 6111 741 6153 cunt
765 6096 881 6159 laceret,
906 6094 949 6149 cni
974 6109 1026 6148 nou
1048 6088 1303 6149 calumniosissimus

511 6190 653 6253 rideretur,
669 6189 691 6244 si
706 6202 759 6243 non
774 6202 865 6242 eornm
884 6183 1022 6239 martilestu
1036 6182 1115 6237 verba
1132 6182 1301 6251 legerentur,

512 6281 551 6341 titi
580 6290 682 6355 negant
703 6277 827 6354 paruulus
854 6276 958 6332 trabere
992 6274 1119 6348 originale
1145 6281 1302 6346 peccatum,

1355 4731 1502 4786 omnesque
1525 4717 1583 4770 siue
1603 4717 1657 4772 ullu
1672 4716 1737 4770 uitio
1750 4727 1827 4773 natos
1842 4733 1901 4773 esse
1915 4719 2103 4774 corrteuduuti

1389 4804 1502 4861 CAPUT
1513 4802 1544 4860 ll.
1557 4836 1591 4845 —
1601 4805 1628 4859 a.
1642 4807 1675 4861 Et
1684 4806 1826 4863 Caelestius
1839 4808 1945 4878 quidem
1958 4810 1984 4864 iu
1999 4811 2049 4865 hoc
2063 4811 2147 4866 exsti·

1355 4898 1386 4952 tit
1402 4911 1493 4952 errore
1505 4894 1623 4963 liberior,
1640 4912 1723 4966 usqne
1733 4897 1811 4964 adeo,
1824 4907 1852 4952 nt
1865 4914 1951 4969 nequre
1964 4900 1990 4953 iu
2001 4901 2112 4971 episcop
2122 4903 2149 4957 ιιι

1351 4991 1453 5062 indicio
1467 4991 1538 5061 apud
1560 4988 1746 5059 Carthaginem
1767 4990 1895 5046 damnare
1909 4993 2025 5047 noluerit
2043 4996 2150 5064 eosqui
2209 4991 2212 4995 ’

1353 5080 1455 5146 dicunt,
1474 5098 1482 5132 ι
1500 5080 1576 5148 Quod
1590 5090 1729 5148 peecatum
1748 5080 1813 5135 Adae
1828 5081 1913 5151 ipsum
1929 5083 2014 5137 sulum
2029 5083 2149 5153 laeserit,

1354 5181 1381 5226 et
1392 5188 1445 5226 uon
1455 5186 1539 5242 genus
1553 5170 1714 5236 linutauum;
1731 5179 1758 5226 et
1772 5171 1842 5242 qrtud
1857 5172 2022 5243 irrlantesqui
2033 5190 2150 5230 nascun-

1354 5273 1407 5331 tur,
1419 5264 1446 5318 iu
1456 5279 1490 5320 eo
1500 5272 1570 5318 statu
1581 5266 1645 5330 sint,
1659 5262 1686 5317 iu
1699 5278 1752 5333 urm
1764 5264 1848 5317 hulam
1860 5263 1907 5319 luit
1917 5272 1978 5319 aute
1989 5267 2148 5334 prevarica-

1354 5355 1465 5411 tionem.
1486 5372 1495 5407 ι
1511 5355 1543 5409 Et
1556 5355 1581 5408 iu
1598 5354 1662 5409 urhe
1682 5355 1765 5408 ttuuu
1780 5354 1805 5407 in
1820 5353 2148 5426 libellusno,i1ucmbea-

1354 5447 1459 5503 tissimo
1470 5462 1545 5517 papa·
1560 5446 1667 5500 Zositne
1678 5446 1759 5511 dedit,
1772 5447 1797 5500 id
1812 5447 1972 5501 asseuerauit
1985 5448 2147 5516 expressius,

1357 5538 1457 5608 «quiid
1481 5539 1653 5607 parvulorum
1684 5539 1817 5592 ruentirtem
1846 5538 1994 5608 obstringat
2018 5539 2148 5608 originale

1355 5639 1502 5700 peceatum.
1522 5648 1532 5682 ι
1551 5629 1588 5684 lle
1602 5628 1683 5699 gestis
1703 5628 1773 5683 euim
1796 5628 1983 5683 ecelesiasticis
2005 5628 2147 5699 Carthagi-

1355 5721 1483 5776 nensibus
1497 5719 1623 5791 linceius
1639 5719 1718 5774 rerba
1735 5719 1934 5787 descripsimus.

1390 5810 1504 5867 capot
1523 5809 1566 5864 lli.
1581 5841 1616 5850 —
1629 5811 1655 5864 3.
1672 5829 1682 5860 ι
1702 5808 1824 5863 burellus
1839 5808 2064 5880 episcopusdixit
2079 5827 2086 5867 t
2100 5809 2147 5865 Se·

1355 5902 1463 5973 qurerrtia
1477 5902 1630 5957 recitentur.
1650 5902 1682 5955 tt
1696 5900 1835 5955 recitatum
1849 5906 1901 5959 est,
1917 5897 1993 5965 Quod
2010 5910 2147 5968 peccatum

1356 5995 1421 6049 Adae
1434 5994 1483 6064 ipsi
1496 5994 1545 6047 suli
1557 5991 1682 6062 abluerit,
1697 6000 1723 6045 et
1736 6005 1788 6044 non
1798 5990 1887 6059 geuueri
1899 5990 2025 6045 humano.
2040 5992 2073 6047 Et
2086 6007 2148 6047 cnm

1357 6086 1494 6140 recitatum
1520 6093 1609 6146 esset,
1634 6083 1774 6139 Coelestius
1795 6081 1862 6136 dixit
1878 6101 1885 6136 :
1901 6080 1959 6137 bui
1981 6082 2015 6139 de
2041 6084 2151 6140 traduce

1357 6177 1456 6246 peceati
1479 6174 1589 6228 ‹lrrb‘zmu
1614 6190 1656 6227 me
1678 6189 1754 6234 esse,
1778 6172 1814 6227 ita
1833 6183 1919 6227 tamen
1939 6183 1968 6228 ut
1985 6174 2027 6229 cui
2040 6174 2150 6229 donavit

1358 6267 1552 6330 beuuseuuuuu
1575 6268 1676 6331 peritiae
1704 6267 1886 6335 consentianum
1912 6268 1971 6338 ertia
1996 6268 2101 6326 diversa
2116 6280 2151 6327 ao
