5592 7350
557 914 607 974 stt

557 1030 639 1085 ritem
651 1029 852 1086 eslrertetlooes
861 1025 919 1100 eius
932 1028 1083 1098 audiebent,
1097 1030 1172 1087 tacite
1183 1030 1252 1089 scire
1265 1043 1354 1104 potue

555 1122 634 1178 riui?

588 1211 705 1290 CAPUT
724 1211 819 1270 xxtt.
833 1242 870 1254 -
883 1213 929 1269 bl.
950 1213 984 1269 Ει
998 1228 1049 1284 ego
1069 1212 1175 1285 quidem
1196 1215 1222 1269 in
1240 1214 1352 1285 epistole

553 1322 623 1368 ntea,
638 1320 719 1377 qrtam
733 1305 853 1376 pretulit,
866 1319 918 1359 neu
934 1303 1021 1361 selum
1034 1305 1068 1361 ab
1081 1304 1138 1376 eius
1152 1304 1275 1362 laudibus
1287 1315 1353 1362 tem·

554 1402 663 1472 pereri3
677 1399 815 1455 sedetiam
829 1407 956 1468 qtratrtnm
971 1398 1055 1467 potui,
1070 1398 1127 1453 sinc
1139 1398 1198 1469 ejus
1209 1399 1217 1431 ¹
1230 1414 1351 1454 comme·

554 1496 626 1548 tione
637 1492 802 1563 qttaestionis,
816 1491 850 1546 de
864 1491 911 1546 llei
922 1490 1008 1562 gratia
1022 1500 1096 1546 recte
1108 1505 1202 1562 sapere
1213 1492 1349 1547 admonui.

554 1585 612 1640 ltixi
623 1599 684 1639 enm
697 1584 795 1655 quippe
811 1584 836 1638 in
852 1583 1021 1648 salutatione,
1034 1583 1174 1639 bominum
1190 1601 1196 1638 ε
1211 1584 1282 1654 qrrod
1292 1583 1350 1654 epl-

552 1676 644 1733 etolari
655 1691 730 1731 more
742 1681 822 1731 etiam
835 1692 888 1732 ιιιιιι
900 1676 1052 1731 christianis
1062 1676 1221 1746 quibusdam
1232 1678 1350 1734 scribere

551 1767 689 1832 selemns;
705 1781 791 1835 neque
807 1766 833 1821 id
848 1765 1022 1833 mendaciter,
1038 1766 1163 1837 gereniam
1179 1768 1302 1823 uentribus
1313 1767 1346 1824 ad

550 1856 675 1918 salntem.
687 1857 784 1926 qinein
796 1854 902 1911 Cirriste
915 1866 965 1921 est,
981 1857 1205 1927 eertseqnendam.
1220 1857 1348 1914 debemus

549 1947 666 2019 quodam
675 1946 755 2002 mede
764 1947 874 2001 liberam
882 1946 1049 2002 servitutem.
1062 1948 1118 2002 ltixi
1127 1947 1346 2005 dilectissimum:

547 2039 622 2110 qood
636 2049 663 2095 ct
675 2054 746 2095 rtnac
766 2039 844 2102 dico,
860 2038 910 2094 rtsl
932 2040 1015 2094 iratus
1028 2038 1124 2106 luerit,
1139 2039 1226 2095 adbuc
1240 2039 1344 2106 dicam;

546 2133 676 2203 qtroniem
692 2132 742 2187 nisi
754 2146 816 2202 erga
831 2146 891 2185 enm
904 2130 1075 2187 dilectionem
1090 2142 1216 2197 tenuero,
1231 2131 1276 2187 illo
1291 2131 1346 2187 ira·

547 2232 662 2290 scente,
676 2223 734 2293 ipse
755 2222 820 2277 mibi
835 2221 920 2292 magis
934 2221 1048 2277 nocebo.
1065 2221 1123 2276 llixi
1145 2221 1345 2278 Desiderattssi·

547 2329 639 2380 tnnm;
654 2313 779 2385 quereiam
790 2312 866 2369 ratde
880 2312 1019 2382 cupiebam
1034 2327 1093 2367 cnm
1106 2322 1237 2383 praesente
1247 2313 1345 2386 :tliqnid

546 2406 665 2475 colloqui
680 2422 687 2460 :
701 2405 757 2476 jam
778 2405 848 2460 enim
869 2405 1006 2460 audieram
1029 2413 1122 2460 eontra
1141 2405 1269 2476 gratiam,
1291 2423 1344 2477 qua

545 2496 734 2568 justibermur,
742 2494 849 2565 qtrarrdo
860 2494 921 2548 ltine
929 2494 1016 2565 aliqua
1026 2495 1246 2551 commemoratio
1257 2497 1342 2562 steret,

547 2595 641 2655 aperte
662 2600 724 2640 eum
739 2585 911 2640 contentione
930 2586 1032 2639 ceneri.
1057 2585 1176 2656 Denique
1196 2588 1344 2643 litterarum

547 2681 668 2749 ipserum
681 2677 770 2733 breuis
784 2684 871 2732 textus
884 2676 936 2731 ltoc
950 2676 1049 2732 indicet
1059 2694 1066 2730 :
1076 2693 1137 2733 nam
1150 2692 1211 2733 cum
1227 2678 1343 2749 egissem

545 2770 664 2840 gratias,
679 2768 750 2839 (ιιοιι
770 2783 813 2823 me
833 2766 939 2836 scriptis
956 2768 1012 2822 suis
1031 2768 1224 2835 exhilarasset,
1238 2777 1343 2823 certum

547 2859 673 2917 lacierade
682 2860 717 2915 de
729 2874 777 2915 sua
789 2860 874 2915 solute
886 2874 918 2913 ac
928 2874 1048 2925 sitorum,
1061 2876 1129 2930 ιμιιιι
1142 2860 1232 2931 ιιιίιιιιιι
1245 2860 1267 2915 si
1279 2875 1342 2915 cor-

546 2962 639 3009 rectos
651 2951 788 3013 velemus,
808 2950 888 3005 etiam
912 2950 1045 3018 corporali
1068 2951 1153 3007 salute
1173 2952 1261 3006 salves
1275 2949 1344 3006 relle

545 3039 694 3105 delemusr
706 3055 766 3095 mox
780 3039 805 3094 ei
818 3041 885 3095 betta
897 3040 986 3109 optari
999 3056 1014 3094 e
1029 3041 1141 3097 bomine
1155 3043 1277 3110 retribui,
1288 3056 1341 3097 uon

544 3129 708 3187 adsalutem
723 3130 844 3199 eorporis
858 3130 1036 3200 pertinentia,
1049 3129 1097 3187 sed
1116 3146 1145 3187 ea
1162 3134 1268 3203 pet'us,
1283 3148 1343 3203 qrrae
1363 3135 1365 3139 ’

547 3224 659 3292 poerbm
671 3236 750 3285 esse,
766 3219 808 3275 rel
822 3219 892 3275 terte
905 3219 996 3277 adbuc
1013 3229 1102 3291 petat,
1118 3221 1143 3275 io
1163 3223 1221 3277 sole
1233 3223 1343 3277 arbitrio

547 3311 694 3368 veluntatis
705 3319 732 3367 et
747 3310 852 3381 propria
866 3319 997 3382 potestate
1010 3311 1104 3379 posita,
1117 3311 1196 3366 simul
1208 3326 1304 3381 optans
1315 3322 1342 3369 ct

547 3411 660 3474 prepter
675 3401 725 3457 bec
738 3402 818 3455 vitam
831 3409 967 3455 eternam.
984 3400 1086 3456 Deinde
1098 3402 1156 3472 quia
1170 3401 1264 3457 litteris
1274 3400 1340 3467 suis,

546 3491 644 3563 quibos
658 3489 863 3562 respondebam,
879 3492 941 3546 talla
955 3490 1076 3561 quedam
1091 3491 1118 3546 in
1135 3507 1178 3547 tttc
1190 3493 1260 3548 boue
1275 3493 1343 3547 mul·

548 3596 605 3641 tunt
619 3584 783 3655 benigneque
803 3582 973 3650 laudaverat;
989 3584 1069 3639 etiam
1090 3583 1126 3638 ibi
1145 3584 1225 3654 petivi
1240 3584 1274 3640 alt
1292 3598 1340 3652 eo,

546 3686 578 3733 ot
590 3689 639 3747 pro
653 3689 696 3732 me
710 3683 818 3742 oraret,
831 3689 884 3746 quo
899 3676 987 3745 petius
1001 3690 1016 3730 a
1030 3676 1144 3731 Pennino
1157 3678 1216 3732 talis
1230 3678 1341 3745 llercm,

547 3768 653 3841 queem
664 3768 835 3839 meessejam
845 3767 967 3824 crederet
978 3784 985 3822 ι
997 3777 1026 3823 ιιι
1035 3784 1095 3825 eum
1103 3769 1340 3853 sicadmeuerem,

545 3868 642 3916 contra
665 3858 735 3929 quod
752 3858 795 3914 ille
815 3858 951 3930 sepiebat,
972 3869 1056 3928 tpsam
1077 3874 1183 3931 qrtmpue
1194 3860 1340 3930 justitiam,

546 3965 626 4022 geom
642 3949 668 4005 ie
683 3964 726 4004 me
740 3948 898 4005 laudandam
913 3960 1063 4019 putaverat,
1078 3965 1132 4006 nen
1145 3965 1205 4006 esse
1215 3951 1340 4019 solentis,

547 4055 635 4112 aegre
647 4040 796 4106 currentis,
810 4038 857 4096 sed
872 4041 1024 4097 miserentis
1040 4040 1096 4097 Dei·
1109 4041 1203 4112 (don.
1220 4057 1259 4108 ts,
1276 4041 1339 4116 te).

547 4128 605 4200 ileo
613 4139 760 4200 esttetum,
770 4130 841 4202 qued
856 4131 944 4187 brevis
959 4131 1002 4186 illa
1015 4130 1127 4202 epistola
1141 4146 1200 4188 mea
1210 4133 1339 4194 continet.

546 4239 631 4294 esque
645 4223 795 4281 irrteotione
807 4222 906 4280 dictata
919 4232 962 4280 est
978 4241 984 4277 :
1000 4239 1060 4278 nam
1075 4224 1110 4278 ita
1123 4240 1152 4280 se
1168 4224 1268 4281 babet:

581 4312 695 4372 catut
709 4313 805 4371 tttttt
819 4323 843 4369 et
859 4313 979 4382 XXVlll.
993 4345 1028 4356 —
1042 4315 1087 4371 52.
1110 4333 1120 4366 t
1144 4317 1258 4373 Domino
1274 4316 1340 4374 dilc-

546 4407 683 4478 ttissimo,
699 4414 728 4466 et
750 4405 978 4463 desideratissime
1003 4405 1076 4462 tratri
1101 4407 1226 4480 Pelagio,
1247 4410 1339 4480 dogu-

547 4499 649 4564 stinus,
666 4499 693 4554 in
711 4499 825 4553 Denrine
843 4497 969 4554 sulutem.
985 4495 1089 4553 Gratias
1108 4513 1159 4569 ago
1177 4498 1339 4569 plurimum,

546 4590 671 4661 undere
682 4590 778 4651 litteris
789 4589 841 4646 tuis
852 4590 1003 4646 exbilarare
1014 4587 1137 4660 dignatus
1148 4604 1189 4656 es,
1202 4598 1339 4645 etcertum

547 4682 636 4740 lacere
647 4682 683 4740 de
695 4681 781 4738 salute
791 4691 888 4737 restra.
901 4681 1040 4738 Retribuat
1057 4681 1103 4737 tibi
1118 4681 1244 4737 Dominus
1259 4681 1338 4748 bona,

544 4772 644 4843 quibos
657 4786 766 4842 semper
777 4771 815 4827 sis
830 4772 926 4839 benus,
942 4780 1043 4829 etcum
1056 4773 1102 4828 ille
1114 4782 1215 4829 aeterne
1229 4773 1302 4826 viras
1313 4771 1339 4827 in

545 4873 691 4928 aternum,
717 4862 827 4920 dentiae
852 4864 1043 4930 dilectissime,
1066 4874 1094 4922 et
1114 4864 1340 4922 desideratissime

546 4953 640 5019 inter.
653 4953 711 5023 Ege
723 4965 831 5020 sertem,
845 4956 895 5009 etsi
909 4956 934 5010 in
950 4972 993 5012 me
1008 4970 1060 5011 uon
1078 4970 1193 5027 agnosce
1207 4957 1339 5026 preconia

544 5043 581 5100 de
593 5058 636 5100 ete
649 5051 713 5110 toa,
726 5058 786 5114 qnae
806 5053 858 5100 tuae
879 5045 1053 5117 Benignitatls
1071 5047 1183 5118 epistola
1202 5047 1338 5115 cetttinet;

546 5133 678 5191 benevolo
688 5143 777 5189 umen
790 5135 880 5190 anime
889 5149 951 5205 erga
962 5135 1133 5206 exiguitatem
1144 5152 1242 5206 meam,
1253 5138 1340 5209 ingra-

546 5236 589 5284 tos
602 5239 665 5283 esse
680 5242 734 5281 noo
747 5241 855 5297 pessum
866 5228 959 5282 :simul
972 5229 1129 5295 admonens,
1140 5241 1170 5286 ut
1183 5219 1340 5302 potiuson'e

544 5332 596 5390 pre
609 5332 664 5385 me,
683 5318 812 5389 quietalis
830 5334 846 5374 a
871 5319 986 5374 llomieo
1007 5319 1085 5387 llam,
1101 5321 1205 5391 qtralem
1229 5337 1272 5376 me
1284 5321 1339 5391 iarn

544 5423 606 5471 osse
622 5407 773 5472 arbitraris.
795 5407 828 5464 Et
842 5410 895 5465 etio
917 5425 1017 5464 neone:
1036 5411 1136 5466 llcmor
1149 5411 1251 5478 nestri,
1264 5412 1339 5467 inco·

544 5501 625 5568 territis
639 5501 755 5557 Domino
769 5502 889 5570 placcat,
903 5503 1011 5558 demine
1025 5502 1212 5563 dilectissime.
1226 5513 1253 5559 et
1266 5502 1339 5559 desl-

543 5592 719 5649 densissime
735 5592 817 5650 fralet·
835 5613 845 5647 t
863 5591 957 5665 (Epist.
974 5594 1049 5665 lte).

579 5683 693 5743 cetur
709 5683 804 5743 ΧΧΙΧ.
815 5662 903 5741 -Ιὸδ,
921 5685 947 5741 ln
963 5685 1132 5757 ipsaqueque
1145 5687 1339 5757 subscriptione

542 5774 616 5846 ιιιιιιιΙ
628 5775 718 5846 ροιιιί,
730 5784 760 5832 ut
772 5777 884 5833 llomioo
898 5778 1011 5845 placeat,
1026 5777 1110 5848 magis
1123 5779 1173 5834 bec
1187 5794 1247 5834 esse
1257 5779 1339 5849 signi·

544 5867 622 5927 beari
637 5868 665 5922 in
678 5868 737 5938 ejus
748 5867 846 5938 gratie,
860 5885 939 5937 quarm
955 5869 980 5923 in
994 5869 1051 5923 sole
1066 5867 1182 5924 beminis
1193 5869 1338 5935 relrtncue,

543 5959 653 6029 enartde
665 5960 692 6017 id
708 5975 758 6016 nec
771 5961 892 6015 hortatus
904 5977 974 6026 sitm,
989 5976 1037 6015 nec
1051 5959 1176 6030 precepi,
1190 5974 1240 6015 ecc
1250 5958 1338 6022 docui,

543 6050 593 6105 red
615 6050 716 6120 opteri.
743 6049 971 6120 Quemadmodum
998 6065 1061 6106 nero
1086 6051 1108 6105 si
1130 6050 1267 6113 hortarer,
1296 6060 1340 6104 ιιιιι

544 6144 720 6221 praeciperem
733 6185 741 6206 ,
770 6143 811 6199 rel
840 6143 981 6208 «tererem,
1017 6141 1148 6215 pertimeo
1175 6141 1225 6198 boc
1251 6152 1278 6198 et
1306 6144 1337 6196 ad

581 6313 587 6328 ·
606 6307 722 6349 dormitus
739 6305 790 6358 ιιι,
803 6298 883 6347 tritior.
903 6297 1064 6349 colbertinus.
1084 6294 1148 6346 t'llirn
1167 6308 1337 6347 ιιιιιιτιιιίιιιιιῑ-

546 6356 620 6426 ticine.
640 6358 705 6409 alins
715 6359 812 6421 qrtedsm
824 6358 916 6419 onies,
929 6356 1115 6413 rortmtcultiorc.

803 6626 914 6656 ι,

1307 918 1407 973 ttnen
1429 916 1527 976 usus.
1556 910 1558 912 ’

2151 932 2206 987 bib

1410 1032 1523 1089 liberem
1551 1036 1689 1092 arbitrium
1715 1037 1941 1104 demonstrarem,
1969 1056 2020 1097 nec
2043 1052 2131 1099 tameo
2154 1044 2202 1101 oet

1407 1127 1500 1198 gratiae
1523 1127 1680 1201 derogarem
1705 1148 1712 1185 :
1742 1132 1778 1187 lta
1801 1135 1861 1204 qnia
1887 1136 1995 1205 optari,
2022 1135 2068 1191 llei
2092 1136 2200 1208 quidem

1407 1218 1590 1275 commendati
1621 1222 1752 1291 gratiam,
1783 1238 1835 1279 neu
1865 1235 1953 1282 tamen
1985 1226 2124 1281 arbitrium
2152 1242 2201 1283 re·

1408 1309 1516 1366 luntatis
1527 1312 1651 1368 exstinxi.
1668 1312 1766 1384 thuid
1785 1330 1849 1387 erge
1872 1316 1897 1370 iu
1916 1316 2078 1388 beandieie
2092 1320 2201 1389 protulit

1406 1400 1475 1458 lianc
1489 1404 1646 1472 epistnlemi
1660 1407 1805 1463 secundum
1820 1425 1898 1478 ‹puatu
1916 1411 1938 1464 si
1957 1410 1991 1464 ab
2006 1411 2081 1465 initio
2095 1410 2199 1481 sapuis-

1404 1500 1455 1553 set.
1472 1493 1544 1547 nullo
1557 1495 1637 1549 mode
1650 1494 1783 1564 fortassis,
1800 1498 1862 1553 licet
1876 1514 1890 1552 a
1905 1498 1983 1553 benis
1997 1499 2133 1564 iratribus,
2149 1503 2198 1556 sed

1405 1591 1492 1639 tamen
1515 1587 1688 1654 perversitate
1709 1587 1920 1664 disputationum
1945 1592 2003 1659 ejus
2024 1591 2150 1655 eliensis,
2164 1594 2201 1647 ed

1402 1676 1554 1746 episcopale
1573 1678 1704 1748 judicium
1727 1667 1875 1735 terreretur.
1903 1681 1986 1736 Perre
2007 1692 2106 1746 autem,
2130 1685 2199 1739 sicut

1402 1780 1452 1837 ege
1463 1769 1592 1823 rationem
1603 1769 1637 1823 de
1649 1768 1698 1823 ltac
1709 1786 1767 1825 mea
1778 1771 1889 1840 epistola
1905 1772 2022 1838 reddidi:
2037 1775 2072 1827 ita
2086 1774 2195 1839 destris,

1400 1858 1422 1911 si
1433 1868 1505 1914 esset
1517 1874 1640 1925 necesse,
1652 1861 1796 1916 redderent
1807 1878 1921 1933 querunt
1932 1864 2064 1935 allegavit,
2077 1864 2198 1921 dicentes

1401 1948 1442 2004 rel
1461 1949 1525 2019 qnid
1541 1950 1708 2019 putaverint,
1725 1952 1767 2006 nel
1788 1952 1850 2022 qtrid
1872 1953 2069 2024 ignoraverint,
2085 1954 2127 2010 tel
2144 1970 2196 2025 que

1400 2039 1503 2095 ratione
1520 2040 1686 2111 scripserint.
1705 2041 1818 2098 Proinde
1834 2043 1956 2115 Pelagius
1970 2044 2003 2098 de
2017 2045 2197 2115 quorumlibet

1399 2137 1551 2186 sattcterum
1563 2130 1681 2185 amicitia
1696 2146 1725 2187 sc
1738 2131 1889 2201 jactaverit,
1904 2136 2082 2204 quorumlibet
2094 2134 2128 2189 tle
2139 2135 2196 2189 suis

1398 2218 1521 2276 laudibus
1545 2222 1646 2276 litteras
1671 2221 1784 2293 legerit,
1805 2223 1931 2291 quelibet
1953 2224 2115 2294 purgationis
2138 2239 2196 2280 suas

1397 2322 1471 2381 gesta
1487 2314 1638 2384 protulerit,
1654 2315 1705 2369 uisi
1720 2330 1752 2372 ee
1766 2331 1826 2386 quae
1840 2327 1933 2372 centra
1945 2317 1992 2372 llei
2006 2318 2129 2388 gretiam,
2143 2333 2194 2388 qua

1398 2417 1526 2459 vocantur
1547 2414 1574 2461 ct
1592 2405 1786 2473 justificamur,
1810 2409 1932 2472 posuisse
1958 2410 1984 2464 in
2011 2410 2087 2465 libris
2107 2410 2116 2443 ¹
2136 2411 2193 2465 suls

1397 2492 1554 2550 idoneorum
1571 2506 1677 2552 testium
1699 2498 1751 2552 lldc
1774 2498 1914 2569 probatur.
1930 2501 2069 2556 cetrlessus
2081 2499 2192 2556 anathe-

1397 2586 1578 2654 matizaverit,
1598 2603 1629 2644 ac
1656 2589 1754 2646 deinde
1769 2592 1779 2622 ¹
1793 2603 1885 2646 eornm
1903 2590 1961 2647 ltaec
1982 2593 2038 2663 ipsa
2056 2592 2193 2665 scripserit

1396 2687 1422 2733 et
1437 2678 1621 2748 disputat-erit,
1638 2694 1807 2751 rreqoaqnam
1821 2680 1864 2738 bis
1878 2683 1976 2754 quibus
1990 2684 2094 2754 plenius
2110 2694 2189 2740 notus

1395 2780 1447 2838 est,
1462 2770 1593 2827 ridebitur
1609 2787 1670 2829 esse
1684 2783 1832 2830 correctus.

1429 2859 1544 2919 catut
1558 2861 1642 2918 XXX.
1656 2893 1691 2904 -
1704 2865 1748 2919 ii.
1764 2863 1823 2920 lam
1838 2866 1921 2932 enim,
1933 2883 1992 2937 ettae
2007 2878 2067 2939 post
2082 2869 2133 2926 boc
2144 2870 2189 2941 jn·

1399 2950 1498 3007 dicium
1513 2961 1655 3009 consecute
1671 2954 1733 3019 sint,
1749 2971 1809 3025 rpuae
1827 2954 1897 3011 banc
1912 2958 2091 3028 suspicionem
2106 2962 2190 3032 magis

1394 3051 1518 3113 augeant,
1534 3058 1586 3097 nen
1602 3043 1703 3100 tacebo.
1719 3045 1844 3101 terrenti
1857 3046 1884 3101 ie
1897 3062 1993 3104 manos
2006 3060 2110 3105 nostras
2123 3065 2191 3106 non·

1395 3135 1466 3190 nulla
1478 3137 1598 3207 epistola,
1609 3152 1670 3208 qnae
1680 3138 1763 3207 ipsius
1776 3138 1874 3210 Pelagii
1888 3139 2033 3208 diceretur,
2046 3142 2190 3199 scribentis

1393 3225 1427 3280 ad
1442 3225 1555 3282 amicum
1577 3243 1653 3282 snum
1673 3228 1815 3299 qttcrndam
1839 3230 2043 3302 presbyterum,
2062 3233 2107 3302 eui
2127 3249 2188 3289 eum

1394 3316 1499 3383 litteris,
1514 3317 1583 3371 sieut
1595 3318 1688 3372 eadem
1707 3319 1817 3385 epistola
1837 3321 1998 3387 continetur,
2012 3322 2125 3392 benigne
2138 3324 2189 3378 ad·

1393 3418 1550 3477 monuerat,
1563 3425 1597 3465 ac
1610 3425 1657 3480 per
1670 3410 1729 3482 ejus
1746 3413 1914 3468 occasionem
1937 3428 1967 3470 se
1981 3415 2076 3485 aliquis
2095 3430 2110 3471 a
2125 3432 2188 3472 cor-

1393 3514 1458 3570 pore
1467 3500 1593 3557 Ecclesiae
1601 3511 1749 3572 separaret.
1758 3501 1795 3559 lbi
1807 3504 1992 3573 intercedere,
2002 3522 2060 3578 quas
2069 3508 2188 3565 inserere

1393 3590 1501 3661 lengum
1516 3601 1567 3658 est,
1582 3608 1632 3646 nee
1645 3608 1713 3663 opus
1730 3604 1790 3658 cst,
1805 3595 1842 3649 ait
1855 3595 1977 3666 Pelagius
1994 3613 2002 3652 ι
2019 3616 2029 3649 ι
2053 3597 2188 3666 Quatuer-

1392 3680 1481 3737 decim
1496 3682 1684 3754 episcoporum
1706 3685 1838 3741 sententia
1860 3685 1981 3742 dclluitie
2002 3699 2091 3743 nestra
2112 3706 2189 3743 cont·

1393 3773 1503 3842 probata
1515 3783 1571 3842 cst,
1586 3788 1637 3843 qtra
1652 3773 1787 3839 diximus,
1801 3789 1881 3845 posse
1898 3775 2033 3831 bominem
2047 3779 2106 3834 sinc
2120 3795 2184 3849 pec·

1392 3870 1454 3919 cato
1472 3878 1551 3930 esse,
1566 3875 1594 3920 et
1610 3864 1656 3920 liei
1671 3865 1796 3920 mandata
1817 3865 1895 3922 lacile
1916 3867 2061 3934 custodire,
2073 3868 2096 3924 si
2111 3869 2187 3925 rellt.

1393 3954 1616 4023 Qriaesententia,
1640 3973 1651 4008 ι
1672 3955 1772 4026 inquit,
1796 3974 1806 4011 ι
1829 3957 2188 4014 contradictionises⁸cen-

1393 4043 1498 4099 lusione
1515 4045 1646 4113 pertudit,
1666 4056 1693 4100 et
1706 4059 1813 4101 omnem
1829 4047 1855 4102 in
1871 4046 1969 4103 malunt
1988 4049 2187 4117 cerrspirantetn

1392 4135 1548 4190 socteutem
1566 4134 1601 4188 ab
1621 4134 1733 4190 inuicem
1753 4137 1900 4205 separarit.
1922 4156 1933 4191 t
1954 4139 2016 4196 Sire
2030 4120 2094 4211 erge
2108 4140 2186 4195 istam

1391 4223 1532 4295 edentem
1547 4224 1669 4294 Pelagius
1688 4241 1750 4280 rere
1762 4227 1915 4296 scripserit,
1930 4229 1987 4285 sire
2001 4231 2050 4285 sub
2062 4231 2121 4300 eins
2137 4246 2185 4284 ne·

1393 4315 1465 4373 mine
1474 4330 1488 4369 a
1497 4331 1664 4387 quecumque
1672 4317 1783 4372 ceollcta
1797 4318 1842 4383 sit,
1850 4319 1911 4389 quis
1919 4335 1972 4374 non
1980 4319 2081 4386 videat,
2092 4336 2187 4391 quent·

1391 4406 1536 4462 admodum
1549 4406 1593 4462 bic
1605 4421 1680 4462 error
1693 4407 1767 4464 etde
1779 4408 1879 4479 judicie
1893 4410 1936 4465 ubi
1952 4411 2092 4466 convictus
2105 4419 2187 4480 atque

1392 4496 1534 4554 damnatus
1557 4506 1618 4564 cst,
1642 4508 1766 4571 tanquam
1788 4501 1823 4555 de
1841 4500 1951 4556 victoria
1971 4501 2120 4572 glorietur?
2140 4501 2186 4558 Sic

1391 4588 1463 4643 enirn
1477 4587 1565 4659 posuit
1583 4588 1641 4644 ltaec
1659 4590 1755 4654 rerba,
1771 4590 1994 4660 qrtemadmodom
2019 4591 2142 4661 leguntur
2154 4593 2185 4646 in

1391 4677 1461 4732 libro
1475 4678 1552 4749 ejus,
1572 4681 1616 4749 qui
1638 4680 1819 4750 capitulorum
1834 4690 1962 4748 recator,
1983 4696 2037 4737 nen
2058 4685 2186 4753 quemad·

1391 4768 1499 4823 medum
1512 4769 1615 4839 objecta
1635 4778 1698 4824 sunt
1718 4769 1744 4824 iu
1763 4768 1882 4839 jndicio,
1898 4771 1938 4826 ttel
1960 4771 2018 4840 ejus
2038 4772 2122 4827 etiam
2142 4787 2186 4828 re-

1391 4863 1536 4933 sponsione
1549 4861 1669 4931 rcpetita.
1684 4859 1750 4915 Nam
1764 4871 1791 4917 et
1803 4861 1841 4917 illi
1853 4862 1898 4932 qui
1911 4861 2080 4932 objecerunt,
2094 4863 2186 4919 nescio

1391 4936 1448 5026 qua
1459 4954 1559 5009 incuria
1572 4995 1579 5018 ,
1593 4953 1682 5007 minus
1702 4962 1849 5023 posuerunt
1868 4955 1978 5010 verbum
1991 4997 1999 5023 ,
2015 4955 2049 5012 dc
2061 4971 2116 5027 qno
2129 4972 2183 5012 tren

1392 5061 1474 5116 pirre
1487 5052 1529 5100 cst
1538 5045 1729 5100 controversia.
1746 5044 1896 5101 Potuerunt
1908 5047 1981 5103 enim
1996 5063 2056 5103 oum
2069 5047 2183 5111 dixisse.

1395 5156 1405 5190 ι
1429 5137 1510 5192 Posse
1524 5134 1671 5202 hominem,
1688 5137 1710 5191 si
1726 5137 1798 5202 velit,
1813 5151 1874 5194 esse
1886 5139 1944 5194 sine
1957 5148 2081 5209 peceato,
2097 5148 2123 5195 et
2139 5141 2185 5195 lici

1393 5227 1515 5283 marrdats
1529 5225 1705 5297 custodire,si
1726 5227 1809 5283 relit:
1830 5247 1841 5282 ι
1860 5228 1894 5285 dc
1915 5229 2040 5285 taetttnte
2060 5230 2125 5285 nibil
2145 5242 2186 5286 cst

1391 5318 1502 5374 dictent.
1523 5316 1624 5373 Deinde
1636 5318 1692 5387 ipsc
1704 5318 1870 5388 respondens
1883 5320 1936 5382 ait,
1954 5338 1963 5372 ι
1983 5320 2065 5374 Posse
2076 5316 2184 5390 quidem

1392 5411 1526 5466 brtruinem
1537 5425 1596 5466 esse
1606 5411 1663 5465 sine
1675 5419 1793 5480 trecento,
1805 5416 1832 5465 et
1844 5410 1890 5464 bet
1901 5409 2024 5464 mandata
2035 5408 2179 5463 custodire.

1391 5505 1414 5559 si
1428 5503 1505 5568 velit,
1520 5503 1637 5557 dixintns
1653 5522 1661 5558 s
1679 5522 1689 5555 ι
1707 5518 1793 5573 neque
1807 5503 1865 5572 ipsc
1877 5503 1955 5570 dixit,
1974 5520 1984 5554 ι
2003 5501 2080 5557 larcile
2094 5511 2184 5556 custo-

1391 5592 1468 5657 dire;
1488 5611 1498 5645 ι
1515 5590 1562 5646 scd
1575 5592 1768 5657 tetrtnotmode,
1786 5608 1796 5641 t
1816 5569 1960 5645 custodire.
1980 5611 1989 5641 ι
2009 5591 2046 5646 lta
2059 5589 2111 5646 alle
2124 5592 2184 5646 loen

1391 5683 1461 5739 luter
1479 5683 1522 5737 illa
1537 5682 1681 5754 dequibus
1699 5698 1741 5737 nte
1756 5682 1871 5736 llilarius
1883 5681 2036 5746 consuluit,
2051 5689 2131 5753 etque
2141 5695 2184 5738 tte·

1392 5775 1497 5847 scripsi,
1507 5774 1688 5846 sican'ectnm
1702 5784 1743 5829 est
1759 5792 1766 5826 :
1784 5792 1794 5825 ι
1814 5774 1897 5828 Posse
1909 5773 2045 5828 bominem
2055 5787 2115 5830 esse
2125 5775 2184 5830 sinc

1393 5880 1512 5940 peccato,
1521 5869 1623 5922 sirelit.
1636 5888 1645 5918 t
1659 5865 1776 5937 ddqnod
1788 5866 1845 5936 ipse
1857 5869 1892 5920 ita
1905 5865 2061 5936 respondit:
2078 5884 2087 5918 ι
2101 5866 2183 5922 Posse

1392 5963 1499 6034 quidem
1513 5961 1647 6017 bominem
1668 5959 1725 6014 sine
1740 5967 1848 6028 peccate
1870 5973 1948 6028 esse,
1963 5958 2064 6014 dictem
2080 5970 2121 6015 cst
2134 5974 2182 6015 su·

1394 6054 1492 6123 peries.
1512 6070 1522 6103 ι
1538 6050 1629 6120 Neque
1643 6048 1685 6103 ltic
1698 6064 1772 6120 crgo,
1787 6051 1826 6104 sel
1842 6050 1876 6103 ab
1890 6049 1987 6120 eisqui
2005 6050 2181 6122 objecerunt,

1426 6230 1433 6262 l
1451 6237 1516 6278 suar.
1527 6223 1709 6278 ettelltertinus
1720 6231 1770 6283 its..
1784 6223 1878 6276 litteris.

1425 6293 1562 6340 'nmnantts
1573 6295 1625 6346 tte..
1636 6300 1665 6337 ec
1677 6288 1782 6355 demon,
1810 6346 1816 6357 ,

1427 6356 1436 6383 ¹
1448 6351 1597 6400 colbertinus
1607 6356 1640 6397 ιιι
1653 6383 1659 6408 ,
1673 6349 1968 6401 ιιιιιιιιιισιωιιιιιιιιιιιει.
