<?xml version="1.0" encoding="UTF-8"?>
<!DOCTYPE html PUBLIC "-//W3C//DTD XHTML 1.0 Transitional//EN"
    "http://www.w3.org/TR/xhtml1/DTD/xhtml1-transitional.dtd">
<html xmlns="http://www.w3.org/1999/xhtml" xml:lang="en" lang="en">
 <head>
  <title>
</title>
<meta http-equiv="Content-Type" content="text/html;charset=utf-8" />
  <meta name='ocr-system' content='tesseract 3.04.00' />
  <meta name='ocr-capabilities' content='ocr_page ocr_carea ocr_par ocr_line ocrx_word'/>
</head>
<body>
  <div class='ocr_page' id='page_1' title='image "./patrologiaecurs04goog/patrologiaecurs04goog_0050.png"; bbox 0 0 5592 7350; ppageno 0'>
   <div class='ocr_carea' id='block_1_1' title="bbox 649 871 2291 951">
    <p class='ocr_par' dir='ltr' id='par_1_1' title="bbox 649 871 2291 951">
     <span class='ocr_line' id='line_1_1' title="bbox 649 871 2291 951; baseline -0.007 -19"><span class='ocrx_word' id='word_1_1' title='bbox 649 891 680 951; x_wconf 86' lang='lat' dir='ltr'><strong>ot</strong></span> <span class='ocrx_word' id='word_1_2' title='bbox 1382 871 1574 927; x_wconf 54' lang='lat' dir='ltr'><strong>ricrossae.</strong></span> <span class='ocrx_word' id='word_1_3' title='bbox 2257 876 2291 933; x_wconf 65' lang='lat' dir='ltr'><strong>aa</strong></span> 
     </span>
    </p>
   </div>
   <div class='ocr_carea' id='block_1_2' title="bbox 602 986 2309 6442">
    <p class='ocr_par' dir='ltr' id='par_1_2' title="bbox 647 986 2295 2341">
     <span class='ocr_line' id='line_1_2' title="bbox 647 986 2289 1082; baseline -0.009 -15"><span class='ocrx_word' id='word_1_4' title='bbox 647 1004 806 1082; x_wconf 81' lang='lat' dir='ltr'><strong>guandam</strong></span> <span class='ocrx_word' id='word_1_5' title='bbox 820 1002 1022 1081; x_wconf 82' lang='lat' dir='ltr'><strong>Pelagiauam</strong></span> <span class='ocrx_word' id='word_1_6' title='bbox 1040 994 1185 1059; x_wconf 79' lang='lat' dir='ltr'><strong>hamesim</strong></span> <span class='ocrx_word' id='word_1_7' title='bbox 1210 993 1292 1053; x_wconf 83' lang='lat' dir='ltr'><strong>circs</strong></span> <span class='ocrx_word' id='word_1_8' title='bbox 1310 989 1546 1067; x_wconf 88' lang='lat' dir='ltr'><strong>abipsonovas</strong></span> <span class='ocrx_word' id='word_1_9' title='bbox 1567 993 1720 1058; x_wconf 76' lang='lat' dir='ltr'>sumeret,</span> <span class='ocrx_word' id='word_1_10' title='bbox 1743 991 1841 1062; x_wconf 84' lang='lat' dir='ltr'><strong>utque</strong></span> <span class='ocrx_word' id='word_1_11' title='bbox 1864 1004 1906 1048; x_wconf 84' lang='lat' dir='ltr'><strong>ex</strong></span> <span class='ocrx_word' id='word_1_12' title='bbox 1932 986 2119 1065; x_wconf 87' lang='lat' dir='ltr'><strong>magisterio</strong></span> <span class='ocrx_word' id='word_1_13' title='bbox 2146 989 2289 1067; x_wconf 85' lang='lat' dir='ltr'><strong>ejusdem</strong></span> 
     </span>
     <span class='ocr_line' id='line_1_3' title="bbox 649 1065 2289 1150; baseline -0.008 -6"><span class='ocrx_word' id='word_1_14' title='bbox 649 1078 734 1146; x_wconf 90' lang='lat' dir='ltr'><strong>velut</strong></span> <span class='ocrx_word' id='word_1_15' title='bbox 749 1081 945 1149; x_wconf 73' lang='lat' dir='ltr'><strong>instructior,</strong></span> <span class='ocrx_word' id='word_1_16' title='bbox 958 1079 1043 1140; x_wconf 91' lang='lat' dir='ltr'><strong>aliud</strong></span> <span class='ocrx_word' id='word_1_17' title='bbox 1059 1080 1170 1137; x_wconf 89' lang='lat' dir='ltr'><strong>contra</strong></span> <span class='ocrx_word' id='word_1_18' title='bbox 1186 1069 1401 1150; x_wconf 88' lang='lat' dir='ltr'><strong>Augustinum</strong></span> <span class='ocrx_word' id='word_1_19' title='bbox 1417 1084 1498 1146; x_wconf 87' lang='lat' dir='ltr'><strong>opus</strong></span> <span class='ocrx_word' id='word_1_20' title='bbox 1514 1067 1754 1146; x_wconf 74' lang='lat' dir='ltr'><strong>aggrederetur.</strong></span> <span class='ocrx_word' id='word_1_21' title='bbox 1771 1065 1880 1141; x_wconf 87' lang='lat' dir='ltr'><strong>Neque</strong></span> <span class='ocrx_word' id='word_1_22' title='bbox 1896 1065 2029 1126; x_wconf 91' lang='lat' dir='ltr'><strong>dubium</strong></span> <span class='ocrx_word' id='word_1_23' title='bbox 2044 1072 2094 1127; x_wconf 90' lang='lat' dir='ltr'><strong>est</strong></span> <span class='ocrx_word' id='word_1_24' title='bbox 2111 1070 2190 1145; x_wconf 94' lang='lat' dir='ltr'><strong>quin</strong></span> <span class='ocrx_word' id='word_1_25' title='bbox 2206 1071 2289 1131; x_wconf 87' lang='lat' dir='ltr'><strong>idem</strong></span> 
     </span>
     <span class='ocr_line' id='line_1_4' title="bbox 649 1143 2290 1241; baseline -0.007 -18"><span class='ocrx_word' id='word_1_26' title='bbox 649 1166 715 1241; x_wconf 87' lang='lat' dir='ltr'><strong>ipse</strong></span> <span class='ocrx_word' id='word_1_27' title='bbox 731 1160 912 1229; x_wconf 90' lang='lat' dir='ltr'><strong>Theodoro,</strong></span> <span class='ocrx_word' id='word_1_28' title='bbox 928 1157 966 1217; x_wconf 92' lang='lat' dir='ltr'><strong>ad</strong></span> <span class='ocrx_word' id='word_1_29' title='bbox 982 1153 1120 1217; x_wconf 85' lang='lat' dir='ltr'><strong>edendos</strong></span> <span class='ocrx_word' id='word_1_30' title='bbox 1135 1153 1234 1212; x_wconf 89' lang='lat' dir='ltr'><strong>libros</strong></span> <span class='ocrx_word' id='word_1_31' title='bbox 1258 1150 1290 1209; x_wconf 92' lang='lat' dir='ltr'><strong>iu</strong></span> <span class='ocrx_word' id='word_1_32' title='bbox 1311 1148 1432 1224; x_wconf 88' lang='lat' dir='ltr'><strong>peccati</strong></span> <span class='ocrx_word' id='word_1_33' title='bbox 1450 1146 1616 1226; x_wconf 88' lang='lat' dir='ltr'><strong>originalis</strong></span> <span class='ocrx_word' id='word_1_34' title='bbox 1633 1150 1824 1215; x_wconf 77' lang='lat' dir='ltr'><strong>assertores,</strong></span> <span class='ocrx_word' id='word_1_35' title='bbox 1849 1145 1875 1204; x_wconf 90' lang='lat' dir='ltr'><strong>si</strong></span> <span class='ocrx_word' id='word_1_36' title='bbox 1897 1143 1977 1205; x_wconf 85' lang='lat' dir='ltr'><strong>torte</strong></span> <span class='ocrx_word' id='word_1_37' title='bbox 1998 1146 2039 1205; x_wconf 91' lang='lat' dir='ltr'><strong>ab</strong></span> <span class='ocrx_word' id='word_1_38' title='bbox 2066 1164 2104 1205; x_wconf 91' lang='lat' dir='ltr'><strong>eo</strong></span> <span class='ocrx_word' id='word_1_39' title='bbox 2134 1165 2199 1208; x_wconf 94' lang='lat' dir='ltr'><strong>non</strong></span> <span class='ocrx_word' id='word_1_40' title='bbox 2223 1150 2290 1227; x_wconf 83' lang='lat' dir='ltr'><strong>jam</strong></span> 
     </span>
     <span class='ocr_line' id='line_1_5' title="bbox 647 1223 2291 1317; baseline -0.008 -15"><span class='ocrx_word' id='word_1_41' title='bbox 647 1249 722 1302; x_wconf 78' lang='lat' dir='ltr'><strong>rrnte</strong></span> <span class='ocrx_word' id='word_1_42' title='bbox 749 1240 874 1317; x_wconf 77' lang='lat' dir='ltr'>aliquot</span> <span class='ocrx_word' id='word_1_43' title='bbox 900 1253 1017 1308; x_wconf 89' lang='lat' dir='ltr'><strong>annos,</strong></span> <span class='ocrx_word' id='word_1_44' title='bbox 1041 1238 1077 1295; x_wconf 90' lang='lat' dir='ltr'><strong>ut</strong></span> <span class='ocrx_word' id='word_1_45' title='bbox 1101 1229 1344 1292; x_wconf 82' lang='lat' dir='ltr'><strong>observavimus</strong></span> <span class='ocrx_word' id='word_1_46' title='bbox 1377 1228 1505 1306; x_wconf 80' lang='lat' dir='ltr'><strong>(Supra,</strong></span> <span class='ocrx_word' id='word_1_47' title='bbox 1532 1244 1600 1305; x_wconf 84' lang='lat' dir='ltr'><strong>cap.</strong></span> <span class='ocrx_word' id='word_1_48' title='bbox 1630 1225 1693 1303; x_wconf 73' lang='lat'><strong>10),</strong></span> <span class='ocrx_word' id='word_1_49' title='bbox 1714 1223 1789 1285; x_wconf 90' lang='lat' dir='ltr'><strong>editi</strong></span> <span class='ocrx_word' id='word_1_50' title='bbox 1811 1228 1915 1296; x_wconf 89' lang='lat' dir='ltr'><strong>orant,</strong></span> <span class='ocrx_word' id='word_1_51' title='bbox 1938 1230 2052 1284; x_wconf 90' lang='lat' dir='ltr'><strong>auctor</strong></span> <span class='ocrx_word' id='word_1_52' title='bbox 2074 1225 2291 1305; x_wconf 80' lang='lat' dir='ltr'><strong>inritaturque</strong></span> 
     </span>
     <span class='ocr_line' id='line_1_6' title="bbox 648 1323 2293 1474; baseline -0.008 -15"><span class='ocrx_word' id='word_1_53' title='bbox 648 1323 803 1459; x_wconf 58' lang='lat' dir='ltr'><strong>sui’rcilsus</strong></span> <span class='ocrx_word' id='word_1_54' title='bbox 818 1392 1027 1474; x_wconf 82' lang='lat' dir='ltr'><strong>ierosolymis</strong></span> <span class='ocrx_word' id='word_1_55' title='bbox 1045 1390 1193 1469; x_wconf 83' lang='lat' dir='ltr'><strong>Pelagius</strong></span> <span class='ocrx_word' id='word_1_56' title='bbox 1211 1404 1276 1464; x_wconf 93' lang='lat' dir='ltr'><strong>quo</strong></span> <span class='ocrx_word' id='word_1_57' title='bbox 1292 1384 1478 1463; x_wconf 80' lang='lat' dir='ltr'><strong>perfugerit,</strong></span> <span class='ocrx_word' id='word_1_58' title='bbox 1498 1383 1642 1461; x_wconf 90' lang='lat' dir='ltr'><strong>ignotum</strong></span> <span class='ocrx_word' id='word_1_59' title='bbox 1659 1388 1707 1442; x_wconf 90' lang='lat' dir='ltr'><strong>ost</strong></span> <span class='ocrx_word' id='word_1_60' title='bbox 1723 1402 1730 1440; x_wconf 91' lang='lat'><strong>:</strong></span> <span class='ocrx_word' id='word_1_61' title='bbox 1749 1398 1854 1458; x_wconf 85' lang='lat' dir='ltr'><strong>neque</strong></span> <span class='ocrx_word' id='word_1_62' title='bbox 1872 1383 1941 1459; x_wconf 81' lang='lat' dir='ltr'><strong>ejus</strong></span> <span class='ocrx_word' id='word_1_63' title='bbox 1955 1383 2086 1459; x_wconf 90' lang='lat' dir='ltr'><strong>posthac</strong></span> <span class='ocrx_word' id='word_1_64' title='bbox 2099 1383 2129 1442; x_wconf 93' lang='lat' dir='ltr'><strong>in</strong></span> <span class='ocrx_word' id='word_1_65' title='bbox 2150 1384 2293 1447; x_wconf 81' lang='lat' dir='ltr'><strong>historico</strong></span> 
     </span>
     <span class='ocr_line' id='line_1_7' title="bbox 648 1461 2290 1551; baseline -0.006 -16"><span class='ocrx_word' id='word_1_66' title='bbox 648 1476 865 1537; x_wconf 83' lang='lat' dir='ltr'><strong>nrorrumentis</strong></span> <span class='ocrx_word' id='word_1_67' title='bbox 881 1474 1042 1551; x_wconf 88' lang='lat' dir='ltr'><strong>reperitur</strong></span> <span class='ocrx_word' id='word_1_68' title='bbox 1055 1470 1122 1529; x_wconf 91' lang='lat' dir='ltr'><strong>ulla</strong></span> <span class='ocrx_word' id='word_1_69' title='bbox 1133 1468 1264 1528; x_wconf 91' lang='lat' dir='ltr'><strong>montio.</strong></span> <span class='ocrx_word' id='word_1_70' title='bbox 1276 1466 1353 1525; x_wconf 85' lang='lat' dir='ltr'><strong>Erat</strong></span> <span class='ocrx_word' id='word_1_71' title='bbox 1368 1465 1394 1524; x_wconf 93' lang='lat' dir='ltr'><strong>is</strong></span> <span class='ocrx_word' id='word_1_72' title='bbox 1411 1464 1532 1541; x_wconf 81' lang='lat' dir='ltr'><strong>alioqui</strong></span> <span class='ocrx_word' id='word_1_73' title='bbox 1545 1462 1644 1522; x_wconf 79' lang='lat' dir='ltr'><strong>atatis</strong></span> <span class='ocrx_word' id='word_1_74' title='bbox 1658 1461 1725 1540; x_wconf 76' lang='lat' dir='ltr'><strong>iam</strong></span> <span class='ocrx_word' id='word_1_75' title='bbox 1740 1466 1790 1521; x_wconf 91' lang='lat' dir='ltr'><strong>sat</strong></span> <span class='ocrx_word' id='word_1_76' title='bbox 1802 1467 1973 1538; x_wconf 76' lang='lat' dir='ltr'><strong>provecta,</strong></span> <span class='ocrx_word' id='word_1_77' title='bbox 1990 1467 2025 1521; x_wconf 95' lang='lat' dir='ltr'><strong>ut</strong></span> <span class='ocrx_word' id='word_1_78' title='bbox 2037 1464 2178 1534; x_wconf 73' lang='lat' dir='ltr'><strong>inaurari,</strong></span> <span class='ocrx_word' id='word_1_79' title='bbox 2194 1483 2290 1539; x_wconf 85' lang='lat' dir='ltr'><strong>quem</strong></span> 
     </span>
     <span class='ocr_line' id='line_1_8' title="bbox 648 1539 2293 1634; baseline -0.008 -19"><span class='ocrx_word' id='word_1_80' title='bbox 648 1573 707 1634; x_wconf 89' lang='lat' dir='ltr'><strong>pro</strong></span> <span class='ocrx_word' id='word_1_81' title='bbox 727 1572 788 1617; x_wconf 92' lang='lat' dir='ltr'><strong>sua</strong></span> <span class='ocrx_word' id='word_1_82' title='bbox 807 1552 907 1615; x_wconf 91' lang='lat' dir='ltr'><strong>animi</strong></span> <span class='ocrx_word' id='word_1_83' title='bbox 922 1550 1074 1628; x_wconf 90' lang='lat' dir='ltr'><strong>superbia</strong></span> <span class='ocrx_word' id='word_1_84' title='bbox 1091 1566 1130 1608; x_wconf 83' lang='lat' dir='ltr'><strong>ex</strong></span> <span class='ocrx_word' id='word_1_85' title='bbox 1152 1546 1297 1607; x_wconf 91' lang='lat' dir='ltr'><strong>omnium</strong></span> <span class='ocrx_word' id='word_1_86' title='bbox 1311 1545 1343 1604; x_wconf 95' lang='lat' dir='ltr'><strong>in</strong></span> <span class='ocrx_word' id='word_1_87' title='bbox 1359 1560 1394 1602; x_wconf 90' lang='lat' dir='ltr'><strong>se</strong></span> <span class='ocrx_word' id='word_1_88' title='bbox 1417 1540 1595 1602; x_wconf 83' lang='lat' dir='ltr'><strong>ohensione</strong></span> <span class='ocrx_word' id='word_1_89' title='bbox 1609 1548 1707 1617; x_wconf 91' lang='lat' dir='ltr'><strong>atquc</strong></span> <span class='ocrx_word' id='word_1_90' title='bbox 1720 1539 1793 1599; x_wconf 91' lang='lat' dir='ltr'><strong>odio</strong></span> <span class='ocrx_word' id='word_1_91' title='bbox 1811 1556 1926 1616; x_wconf 91' lang='lat' dir='ltr'><strong>capere</strong></span> <span class='ocrx_word' id='word_1_92' title='bbox 1939 1540 2085 1608; x_wconf 86' lang='lat' dir='ltr'><strong>debebat,</strong></span> <span class='ocrx_word' id='word_1_93' title='bbox 2098 1559 2164 1601; x_wconf 92' lang='lat' dir='ltr'><strong>non</strong></span> <span class='ocrx_word' id='word_1_94' title='bbox 2177 1543 2293 1603; x_wconf 89' lang='lat' dir='ltr'><strong>admo-</strong></span> 
     </span>
     <span class='ocr_line' id='line_1_9' title="bbox 648 1618 2293 1711; baseline -0.007 -18"><span class='ocrx_word' id='word_1_95' title='bbox 648 1635 725 1694; x_wconf 93' lang='lat' dir='ltr'><strong>dum</strong></span> <span class='ocrx_word' id='word_1_96' title='bbox 739 1633 794 1693; x_wconf 92' lang='lat' dir='ltr'><strong>diu</strong></span> <span class='ocrx_word' id='word_1_97' title='bbox 808 1634 1002 1711; x_wconf 84' lang='lat' dir='ltr'><strong>superesset.</strong></span> <span class='ocrx_word' id='word_1_98' title='bbox 1023 1628 1180 1688; x_wconf 76' lang='lat' dir='ltr'><strong>Caeterum</strong></span> <span class='ocrx_word' id='word_1_99' title='bbox 1196 1624 1325 1685; x_wconf 75' lang='lat' dir='ltr'><strong>haeresis</strong></span> <span class='ocrx_word' id='word_1_100' title='bbox 1342 1622 1410 1699; x_wconf 84' lang='lat' dir='ltr'><strong>ojus</strong></span> <span class='ocrx_word' id='word_1_101' title='bbox 1428 1626 1601 1682; x_wconf 86' lang='lat' dir='ltr'><strong>sectatores</strong></span> <span class='ocrx_word' id='word_1_102' title='bbox 1620 1638 1693 1680; x_wconf 90' lang='lat' dir='ltr'><strong>cum</strong></span> <span class='ocrx_word' id='word_1_103' title='bbox 1706 1637 1776 1678; x_wconf 90' lang='lat' dir='ltr'><strong>sese</strong></span> <span class='ocrx_word' id='word_1_104' title='bbox 1792 1623 1823 1677; x_wconf 94' lang='lat' dir='ltr'><strong>ot</strong></span> <span class='ocrx_word' id='word_1_105' title='bbox 1836 1618 2003 1679; x_wconf 89' lang='lat' dir='ltr'><strong>damnatos</strong></span> <span class='ocrx_word' id='word_1_106' title='bbox 2020 1620 2061 1679; x_wconf 91' lang='lat' dir='ltr'><strong>ab</strong></span> <span class='ocrx_word' id='word_1_107' title='bbox 2076 1619 2247 1682; x_wconf 81' lang='lat' dir='ltr'><strong>Occidente</strong></span> <span class='ocrx_word' id='word_1_108' title='bbox 2261 1628 2293 1682; x_wconf 90' lang='lat' dir='ltr'><strong>et</strong></span> 
     </span>
     <span class='ocr_line' id='line_1_10' title="bbox 649 1697 2292 1796; baseline -0.008 -22"><span class='ocrx_word' id='word_1_109' title='bbox 649 1715 690 1774; x_wconf 93' lang='lat' dir='ltr'><strong>ab</strong></span> <span class='ocrx_word' id='word_1_110' title='bbox 705 1713 837 1773; x_wconf 86' lang='lat' dir='ltr'><strong>Oriente</strong></span> <span class='ocrx_word' id='word_1_111' title='bbox 849 1709 1034 1788; x_wconf 89' lang='lat' dir='ltr'><strong>repudiatos</strong></span> <span class='ocrx_word' id='word_1_112' title='bbox 1050 1705 1276 1796; x_wconf 77' lang='lat' dir='ltr'><strong>intelligerent,</strong></span> <span class='ocrx_word' id='word_1_113' title='bbox 1292 1702 1313 1762; x_wconf 93' lang='lat' dir='ltr'><strong>ii</strong></span> <span class='ocrx_word' id='word_1_114' title='bbox 1330 1717 1480 1778; x_wconf 82' lang='lat' dir='ltr'><strong>nmgnam</strong></span> <span class='ocrx_word' id='word_1_115' title='bbox 1496 1698 1668 1777; x_wconf 82' lang='lat' dir='ltr'><strong>pactumad</strong></span> <span class='ocrx_word' id='word_1_116' title='bbox 1684 1698 1814 1758; x_wconf 89' lang='lat' dir='ltr'><strong>saniora</strong></span> <span class='ocrx_word' id='word_1_117' title='bbox 1830 1698 1965 1760; x_wconf 92' lang='lat' dir='ltr'><strong>consilia</strong></span> <span class='ocrx_word' id='word_1_118' title='bbox 1976 1697 2151 1772; x_wconf 90' lang='lat' dir='ltr'><strong>redieruut,</strong></span> <span class='ocrx_word' id='word_1_119' title='bbox 2163 1718 2292 1761; x_wconf 90' lang='lat' dir='ltr'><strong>errores</strong></span> 
     </span>
     <span class='ocr_line' id='line_1_11' title="bbox 650 1776 2294 1869; baseline -0.007 -17"><span class='ocrx_word' id='word_1_120' title='bbox 650 1809 727 1854; x_wconf 93' lang='lat' dir='ltr'><strong>suos</strong></span> <span class='ocrx_word' id='word_1_121' title='bbox 753 1791 937 1869; x_wconf 86' lang='lat' dir='ltr'><strong>ejurarunt,</strong></span> <span class='ocrx_word' id='word_1_122' title='bbox 954 1787 1065 1847; x_wconf 87' lang='lat' dir='ltr'><strong>relicto</strong></span> <span class='ocrx_word' id='word_1_123' title='bbox 1087 1783 1139 1843; x_wconf 91' lang='lat' dir='ltr'><strong>cui</strong></span> <span class='ocrx_word' id='word_1_124' title='bbox 1155 1782 1351 1843; x_wconf 77' lang='lat' dir='ltr'><strong>inhaeserant</strong></span> <span class='ocrx_word' id='word_1_125' title='bbox 1366 1780 1509 1850; x_wconf 82' lang='lat' dir='ltr'><strong>iuliano,</strong></span> <span class='ocrx_word' id='word_1_126' title='bbox 1528 1778 1691 1852; x_wconf 85' lang='lat' dir='ltr'><strong>Pelagium</strong></span> <span class='ocrx_word' id='word_1_127' title='bbox 1706 1776 1913 1846; x_wconf 88' lang='lat' dir='ltr'><strong>damnarunt,</strong></span> <span class='ocrx_word' id='word_1_128' title='bbox 1930 1793 1968 1837; x_wconf 92' lang='lat' dir='ltr'><strong>ac</strong></span> <span class='ocrx_word' id='word_1_129' title='bbox 1993 1777 2081 1838; x_wconf 90' lang='lat' dir='ltr'><strong>Sedis</strong></span> <span class='ocrx_word' id='word_1_130' title='bbox 2101 1780 2294 1858; x_wconf 79' lang='lat' dir='ltr'><strong>Apostolicra</strong></span> 
     </span>
     <span class='ocr_line' id='line_1_12' title="bbox 650 1854 2294 1945; baseline -0.008 -14"><span class='ocrx_word' id='word_1_131' title='bbox 650 1869 853 1931; x_wconf 90' lang='lat' dir='ltr'><strong>clementiam</strong></span> <span class='ocrx_word' id='word_1_132' title='bbox 873 1867 1138 1945; x_wconf 87' lang='lat' dir='ltr'><strong>imploraverunt.</strong></span> <span class='ocrx_word' id='word_1_133' title='bbox 1153 1860 1389 1938; x_wconf 86' lang='lat' dir='ltr'><strong>Indulgentiam</strong></span> <span class='ocrx_word' id='word_1_134' title='bbox 1405 1874 1549 1934; x_wconf 84' lang='lat' dir='ltr'><strong>argaeos</strong></span> <span class='ocrx_word' id='word_1_135' title='bbox 1563 1854 1774 1915; x_wconf 89' lang='lat' dir='ltr'><strong>adhibendam</strong></span> <span class='ocrx_word' id='word_1_136' title='bbox 1792 1860 1863 1916; x_wconf 90' lang='lat' dir='ltr'><strong>rata</strong></span> <span class='ocrx_word' id='word_1_137' title='bbox 1877 1856 2030 1926; x_wconf 85' lang='lat' dir='ltr'><strong>Ecclesia,</strong></span> <span class='ocrx_word' id='word_1_138' title='bbox 2063 1858 2205 1935; x_wconf 86' lang='lat' dir='ltr'><strong>suscepit</strong></span> <span class='ocrx_word' id='word_1_139' title='bbox 2222 1857 2294 1920; x_wconf 88' lang='lat' dir='ltr'><strong>red-</strong></span> 
     </span>
     <span class='ocr_line' id='line_1_13' title="bbox 649 1932 2295 2070; baseline -0.008 -60"><span class='ocrx_word' id='word_1_140' title='bbox 649 1955 783 2021; x_wconf 87' lang='lat' dir='ltr'><strong>euntes,</strong></span> <span class='ocrx_word' id='word_1_141' title='bbox 798 1951 896 2023; x_wconf 87' lang='lat' dir='ltr'><strong>atque</strong></span> <span class='ocrx_word' id='word_1_142' title='bbox 910 1946 1007 2008; x_wconf 91' lang='lat' dir='ltr'><strong>etiam</strong></span> <span class='ocrx_word' id='word_1_143' title='bbox 1029 1943 1102 2003; x_wconf 91' lang='lat' dir='ltr'><strong>illos</strong></span> <span class='ocrx_word' id='word_1_144' title='bbox 1118 1941 1151 2000; x_wconf 93' lang='lat' dir='ltr'><strong>in</strong></span> <span class='ocrx_word' id='word_1_145' title='bbox 1174 1956 1250 1999; x_wconf 92' lang='lat' dir='ltr'><strong>suas</strong></span> <span class='ocrx_word' id='word_1_146' title='bbox 1267 1938 1357 1998; x_wconf 89' lang='lat' dir='ltr'><strong>sedes</strong></span> <span class='ocrx_word' id='word_1_147' title='bbox 1372 1936 1511 1997; x_wconf 88' lang='lat' dir='ltr'><strong>restituit</strong></span> <span class='ocrx_word' id='word_1_148' title='bbox 1522 1932 1640 2013; x_wconf 79' lang='lat' dir='ltr'><strong>llnsra.</strong></span> <span class='ocrx_word' id='word_1_149' title='bbox 1658 1934 1800 2070; x_wconf 61' lang='lat' dir='ltr'><strong>Apgread.</strong></span> <span class='ocrx_word' id='word_1_150' title='bbox 1812 1943 1902 2011; x_wconf 81' lang='lat' dir='ltr'><strong>parte.</strong></span> <span class='ocrx_word' id='word_1_151' title='bbox 1912 1934 1955 2013; x_wconf 74' lang='lat'><strong>2).</strong></span> <span class='ocrx_word' id='word_1_152' title='bbox 1970 1935 2119 1996; x_wconf 85' lang='lat' dir='ltr'><strong>Julianus</strong></span> <span class='ocrx_word' id='word_1_153' title='bbox 2132 1954 2220 1997; x_wconf 92' lang='lat' dir='ltr'><strong>anno</strong></span> <span class='ocrx_word' id='word_1_154' title='bbox 2234 1937 2295 1997; x_wconf 86' lang='lat' dir='ltr'><strong>cir·</strong></span> 
     </span>
     <span class='ocr_line' id='line_1_14' title="bbox 650 2014 2294 2111; baseline -0.007 -23"><span class='ocrx_word' id='word_1_155' title='bbox 650 2029 731 2088; x_wconf 90' lang='lat' dir='ltr'><strong>citer</strong></span> <span class='ocrx_word' id='word_1_156' title='bbox 746 2022 1062 2104; x_wconf 89' lang='lat' dir='ltr'><strong>quadringentesimo</strong></span> <span class='ocrx_word' id='word_1_157' title='bbox 1074 2019 1230 2111; x_wconf 89' lang='lat' dir='ltr'><strong>vigesimo</strong></span> <span class='ocrx_word' id='word_1_158' title='bbox 1244 2018 1400 2083; x_wconf 91' lang='lat' dir='ltr'><strong>scribens,</strong></span> <span class='ocrx_word' id='word_1_159' title='bbox 1416 2015 1596 2075; x_wconf 87' lang='lat' dir='ltr'><strong>desertores</strong></span> <span class='ocrx_word' id='word_1_160' title='bbox 1612 2029 1693 2089; x_wconf 89' lang='lat' dir='ltr'><strong>quos</strong></span> <span class='ocrx_word' id='word_1_161' title='bbox 1717 2030 1768 2073; x_wconf 92' lang='lat' dir='ltr'><strong>am</strong></span> <span class='ocrx_word' id='word_1_162' title='bbox 1787 2014 1948 2090; x_wconf 88' lang='lat' dir='ltr'><strong>Pelagiaui</strong></span> <span class='ocrx_word' id='word_1_163' title='bbox 1966 2014 2125 2093; x_wconf 82' lang='lat' dir='ltr'><strong>dogmatis</strong></span> <span class='ocrx_word' id='word_1_164' title='bbox 2144 2016 2184 2077; x_wconf 89' lang='lat' dir='ltr'><strong>ad</strong></span> <span class='ocrx_word' id='word_1_165' title='bbox 2200 2016 2294 2077; x_wconf 90' lang='lat' dir='ltr'><strong>hderu</strong></span> 
     </span>
     <span class='ocr_line' id='line_1_15' title="bbox 653 2093 2294 2172; baseline -0.005 -7"><span class='ocrx_word' id='word_1_166' title='bbox 653 2105 845 2167; x_wconf 92' lang='lat' dir='ltr'><strong>catholicam</strong></span> <span class='ocrx_word' id='word_1_167' title='bbox 860 2119 1022 2172; x_wconf 88' lang='lat' dir='ltr'><strong>reversos,</strong></span> <span class='ocrx_word' id='word_1_168' title='bbox 1037 2100 1141 2159; x_wconf 81' lang='lat' dir='ltr'><strong>tacitis</strong></span> <span class='ocrx_word' id='word_1_169' title='bbox 1156 2095 1341 2156; x_wconf 89' lang='lat' dir='ltr'><strong>eorumdem</strong></span> <span class='ocrx_word' id='word_1_170' title='bbox 1365 2094 1549 2154; x_wconf 90' lang='lat' dir='ltr'><strong>nominibus</strong></span> <span class='ocrx_word' id='word_1_171' title='bbox 1570 2094 1737 2170; x_wconf 85' lang='lat' dir='ltr'><strong>arguebat.</strong></span> <span class='ocrx_word' id='word_1_172' title='bbox 1761 2093 1924 2152; x_wconf 91' lang='lat' dir='ltr'><strong>Possidius</strong></span> <span class='ocrx_word' id='word_1_173' title='bbox 1953 2110 2097 2171; x_wconf 91' lang='lat' dir='ltr'><strong>quoque,</strong></span> <span class='ocrx_word' id='word_1_174' title='bbox 2125 2096 2181 2171; x_wconf 91' lang='lat' dir='ltr'><strong>qui</strong></span> <span class='ocrx_word' id='word_1_175' title='bbox 2208 2096 2294 2156; x_wconf 85' lang='lat' dir='ltr'><strong>cirea</strong></span> 
     </span>
     <span class='ocr_line' id='line_1_16' title="bbox 651 2171 2294 2261; baseline -0.008 -16"><span class='ocrx_word' id='word_1_176' title='bbox 651 2201 775 2246; x_wconf 92' lang='lat' dir='ltr'><strong>aunum</strong></span> <span class='ocrx_word' id='word_1_177' title='bbox 794 2178 1148 2261; x_wconf 89' lang='lat' dir='ltr'><strong>quadringentesimum</strong></span> <span class='ocrx_word' id='word_1_178' title='bbox 1163 2175 1363 2254; x_wconf 89' lang='lat' dir='ltr'><strong>trigesimum</strong></span> <span class='ocrx_word' id='word_1_179' title='bbox 1377 2172 1554 2233; x_wconf 90' lang='lat' dir='ltr'><strong>secundum</strong></span> <span class='ocrx_word' id='word_1_180' title='bbox 1567 2178 1657 2250; x_wconf 61' lang='lat' dir='ltr'><strong>gesta</strong></span> <span class='ocrx_word' id='word_1_181' title='bbox 1669 2171 1839 2249; x_wconf 82' lang='lat' dir='ltr'><strong>Augustini</strong></span> <span class='ocrx_word' id='word_1_182' title='bbox 1856 2171 1968 2232; x_wconf 89' lang='lat' dir='ltr'><strong>litteris</strong></span> <span class='ocrx_word' id='word_1_183' title='bbox 1983 2173 2207 2251; x_wconf 87' lang='lat' dir='ltr'><strong>consignabat,</strong></span> <span class='ocrx_word' id='word_1_184' title='bbox 2224 2175 2294 2251; x_wconf 89' lang='lat' dir='ltr'><strong>plu·</strong></span> 
     </span>
     <span class='ocr_line' id='line_1_17' title="bbox 653 2250 2295 2341; baseline -0.006 -18"><span class='ocrx_word' id='word_1_185' title='bbox 653 2264 753 2323; x_wconf 91' lang='lat' dir='ltr'><strong>rimos</strong></span> <span class='ocrx_word' id='word_1_186' title='bbox 770 2279 790 2324; x_wconf 91' lang='lat' dir='ltr'><strong>a</strong></span> <span class='ocrx_word' id='word_1_187' title='bbox 806 2259 986 2341; x_wconf 85' lang='lat' dir='ltr'><strong>Pelagianis</strong></span> <span class='ocrx_word' id='word_1_188' title='bbox 1001 2256 1146 2325; x_wconf 89' lang='lat' dir='ltr'><strong>rediisse,</strong></span> <span class='ocrx_word' id='word_1_189' title='bbox 1161 2271 1199 2315; x_wconf 90' lang='lat' dir='ltr'><strong>ac</strong></span> <span class='ocrx_word' id='word_1_190' title='bbox 1215 2259 1308 2314; x_wconf 79' lang='lat' dir='ltr'><strong>reeta</strong></span> <span class='ocrx_word' id='word_1_191' title='bbox 1322 2251 1393 2311; x_wconf 86' lang='lat' dir='ltr'><strong>hdci</strong></span> <span class='ocrx_word' id='word_1_192' title='bbox 1409 2252 1541 2312; x_wconf 86' lang='lat' dir='ltr'><strong>veritate</strong></span> <span class='ocrx_word' id='word_1_193' title='bbox 1556 2251 1588 2310; x_wconf 94' lang='lat' dir='ltr'><strong>in</strong></span> <span class='ocrx_word' id='word_1_194' title='bbox 1607 2250 1673 2309; x_wconf 93' lang='lat' dir='ltr'><strong>dies</strong></span> <span class='ocrx_word' id='word_1_195' title='bbox 1690 2250 1790 2339; x_wconf 90' lang='lat' dir='ltr'><strong>magis</strong></span> <span class='ocrx_word' id='word_1_196' title='bbox 1806 2250 1973 2328; x_wconf 88' lang='lat' dir='ltr'><strong>magisque</strong></span> <span class='ocrx_word' id='word_1_197' title='bbox 1985 2251 2162 2313; x_wconf 90' lang='lat' dir='ltr'><strong>detestandi</strong></span> <span class='ocrx_word' id='word_1_198' title='bbox 2175 2254 2295 2313; x_wconf 88' lang='lat' dir='ltr'><strong>erroris</strong></span> 
     </span>
    </p>

    <p class='ocr_par' dir='ltr' id='par_1_3' title="bbox 602 2318 2295 2575">
     <span class='ocr_line' id='line_1_18' title="bbox 602 2318 2293 2423; baseline -0.004 -26"><span class='ocrx_word' id='word_1_199' title='bbox 602 2318 616 2397; x_wconf 74' lang='lat' dir='ltr'><strong>i</strong></span> <span class='ocrx_word' id='word_1_200' title='bbox 651 2343 801 2403; x_wconf 88' lang='lat' dir='ltr'><strong>tenebras</strong></span> <span class='ocrx_word' id='word_1_201' title='bbox 820 2357 858 2400; x_wconf 94' lang='lat' dir='ltr'><strong>su</strong></span> <span class='ocrx_word' id='word_1_202' title='bbox 883 2341 1012 2408; x_wconf 88' lang='lat' dir='ltr'><strong>erantc,</strong></span> <span class='ocrx_word' id='word_1_203' title='bbox 1028 2334 1132 2397; x_wconf 88' lang='lat' dir='ltr'><strong>redire</strong></span> <span class='ocrx_word' id='word_1_204' title='bbox 1149 2334 1244 2393; x_wconf 90' lang='lat' dir='ltr'><strong>etiam</strong></span> <span class='ocrx_word' id='word_1_205' title='bbox 1261 2336 1348 2400; x_wconf 90' lang='lat' dir='ltr'><strong>tunc,</strong></span> <span class='ocrx_word' id='word_1_206' title='bbox 1363 2332 1543 2391; x_wconf 90' lang='lat' dir='ltr'><strong>testabatur</strong></span> <span class='ocrx_word' id='word_1_207' title='bbox 1555 2328 1732 2405; x_wconf 82' lang='lat' dir='ltr'><strong>(Possirllas</strong></span> <span class='ocrx_word' id='word_1_208' title='bbox 1745 2346 1779 2388; x_wconf 88' lang='lat' dir='ltr'><strong>m</strong></span> <span class='ocrx_word' id='word_1_209' title='bbox 1801 2328 1873 2388; x_wconf 82' lang='lat' dir='ltr'><strong>l&#39;ita</strong></span> <span class='ocrx_word' id='word_1_210' title='bbox 1888 2330 2069 2406; x_wconf 75' lang='lat' dir='ltr'><strong>Augustini,</strong></span> <span class='ocrx_word' id='word_1_211' title='bbox 2086 2333 2230 2423; x_wconf 74' lang='lat' dir='ltr'><strong>cap.18).</strong></span> <span class='ocrx_word' id='word_1_212' title='bbox 2246 2333 2293 2391; x_wconf 74' lang='lat' dir='ltr'><strong>lin</strong></span> 
     </span>
     <span class='ocr_line' id='line_1_19' title="bbox 653 2358 2295 2498; baseline -0.007 -18"><span class='ocrx_word' id='word_1_213' title='bbox 653 2421 705 2493; x_wconf 91' lang='lat' dir='ltr'><strong>iis,</strong></span> <span class='ocrx_word' id='word_1_214' title='bbox 720 2437 801 2498; x_wconf 92' lang='lat' dir='ltr'><strong>quos</strong></span> <span class='ocrx_word' id='word_1_215' title='bbox 816 2358 949 2480; x_wconf 57' lang='lat' dir='ltr'><strong>retfuces</strong></span> <span class='ocrx_word' id='word_1_216' title='bbox 968 2416 1022 2494; x_wconf 89' lang='lat' dir='ltr'><strong>pia</strong></span> <span class='ocrx_word' id='word_1_217' title='bbox 1037 2419 1141 2474; x_wconf 90' lang='lat' dir='ltr'><strong>mater</strong></span> <span class='ocrx_word' id='word_1_218' title='bbox 1154 2411 1297 2472; x_wconf 88' lang='lat' dir='ltr'><strong>Ecclesia</strong></span> <span class='ocrx_word' id='word_1_219' title='bbox 1310 2409 1480 2485; x_wconf 85' lang='lat' dir='ltr'><strong>complexa</strong></span> <span class='ocrx_word' id='word_1_220' title='bbox 1491 2413 1550 2477; x_wconf 88' lang='lat' dir='ltr'><strong>est,</strong></span> <span class='ocrx_word' id='word_1_221' title='bbox 1563 2426 1664 2467; x_wconf 91' lang='lat' dir='ltr'><strong>unum</strong></span> <span class='ocrx_word' id='word_1_222' title='bbox 1677 2407 1901 2485; x_wconf 90' lang='lat' dir='ltr'><strong>cognoscimus</strong></span> <span class='ocrx_word' id='word_1_223' title='bbox 1917 2409 2142 2480; x_wconf 81' lang='lat' dir='ltr'><strong>l&#39;urbantium,</strong></span> <span class='ocrx_word' id='word_1_224' title='bbox 2162 2429 2214 2471; x_wconf 89' lang='lat' dir='ltr'><strong>cur</strong></span> <span class='ocrx_word' id='word_1_225' title='bbox 2234 2411 2295 2470; x_wconf 88' lang='lat' dir='ltr'><strong>iu-</strong></span> 
     </span>
     <span class='ocr_line' id='line_1_20' title="bbox 653 2486 2295 2575; baseline -0.006 -16"><span class='ocrx_word' id='word_1_226' title='bbox 653 2499 760 2559; x_wconf 87' lang='lat' dir='ltr'><strong>lianus</strong></span> <span class='ocrx_word' id='word_1_227' title='bbox 772 2499 912 2575; x_wconf 84' lang='lat' dir='ltr'><strong>primum</strong></span> <span class='ocrx_word' id='word_1_228' title='bbox 927 2513 1021 2557; x_wconf 92' lang='lat' dir='ltr'><strong>suum</strong></span> <span class='ocrx_word' id='word_1_229' title='bbox 1035 2510 1117 2570; x_wconf 89' lang='lat' dir='ltr'><strong>opus</strong></span> <span class='ocrx_word' id='word_1_230' title='bbox 1135 2491 1168 2550; x_wconf 95' lang='lat' dir='ltr'><strong>in</strong></span> <span class='ocrx_word' id='word_1_231' title='bbox 1190 2488 1406 2567; x_wconf 87' lang='lat' dir='ltr'><strong>Augustinum</strong></span> <span class='ocrx_word' id='word_1_232' title='bbox 1429 2486 1655 2562; x_wconf 85' lang='lat' dir='ltr'><strong>inscripserat;</strong></span> <span class='ocrx_word' id='word_1_233' title='bbox 1672 2504 1768 2562; x_wconf 93' lang='lat' dir='ltr'><strong>quem</strong></span> <span class='ocrx_word' id='word_1_234' title='bbox 1787 2495 1817 2545; x_wconf 91' lang='lat' dir='ltr'><strong>et</strong></span> <span class='ocrx_word' id='word_1_235' title='bbox 1833 2493 1980 2548; x_wconf 90' lang='lat' dir='ltr'><strong>sanctum</strong></span> <span class='ocrx_word' id='word_1_236' title='bbox 1996 2488 2155 2549; x_wconf 85' lang='lat' dir='ltr'><strong>vocitabat</strong></span> <span class='ocrx_word' id='word_1_237' title='bbox 2171 2496 2200 2548; x_wconf 90' lang='lat' dir='ltr'><strong>ot</strong></span> <span class='ocrx_word' id='word_1_238' title='bbox 2219 2506 2295 2549; x_wconf 89' lang='lat' dir='ltr'><strong>ma·</strong></span> 
     </span>
    </p>

    <p class='ocr_par' dir='ltr' id='par_1_4' title="bbox 677 2565 2294 2653">
     <span class='ocr_line' id='line_1_21' title="bbox 677 2565 2294 2653; baseline -0.006 -16"><span class='ocrx_word' id='word_1_239' title='bbox 677 2594 718 2637; x_wconf 92' lang='lat' dir='ltr'><strong>no</strong></span> <span class='ocrx_word' id='word_1_240' title='bbox 736 2578 889 2638; x_wconf 92' lang='lat' dir='ltr'><strong>virtulum</strong></span> <span class='ocrx_word' id='word_1_241' title='bbox 911 2571 1082 2653; x_wconf 80' lang='lat' dir='ltr'><strong>splendore</strong></span> <span class='ocrx_word' id='word_1_242' title='bbox 1101 2570 1311 2644; x_wconf 91' lang='lat' dir='ltr'><strong>conspicuum</strong></span> <span class='ocrx_word' id='word_1_243' title='bbox 1332 2567 1449 2644; x_wconf 76' lang='lat' dir='ltr'><strong>(lasea,</strong></span> <span class='ocrx_word' id='word_1_244' title='bbox 1468 2565 1580 2643; x_wconf 83' lang='lat' dir='ltr'><strong>Operis</strong></span> <span class='ocrx_word' id='word_1_245' title='bbox 1597 2565 1719 2643; x_wconf 74' lang='lat' dir='ltr'><strong>imperf.</strong></span> <span class='ocrx_word' id='word_1_246' title='bbox 1737 2575 1848 2625; x_wconf 87' lang='lat' dir='ltr'><strong>eontra</strong></span> <span class='ocrx_word' id='word_1_247' title='bbox 1866 2566 2032 2627; x_wconf 82' lang='lat' dir='ltr'><strong>Jalicmam</strong></span> <span class='ocrx_word' id='word_1_248' title='bbox 2046 2566 2100 2627; x_wconf 74' lang='lat' dir='ltr'><strong>tib.</strong></span> <span class='ocrx_word' id='word_1_249' title='bbox 2120 2569 2147 2636; x_wconf 89' lang='lat'><strong>1,</strong></span> <span class='ocrx_word' id='word_1_250' title='bbox 2165 2586 2232 2646; x_wconf 81' lang='lat' dir='ltr'><strong>cap.</strong></span> <span class='ocrx_word' id='word_1_251' title='bbox 2251 2568 2294 2644; x_wconf 88' lang='grc'><strong>1).</strong></span> 
     </span>
    </p>

    <p class='ocr_par' dir='ltr' id='par_1_5' title="bbox 653 2596 2295 2795">
     <span class='ocr_line' id='line_1_22' title="bbox 653 2596 2295 2727; baseline -0.004 -12"><span class='ocrx_word' id='word_1_252' title='bbox 653 2596 750 2715; x_wconf 43' lang='lat' dir='ltr'><strong>{lunc</strong></span> <span class='ocrx_word' id='word_1_253' title='bbox 764 2657 813 2715; x_wconf 94' lang='lat' dir='ltr'><strong>Au</strong></span> <span class='ocrx_word' id='word_1_254' title='bbox 840 2654 964 2714; x_wconf 91' lang='lat' dir='ltr'><strong>ustinus</strong></span> <span class='ocrx_word' id='word_1_255' title='bbox 980 2653 1012 2711; x_wconf 92' lang='lat' dir='ltr'><strong>in</strong></span> <span class='ocrx_word' id='word_1_256' title='bbox 1026 2648 1166 2711; x_wconf 89' lang='lat' dir='ltr'><strong>secunda</strong></span> <span class='ocrx_word' id='word_1_257' title='bbox 1180 2646 1298 2707; x_wconf 84' lang='lat' dir='ltr'><strong>iuliani</strong></span> <span class='ocrx_word' id='word_1_258' title='bbox 1313 2644 1506 2705; x_wconf 78' lang='lat' dir='ltr'><strong>refutatione</strong></span> <span class='ocrx_word' id='word_1_259' title='bbox 1524 2644 1654 2704; x_wconf 87' lang='lat' dir='ltr'><strong>tratrem</strong></span> <span class='ocrx_word' id='word_1_260' title='bbox 1664 2644 1806 2720; x_wconf 88' lang='lat' dir='ltr'><strong>appellat</strong></span> <span class='ocrx_word' id='word_1_261' title='bbox 1821 2643 1930 2721; x_wconf 77' lang='lat' dir='ltr'><strong>(Ibid,</strong></span> <span class='ocrx_word' id='word_1_262' title='bbox 1947 2644 2042 2719; x_wconf 68' lang='lat' dir='ltr'><strong>liba,</strong></span> <span class='ocrx_word' id='word_1_263' title='bbox 2055 2664 2123 2725; x_wconf 86' lang='lat' dir='ltr'><strong>cap.</strong></span> <span class='ocrx_word' id='word_1_264' title='bbox 2139 2647 2188 2727; x_wconf 88' lang='lat' dir='ltr'><strong>ll)</strong></span> <span class='ocrx_word' id='word_1_265' title='bbox 2199 2668 2207 2719; x_wconf 82' lang='lat'>3</span> <span class='ocrx_word' id='word_1_266' title='bbox 2218 2648 2295 2724; x_wconf 88' lang='lat' dir='ltr'><strong>quia</strong></span> 
     </span>
     <span class='ocr_line' id='line_1_23' title="bbox 655 2673 836 2795; baseline -0.006 -1"><span class='ocrx_word' id='word_1_267' title='bbox 655 2673 836 2795; x_wconf 59' lang='lat' dir='ltr'><strong>alinandi</strong></span> 
     </span>
    </p>

    <p class='ocr_par' dir='ltr' id='par_1_6' title="bbox 655 2800 2301 3520">
     <span class='ocr_line' id='line_1_24' title="bbox 695 2800 2298 2885; baseline -0.005 -13"><span class='ocrx_word' id='word_1_268' title='bbox 695 2814 844 2875; x_wconf 87' lang='lat' dir='ltr'><strong>lulianus</strong></span> <span class='ocrx_word' id='word_1_269' title='bbox 858 2816 976 2880; x_wconf 89' lang='lat' dir='ltr'><strong>autem,</strong></span> <span class='ocrx_word' id='word_1_270' title='bbox 991 2813 1023 2870; x_wconf 90' lang='lat' dir='ltr'><strong>et</strong></span> <span class='ocrx_word' id='word_1_271' title='bbox 1034 2807 1090 2885; x_wconf 94' lang='lat' dir='ltr'><strong>qui</strong></span> <span class='ocrx_word' id='word_1_272' title='bbox 1103 2824 1176 2868; x_wconf 93' lang='lat' dir='ltr'><strong>cum</strong></span> <span class='ocrx_word' id='word_1_273' title='bbox 1190 2805 1245 2864; x_wconf 93' lang='lat' dir='ltr'><strong>illo</strong></span> <span class='ocrx_word' id='word_1_274' title='bbox 1262 2804 1295 2863; x_wconf 93' lang='lat' dir='ltr'><strong>in</strong></span> <span class='ocrx_word' id='word_1_275' title='bbox 1311 2803 1423 2863; x_wconf 74' lang='lat' dir='ltr'><strong>haeresi</strong></span> <span class='ocrx_word' id='word_1_276' title='bbox 1439 2807 1577 2863; x_wconf 91' lang='lat' dir='ltr'><strong>montem</strong></span> <span class='ocrx_word' id='word_1_277' title='bbox 1592 2800 1817 2871; x_wconf 88' lang='lat' dir='ltr'><strong>obhrmarunt,</strong></span> <span class='ocrx_word' id='word_1_278' title='bbox 1831 2820 1905 2861; x_wconf 92' lang='lat' dir='ltr'><strong>cum</strong></span> <span class='ocrx_word' id='word_1_279' title='bbox 1920 2820 1987 2874; x_wconf 92' lang='lat' dir='ltr'><strong>eos,</strong></span> <span class='ocrx_word' id='word_1_280' title='bbox 2003 2802 2184 2884; x_wconf 72' lang='lat' dir='ltr'><strong>radicumque</strong></span> <span class='ocrx_word' id='word_1_281' title='bbox 2201 2825 2219 2863; x_wconf 91' lang='lat' dir='ltr'><strong>a</strong></span> <span class='ocrx_word' id='word_1_282' title='bbox 2242 2824 2298 2883; x_wconf 89' lang='lat' dir='ltr'><strong>pa·</strong></span> 
     </span>
     <span class='ocr_line' id='line_1_25' title="bbox 655 2823 2296 2965; baseline -0.005 -14"><span class='ocrx_word' id='word_1_283' title='bbox 655 2901 780 2959; x_wconf 76' lang='lat' dir='ltr'><strong>rerem,</strong></span> <span class='ocrx_word' id='word_1_284' title='bbox 807 2896 843 2950; x_wconf 93' lang='lat' dir='ltr'><strong>ut</strong></span> <span class='ocrx_word' id='word_1_285' title='bbox 867 2908 939 2950; x_wconf 90' lang='lat' dir='ltr'><strong>cum</strong></span> <span class='ocrx_word' id='word_1_286' title='bbox 964 2886 1145 2965; x_wconf 82' lang='lat' dir='ltr'><strong>Augustino</strong></span> <span class='ocrx_word' id='word_1_287' title='bbox 1171 2884 1366 2959; x_wconf 88' lang='lat' dir='ltr'><strong>loquamur,</strong></span> <span class='ocrx_word' id='word_1_288' title='bbox 1392 2881 1505 2960; x_wconf 82' lang='lat' dir='ltr'><strong>ubique</strong></span> <span class='ocrx_word' id='word_1_289' title='bbox 1529 2880 1664 2959; x_wconf 76' lang='lat' dir='ltr'><strong>diffusus</strong></span> <span class='ocrx_word' id='word_1_290' title='bbox 1688 2880 1809 2941; x_wconf 80' lang='lat' dir='ltr'><strong>Cleristi</strong></span> <span class='ocrx_word' id='word_1_291' title='bbox 1831 2880 1994 2943; x_wconf 81' lang='lat' dir='ltr'><strong>debellaret</strong></span> <span class='ocrx_word' id='word_1_292' title='bbox 2009 2885 2164 2945; x_wconf 70' lang='lat' dir='ltr'><strong>exercitus</strong></span> <span class='ocrx_word' id='word_1_293' title='bbox 2184 2823 2296 2963; x_wconf 54' lang='lat' dir='ltr'><strong>ligici..</strong></span> 
     </span>
     <span class='ocr_line' id='line_1_26' title="bbox 659 2959 2299 3047; baseline -0.005 -16"><span class='ocrx_word' id='word_1_294' title='bbox 659 2968 715 3031; x_wconf 76' lang='lat' dir='ltr'><strong>tib.</strong></span> <span class='ocrx_word' id='word_1_295' title='bbox 738 2970 778 3041; x_wconf 86' lang='lat'><strong>3,</strong></span> <span class='ocrx_word' id='word_1_296' title='bbox 801 2988 834 3027; x_wconf 83' lang='lat' dir='ltr'><strong>a.</strong></span> <span class='ocrx_word' id='word_1_297' title='bbox 854 2967 907 3047; x_wconf 85' lang='lat' dir='ltr'><strong>lv),</strong></span> <span class='ocrx_word' id='word_1_298' title='bbox 936 2967 1075 3044; x_wconf 91' lang='lat' dir='ltr'><strong>quisquo</strong></span> <span class='ocrx_word' id='word_1_299' title='bbox 1102 2980 1168 3041; x_wconf 91' lang='lat' dir='ltr'><strong>quo</strong></span> <span class='ocrx_word' id='word_1_300' title='bbox 1192 2961 1297 3038; x_wconf 93' lang='lat' dir='ltr'><strong>potuit</strong></span> <span class='ocrx_word' id='word_1_301' title='bbox 1323 2978 1393 3020; x_wconf 88' lang='lat' dir='ltr'><strong>seso</strong></span> <span class='ocrx_word' id='word_1_302' title='bbox 1419 2959 1549 3036; x_wconf 87' lang='lat' dir='ltr'><strong>recepit.</strong></span> <span class='ocrx_word' id='word_1_303' title='bbox 1579 2960 1687 3035; x_wconf 88' lang='lat' dir='ltr'><strong>Neque</strong></span> <span class='ocrx_word' id='word_1_304' title='bbox 1710 2976 1786 3020; x_wconf 90' lang='lat' dir='ltr'><strong>vcro</strong></span> <span class='ocrx_word' id='word_1_305' title='bbox 1809 2960 1956 3021; x_wconf 89' lang='lat' dir='ltr'><strong>absimile</strong></span> <span class='ocrx_word' id='word_1_306' title='bbox 1985 2969 2043 3029; x_wconf 90' lang='lat' dir='ltr'><strong>cst,</strong></span> <span class='ocrx_word' id='word_1_307' title='bbox 2072 2963 2205 3023; x_wconf 90' lang='lat' dir='ltr'><strong>istorum</strong></span> <span class='ocrx_word' id='word_1_308' title='bbox 2230 2963 2299 3023; x_wconf 92' lang='lat' dir='ltr'><strong>ali-</strong></span> 
     </span>
     <span class='ocr_line' id='line_1_27' title="bbox 656 3038 2299 3125; baseline -0.004 -19"><span class='ocrx_word' id='word_1_309' title='bbox 656 3066 739 3125; x_wconf 90' lang='lat' dir='ltr'><strong>quos</strong></span> <span class='ocrx_word' id='word_1_310' title='bbox 760 3050 974 3108; x_wconf 91' lang='lat' dir='ltr'><strong>commoratos</strong></span> <span class='ocrx_word' id='word_1_311' title='bbox 993 3062 1063 3104; x_wconf 91' lang='lat' dir='ltr'><strong>csse</strong></span> <span class='ocrx_word' id='word_1_312' title='bbox 1085 3042 1118 3102; x_wconf 91' lang='lat' dir='ltr'><strong>in</strong></span> <span class='ocrx_word' id='word_1_313' title='bbox 1133 3040 1266 3109; x_wconf 88' lang='lat' dir='ltr'><strong>Galliis,</strong></span> <span class='ocrx_word' id='word_1_314' title='bbox 1288 3040 1344 3101; x_wconf 93' lang='lat' dir='ltr'><strong>ubi</strong></span> <span class='ocrx_word' id='word_1_315' title='bbox 1366 3041 1428 3099; x_wconf 92' lang='lat' dir='ltr'><strong>sub</strong></span> <span class='ocrx_word' id='word_1_316' title='bbox 1450 3039 1510 3097; x_wconf 90' lang='lat' dir='ltr'><strong>hoc</strong></span> <span class='ocrx_word' id='word_1_317' title='bbox 1524 3045 1647 3113; x_wconf 90' lang='lat' dir='ltr'><strong>tempus</strong></span> <span class='ocrx_word' id='word_1_318' title='bbox 1664 3038 1781 3098; x_wconf 78' lang='lat' dir='ltr'><strong>diversi</strong></span> <span class='ocrx_word' id='word_1_319' title='bbox 1794 3039 1934 3116; x_wconf 85' lang='lat' dir='ltr'><strong>episcopi</strong></span> <span class='ocrx_word' id='word_1_320' title='bbox 1957 3042 2191 3118; x_wconf 87' lang='lat' dir='ltr'><strong>suspicionem,</strong></span> <span class='ocrx_word' id='word_1_321' title='bbox 2210 3043 2299 3118; x_wconf 90' lang='lat' dir='ltr'><strong>quod</strong></span> 
     </span>
     <span class='ocr_line' id='line_1_28' title="bbox 657 3117 2298 3205; baseline -0.004 -19"><span class='ocrx_word' id='word_1_322' title='bbox 657 3128 838 3205; x_wconf 75' lang='lat' dir='ltr'><strong>l‘elagiauis</strong></span> <span class='ocrx_word' id='word_1_323' title='bbox 854 3125 1019 3185; x_wconf 89' lang='lat' dir='ltr'><strong>erroribus</strong></span> <span class='ocrx_word' id='word_1_324' title='bbox 1038 3121 1153 3182; x_wconf 85' lang='lat' dir='ltr'><strong>addicti</strong></span> <span class='ocrx_word' id='word_1_325' title='bbox 1167 3123 1287 3187; x_wconf 89' lang='lat' dir='ltr'><strong>essent,</strong></span> <span class='ocrx_word' id='word_1_326' title='bbox 1301 3118 1339 3180; x_wconf 91' lang='lat' dir='ltr'><strong>de</strong></span> <span class='ocrx_word' id='word_1_327' title='bbox 1359 3137 1393 3179; x_wconf 91' lang='lat' dir='ltr'><strong>se</strong></span> <span class='ocrx_word' id='word_1_328' title='bbox 1407 3119 1638 3195; x_wconf 74' lang='lat' dir='ltr'><strong>praebuerunt:</strong></span> <span class='ocrx_word' id='word_1_329' title='bbox 1669 3117 1798 3192; x_wconf 89' lang='lat' dir='ltr'><strong>quaudo</strong></span> <span class='ocrx_word' id='word_1_330' title='bbox 1825 3118 2069 3181; x_wconf 80' lang='lat' dir='ltr'><strong>Valentinianus</strong></span> <span class='ocrx_word' id='word_1_331' title='bbox 2091 3121 2132 3181; x_wconf 90' lang='grc' dir='ltr'><strong>ΙΙΙ</strong></span> <span class='ocrx_word' id='word_1_332' title='bbox 2159 3123 2298 3197; x_wconf 88' lang='lat' dir='ltr'><strong>septimo</strong></span> 
     </span>
     <span class='ocr_line' id='line_1_29' title="bbox 658 3196 2299 3280; baseline -0.003 -17"><span class='ocrx_word' id='word_1_333' title='bbox 658 3205 729 3265; x_wconf 91' lang='lat' dir='ltr'><strong>idus</strong></span> <span class='ocrx_word' id='word_1_334' title='bbox 748 3207 840 3280; x_wconf 82' lang='lat' dir='ltr'><strong>iulias</strong></span> <span class='ocrx_word' id='word_1_335' title='bbox 851 3203 928 3265; x_wconf 90' lang='lat' dir='ltr'><strong>anni</strong></span> <span class='ocrx_word' id='word_1_336' title='bbox 943 3197 1251 3279; x_wconf 86' lang='lat' dir='ltr'><strong>quadringentesimi</strong></span> <span class='ocrx_word' id='word_1_337' title='bbox 1269 3197 1411 3277; x_wconf 80' lang='lat' dir='ltr'><strong>vigesimi</strong></span> <span class='ocrx_word' id='word_1_338' title='bbox 1424 3196 1528 3274; x_wconf 93' lang='lat' dir='ltr'><strong>quinti</strong></span> <span class='ocrx_word' id='word_1_339' title='bbox 1545 3196 1654 3266; x_wconf 78' lang='lat' dir='ltr'><strong>allisit,</strong></span> <span class='ocrx_word' id='word_1_340' title='bbox 1672 3203 1705 3255; x_wconf 90' lang='lat' dir='ltr'><strong>ut</strong></span> <span class='ocrx_word' id='word_1_341' title='bbox 1718 3196 1810 3256; x_wconf 89' lang='lat' dir='ltr'><strong>iidem</strong></span> <span class='ocrx_word' id='word_1_342' title='bbox 1826 3196 1966 3276; x_wconf 87' lang='lat' dir='ltr'><strong>episcopi</strong></span> <span class='ocrx_word' id='word_1_343' title='bbox 1983 3200 2021 3259; x_wconf 93' lang='lat' dir='ltr'><strong>de</strong></span> <span class='ocrx_word' id='word_1_344' title='bbox 2040 3200 2225 3260; x_wconf 83' lang='lat' dir='ltr'><strong>abdicandis</strong></span> <span class='ocrx_word' id='word_1_345' title='bbox 2240 3200 2299 3259; x_wconf 91' lang='lat' dir='ltr'><strong>in-</strong></span> 
     </span>
     <span class='ocr_line' id='line_1_30' title="bbox 658 3271 2298 3362; baseline -0.004 -18"><span class='ocrx_word' id='word_1_346' title='bbox 658 3291 707 3345; x_wconf 90' lang='lat' dir='ltr'><strong>tra</strong></span> <span class='ocrx_word' id='word_1_347' title='bbox 724 3271 836 3362; x_wconf 87' lang='lat' dir='ltr'><strong>viginti</strong></span> <span class='ocrx_word' id='word_1_348' title='bbox 854 3283 922 3342; x_wconf 92' lang='lat' dir='ltr'><strong>dies</strong></span> <span class='ocrx_word' id='word_1_349' title='bbox 940 3282 1027 3342; x_wconf 89' lang='lat' dir='ltr'><strong>bisce</strong></span> <span class='ocrx_word' id='word_1_350' title='bbox 1045 3279 1211 3342; x_wconf 87' lang='lat' dir='ltr'><strong>erroribus</strong></span> <span class='ocrx_word' id='word_1_351' title='bbox 1223 3276 1509 3353; x_wconf 88' lang='lat' dir='ltr'><strong>interpellarentur</strong></span> <span class='ocrx_word' id='word_1_352' title='bbox 1523 3292 1541 3335; x_wconf 91' lang='lat' dir='ltr'><strong>a</strong></span> <span class='ocrx_word' id='word_1_353' title='bbox 1557 3276 1703 3335; x_wconf 86' lang='lat' dir='ltr'><strong>Patroclo</strong></span> <span class='ocrx_word' id='word_1_354' title='bbox 1727 3276 1907 3337; x_wconf 76' lang='lat' dir='ltr'><strong>Arelatensi</strong></span> <span class='ocrx_word' id='word_1_355' title='bbox 1921 3296 1929 3343; x_wconf 74' lang='grc' dir='ltr'>ς</span> <span class='ocrx_word' id='word_1_356' title='bbox 1943 3277 2029 3353; x_wconf 93' lang='lat' dir='ltr'><strong>quod</strong></span> <span class='ocrx_word' id='word_1_357' title='bbox 2057 3280 2118 3337; x_wconf 84' lang='lat' dir='ltr'><strong>nisi</strong></span> <span class='ocrx_word' id='word_1_358' title='bbox 2143 3279 2298 3346; x_wconf 86' lang='lat' dir='ltr'><strong>lacerent,</strong></span> 
     </span>
     <span class='ocr_line' id='line_1_31' title="bbox 658 3354 2301 3435; baseline -0.004 -12"><span class='ocrx_word' id='word_1_359' title='bbox 658 3362 730 3435; x_wconf 89' lang='lat' dir='ltr'><strong>aliis</strong></span> <span class='ocrx_word' id='word_1_360' title='bbox 744 3364 776 3423; x_wconf 95' lang='lat' dir='ltr'><strong>in</strong></span> <span class='ocrx_word' id='word_1_361' title='bbox 791 3380 903 3423; x_wconf 91' lang='lat' dir='ltr'><strong>eorum</strong></span> <span class='ocrx_word' id='word_1_362' title='bbox 918 3361 1025 3420; x_wconf 91' lang='lat' dir='ltr'><strong>locum</strong></span> <span class='ocrx_word' id='word_1_363' title='bbox 1036 3357 1189 3428; x_wconf 84' lang='lat' dir='ltr'><strong>salicetis,</strong></span> <span class='ocrx_word' id='word_1_364' title='bbox 1204 3356 1264 3433; x_wconf 91' lang='lat' dir='ltr'><strong>ipsi</strong></span> <span class='ocrx_word' id='word_1_365' title='bbox 1281 3356 1385 3415; x_wconf 92' lang='lat' dir='ltr'><strong>solum</strong></span> <span class='ocrx_word' id='word_1_366' title='bbox 1400 3360 1524 3415; x_wconf 89' lang='lat' dir='ltr'><strong>vortere</strong></span> <span class='ocrx_word' id='word_1_367' title='bbox 1540 3361 1732 3431; x_wconf 86' lang='lat' dir='ltr'><strong>cogerentur</strong></span> <span class='ocrx_word' id='word_1_368' title='bbox 1747 3355 1863 3434; x_wconf 80' lang='lat' dir='ltr'><strong>llasra,</strong></span> <span class='ocrx_word' id='word_1_369' title='bbox 1881 3354 2019 3433; x_wconf 88' lang='lat' dir='ltr'><strong>Append.</strong></span> <span class='ocrx_word' id='word_1_370' title='bbox 2042 3367 2133 3435; x_wconf 70' lang='lat' dir='ltr'><strong>pericle</strong></span> <span class='ocrx_word' id='word_1_371' title='bbox 2149 3358 2191 3433; x_wconf 71' lang='lat' dir='ltr'><strong>P).</strong></span> <span class='ocrx_word' id='word_1_372' title='bbox 2205 3359 2301 3428; x_wconf 85' lang='lat' dir='ltr'><strong>Nou-</strong></span> 
     </span>
     <span class='ocr_line' id='line_1_32' title="bbox 660 3433 2300 3520; baseline -0.003 -20"><span class='ocrx_word' id='word_1_373' title='bbox 660 3441 741 3502; x_wconf 92' lang='lat' dir='ltr'><strong>nulli</strong></span> <span class='ocrx_word' id='word_1_374' title='bbox 754 3458 885 3520; x_wconf 93' lang='lat' dir='ltr'><strong>quoque</strong></span> <span class='ocrx_word' id='word_1_375' title='bbox 900 3441 932 3500; x_wconf 92' lang='lat' dir='ltr'><strong>iu</strong></span> <span class='ocrx_word' id='word_1_376' title='bbox 949 3438 1148 3500; x_wconf 89' lang='lat' dir='ltr'><strong>Britanniam</strong></span> <span class='ocrx_word' id='word_1_377' title='bbox 1159 3436 1297 3496; x_wconf 92' lang='lat' dir='ltr'><strong>intulere</strong></span> <span class='ocrx_word' id='word_1_378' title='bbox 1311 3451 1403 3495; x_wconf 89' lang='lat' dir='ltr'><strong>suam</strong></span> <span class='ocrx_word' id='word_1_379' title='bbox 1420 3433 1634 3495; x_wconf 79' lang='lat' dir='ltr'><strong>haeresimtibi</strong></span> <span class='ocrx_word' id='word_1_380' title='bbox 1650 3433 1806 3509; x_wconf 86' lang='lat' dir='ltr'><strong>siquidem</strong></span> <span class='ocrx_word' id='word_1_381' title='bbox 1823 3435 2011 3510; x_wconf 65' lang='lat' dir='ltr'><strong>ltelagiauus</strong></span> <span class='ocrx_word' id='word_1_382' title='bbox 2023 3454 2040 3511; x_wconf 92' lang='lat' dir='ltr'><strong>q</strong></span> <span class='ocrx_word' id='word_1_383' title='bbox 2048 3436 2151 3496; x_wconf 74' lang='lat' dir='ltr'><strong>isidam</strong></span> <span class='ocrx_word' id='word_1_384' title='bbox 2168 3436 2300 3495; x_wconf 75' lang='lat' dir='ltr'><strong>irorrrine</strong></span> 
     </span>
    </p>

    <p class='ocr_par' dir='ltr' id='par_1_7' title="bbox 659 3512 2300 3599">
     <span class='ocr_line' id='line_1_33' title="bbox 659 3512 2300 3599; baseline -0.003 -19"><span class='ocrx_word' id='word_1_385' title='bbox 659 3521 820 3599; x_wconf 86' lang='lat' dir='ltr'><strong>Agricola,</strong></span> <span class='ocrx_word' id='word_1_386' title='bbox 837 3517 1002 3580; x_wconf 87' lang='lat' dir='ltr'><strong>Severiani</strong></span> <span class='ocrx_word' id='word_1_387' title='bbox 1017 3516 1160 3595; x_wconf 90' lang='lat' dir='ltr'><strong>episcopi</strong></span> <span class='ocrx_word' id='word_1_388' title='bbox 1177 3514 1339 3592; x_wconf 87' lang='lat' dir='ltr'><strong>Pelagiani</strong></span> <span class='ocrx_word' id='word_1_389' title='bbox 1356 3513 1454 3581; x_wconf 88' lang='lat' dir='ltr'><strong>hlius,</strong></span> <span class='ocrx_word' id='word_1_390' title='bbox 1468 3512 1627 3573; x_wconf 89' lang='lat' dir='ltr'><strong>Ecclesias</strong></span> <span class='ocrx_word' id='word_1_391' title='bbox 1643 3512 1802 3572; x_wconf 76' lang='lat' dir='ltr'><strong>Hiberniae</strong></span> <span class='ocrx_word' id='word_1_392' title='bbox 1818 3513 1974 3587; x_wconf 79' lang='lat' dir='ltr'><strong>clergnratis</strong></span> <span class='ocrx_word' id='word_1_393' title='bbox 1991 3516 2039 3574; x_wconf 92' lang='lat' dir='ltr'><strong>sui</strong></span> <span class='ocrx_word' id='word_1_394' title='bbox 2055 3516 2206 3576; x_wconf 87' lang='lat' dir='ltr'><strong>suasione</strong></span> <span class='ocrx_word' id='word_1_395' title='bbox 2222 3533 2300 3575; x_wconf 93' lang='lat' dir='ltr'><strong>cor-</strong></span> 
     </span>
    </p>

    <p class='ocr_par' dir='ltr' id='par_1_8' title="bbox 659 3592 2300 3677">
     <span class='ocr_line' id='line_1_34' title="bbox 659 3592 2300 3677; baseline -0.004 -18"><span class='ocrx_word' id='word_1_396' title='bbox 659 3600 829 3677; x_wconf 88' lang='lat' dir='ltr'><strong>rumpebat</strong></span> <span class='ocrx_word' id='word_1_397' title='bbox 843 3603 988 3675; x_wconf 90' lang='lat' dir='ltr'><strong>tempore</strong></span> <span class='ocrx_word' id='word_1_398' title='bbox 1001 3594 1163 3656; x_wconf 83' lang='lat' dir='ltr'><strong>Goelcstini</strong></span> <span class='ocrx_word' id='word_1_399' title='bbox 1177 3608 1278 3671; x_wconf 65' lang='lat' dir='ltr'><strong>papas,</strong></span> <span class='ocrx_word' id='word_1_400' title='bbox 1294 3593 1350 3669; x_wconf 94' lang='lat' dir='ltr'><strong>qui</strong></span> <span class='ocrx_word' id='word_1_401' title='bbox 1364 3609 1403 3652; x_wconf 89' lang='lat' dir='ltr'><strong>eo</strong></span> <span class='ocrx_word' id='word_1_402' title='bbox 1418 3592 1615 3652; x_wconf 87' lang='lat' dir='ltr'><strong>Germanum</strong></span> <span class='ocrx_word' id='word_1_403' title='bbox 1627 3592 1812 3668; x_wconf 85' lang='lat' dir='ltr'><strong>episcopum</strong></span> <span class='ocrx_word' id='word_1_404' title='bbox 1826 3592 2136 3654; x_wconf 85' lang='lat' dir='ltr'><strong>Aatissiodorensem</strong></span> <span class='ocrx_word' id='word_1_405' title='bbox 2153 3594 2249 3663; x_wconf 79' lang='lat' dir='ltr'><strong>urisit,</strong></span> <span class='ocrx_word' id='word_1_406' title='bbox 2265 3600 2300 3654; x_wconf 93' lang='lat' dir='ltr'><strong>ut</strong></span> 
     </span>
    </p>

    <p class='ocr_par' dir='ltr' id='par_1_9' title="bbox 659 3669 2299 3911">
     <span class='ocr_line' id='line_1_35' title="bbox 659 3669 2298 3751; baseline -0.003 -15"><span class='ocrx_word' id='word_1_407' title='bbox 659 3678 835 3739; x_wconf 89' lang='lat' dir='ltr'><strong>deturbatis</strong></span> <span class='ocrx_word' id='word_1_408' title='bbox 845 3676 1002 3738; x_wconf 79' lang='lat' dir='ltr'><strong>haereticis</strong></span> <span class='ocrx_word' id='word_1_409' title='bbox 1013 3675 1183 3735; x_wconf 90' lang='lat' dir='ltr'><strong>Britannos</strong></span> <span class='ocrx_word' id='word_1_410' title='bbox 1200 3673 1239 3734; x_wconf 92' lang='lat' dir='ltr'><strong>ad</strong></span> <span class='ocrx_word' id='word_1_411' title='bbox 1251 3671 1442 3733; x_wconf 89' lang='lat' dir='ltr'><strong>catholicam</strong></span> <span class='ocrx_word' id='word_1_412' title='bbox 1453 3669 1547 3733; x_wconf 89' lang='lat' dir='ltr'><strong>tidem</strong></span> <span class='ocrx_word' id='word_1_413' title='bbox 1560 3669 1710 3749; x_wconf 88' lang='lat' dir='ltr'><strong>dirigeret</strong></span> <span class='ocrx_word' id='word_1_414' title='bbox 1726 3670 1850 3745; x_wconf 64' lang='lat' dir='ltr'><strong>illlata.</strong></span> <span class='ocrx_word' id='word_1_415' title='bbox 1864 3673 2072 3733; x_wconf 74' lang='lat' dir='ltr'><strong>Severianum</strong></span> <span class='ocrx_word' id='word_1_416' title='bbox 2088 3675 2210 3735; x_wconf 90' lang='lat' dir='ltr'><strong>huncce</strong></span> <span class='ocrx_word' id='word_1_417' title='bbox 2225 3674 2298 3751; x_wconf 90' lang='lat' dir='ltr'><strong>qui-</strong></span> 
     </span>
     <span class='ocr_line' id='line_1_36' title="bbox 659 3749 2298 3830; baseline -0.002 -15"><span class='ocrx_word' id='word_1_418' title='bbox 659 3757 732 3816; x_wconf 91' lang='lat' dir='ltr'><strong>dam</strong></span> <span class='ocrx_word' id='word_1_419' title='bbox 741 3753 1154 3818; x_wconf 83' lang='lat' dir='ltr'><strong>malaconlundebantcum</strong></span> <span class='ocrx_word' id='word_1_420' title='bbox 1164 3749 1482 3828; x_wconf 84' lang='lat' dir='ltr'><strong>SeveroSulpitio,do</strong></span> <span class='ocrx_word' id='word_1_421' title='bbox 1492 3750 1693 3829; x_wconf 91' lang='lat' dir='ltr'><strong>quoquidem</strong></span> <span class='ocrx_word' id='word_1_422' title='bbox 1703 3751 2047 3829; x_wconf 83' lang='lat' dir='ltr'><strong>lienuadiusscriptum</strong></span> <span class='ocrx_word' id='word_1_423' title='bbox 2061 3754 2202 3830; x_wconf 88' lang='lat' dir='ltr'><strong>reliquit,</strong></span> <span class='ocrx_word' id='word_1_424' title='bbox 2212 3752 2298 3829; x_wconf 90' lang='lat' dir='ltr'><strong>quod</strong></span> 
     </span>
     <span class='ocr_line' id='line_1_37' title="bbox 661 3829 2299 3911; baseline -0.001 -18"><span class='ocrx_word' id='word_1_425' title='bbox 661 3835 687 3894; x_wconf 91' lang='lat' dir='ltr'><strong>is</strong></span> <span class='ocrx_word' id='word_1_426' title='bbox 698 3836 731 3896; x_wconf 85' lang='lat' dir='ltr'><strong>ia</strong></span> <span class='ocrx_word' id='word_1_427' title='bbox 743 3842 897 3895; x_wconf 83' lang='lat' dir='ltr'><strong>senectute</strong></span> <span class='ocrx_word' id='word_1_428' title='bbox 905 3853 960 3893; x_wconf 83' lang='lat' dir='ltr'><strong>saa</strong></span> <span class='ocrx_word' id='word_1_429' title='bbox 969 3853 988 3892; x_wconf 92' lang='lat' dir='ltr'><strong>a</strong></span> <span class='ocrx_word' id='word_1_430' title='bbox 997 3832 1124 3911; x_wconf 75' lang='lat' dir='ltr'><strong>Pelagio</strong></span> <span class='ocrx_word' id='word_1_431' title='bbox 1136 3831 1280 3910; x_wconf 83' lang='lat' dir='ltr'><strong>deeeptus</strong></span> <span class='ocrx_word' id='word_1_432' title='bbox 1289 3830 1384 3910; x_wconf 68' lang='lat' dir='ltr'><strong>faerit</strong></span> <span class='ocrx_word' id='word_1_433' title='bbox 1394 3830 1462 3908; x_wconf 87' lang='lat' dir='ltr'><strong>(Sic</strong></span> <span class='ocrx_word' id='word_1_434' title='bbox 1470 3840 1558 3892; x_wconf 80' lang='lat' dir='ltr'><strong>relies</strong></span> <span class='ocrx_word' id='word_1_435' title='bbox 1569 3829 1667 3890; x_wconf 74' lang='lat' dir='ltr'><strong>coclea</strong></span> <span class='ocrx_word' id='word_1_436' title='bbox 1676 3829 1700 3890; x_wconf 91' lang='lat' dir='ltr'><em>C</em></span> <span class='ocrx_word' id='word_1_437' title='bbox 1705 3830 1886 3906; x_wconf 80' lang='lat' dir='ltr'><strong>arbeierrsis)</strong></span> <span class='ocrx_word' id='word_1_438' title='bbox 1900 3851 1907 3888; x_wconf 77' lang='grc' dir='ltr'><strong><em>ε</em></strong></span> <span class='ocrx_word' id='word_1_439' title='bbox 1920 3831 1974 3890; x_wconf 92' lang='lat' dir='ltr'><strong>sed</strong></span> <span class='ocrx_word' id='word_1_440' title='bbox 1988 3832 2191 3891; x_wconf 77' lang='lat' dir='ltr'><strong>coertiuculcr</strong></span> <span class='ocrx_word' id='word_1_441' title='bbox 2200 3832 2299 3901; x_wconf 87' lang='lat' dir='ltr'><strong>addit,</strong></span> 
     </span>
    </p>

    <p class='ocr_par' dir='ltr' id='par_1_10' title="bbox 609 3908 2303 4069">
     <span class='ocr_line' id='line_1_38' title="bbox 609 3908 2301 3991; baseline -0.002 -18"><span class='ocrx_word' id='word_1_442' title='bbox 609 3943 615 3960; x_wconf 91' lang='lat'><strong>·</strong></span> <span class='ocrx_word' id='word_1_443' title='bbox 662 3932 755 3974; x_wconf 84' lang='lat' dir='ltr'><strong>erema</strong></span> <span class='ocrx_word' id='word_1_444' title='bbox 778 3921 952 3973; x_wconf 77' lang='lat' dir='ltr'><strong>nascentem</strong></span> <span class='ocrx_word' id='word_1_445' title='bbox 966 3910 1168 3991; x_wconf 83' lang='lat' dir='ltr'><strong>loquacitatis</strong></span> <span class='ocrx_word' id='word_1_446' title='bbox 1182 3909 1313 3988; x_wconf 84' lang='lat' dir='ltr'><strong>culpam,</strong></span> <span class='ocrx_word' id='word_1_447' title='bbox 1326 3908 1485 3969; x_wconf 84' lang='lat' dir='ltr'><strong>silentiam</strong></span> <span class='ocrx_word' id='word_1_448' title='bbox 1495 3909 1640 3987; x_wconf 82' lang='lat' dir='ltr'><strong>usquead</strong></span> <span class='ocrx_word' id='word_1_449' title='bbox 1654 3919 1779 3968; x_wconf 83' lang='lat' dir='ltr'><strong>rrmrlem</strong></span> <span class='ocrx_word' id='word_1_450' title='bbox 1793 3910 1938 3973; x_wconf 82' lang='lat' dir='ltr'><strong>terruisse.</strong></span> <span class='ocrx_word' id='word_1_451' title='bbox 1950 3919 1983 3969; x_wconf 89' lang='lat' dir='ltr'><strong>at</strong></span> <span class='ocrx_word' id='word_1_452' title='bbox 1994 3911 2241 3988; x_wconf 80' lang='lat' dir='ltr'><strong>peccatumqnorl</strong></span> <span class='ocrx_word' id='word_1_453' title='bbox 2249 3912 2301 3970; x_wconf 88' lang='lat' dir='ltr'><strong>lo-</strong></span> 
     </span>
     <span class='ocr_line' id='line_1_39' title="bbox 660 3931 2303 4069; baseline -0.002 -17"><span class='ocrx_word' id='word_1_454' title='bbox 660 3931 779 4069; x_wconf 52' lang='lat' dir='ltr'><strong>pamelii</strong></span> <span class='ocrx_word' id='word_1_455' title='bbox 795 3998 1011 4057; x_wconf 73' lang='lat' dir='ltr'><strong>contraxerat,</strong></span> <span class='ocrx_word' id='word_1_456' title='bbox 1024 3988 1154 4050; x_wconf 83' lang='lat' dir='ltr'><strong>tacenda</strong></span> <span class='ocrx_word' id='word_1_457' title='bbox 1167 3989 1291 4068; x_wconf 83' lang='lat' dir='ltr'><strong>penitas</strong></span> <span class='ocrx_word' id='word_1_458' title='bbox 1304 3988 1489 4048; x_wconf 81' lang='lat' dir='ltr'><strong>emendaret.</strong></span> <span class='ocrx_word' id='word_1_459' title='bbox 1500 3988 1662 4048; x_wconf 89' lang='lat' dir='ltr'><strong>Britannis</strong></span> <span class='ocrx_word' id='word_1_460' title='bbox 1673 4005 1803 4065; x_wconf 84' lang='lat' dir='ltr'><strong>qcrcrquc</strong></span> <span class='ocrx_word' id='word_1_461' title='bbox 1821 3989 1935 4066; x_wconf 87' lang='lat' dir='ltr'><strong>Pelagii</strong></span> <span class='ocrx_word' id='word_1_462' title='bbox 1954 3989 2103 4068; x_wconf 87' lang='lat' dir='ltr'><strong>dogmata</strong></span> <span class='ocrx_word' id='word_1_463' title='bbox 2120 3991 2253 4049; x_wconf 84' lang='lat' dir='ltr'><strong>lionorii</strong></span> <span class='ocrx_word' id='word_1_464' title='bbox 2270 3999 2303 4049; x_wconf 92' lang='lat' dir='ltr'><strong>ct</strong></span> 
     </span>
    </p>

    <p class='ocr_par' dir='ltr' id='par_1_11' title="bbox 660 4067 2301 4144">
     <span class='ocr_line' id='line_1_40' title="bbox 660 4067 2301 4144; baseline -0.002 -14"><span class='ocrx_word' id='word_1_465' title='bbox 660 4071 830 4131; x_wconf 80' lang='lat' dir='ltr'><strong>&#39;ilreodosii</strong></span> <span class='ocrx_word' id='word_1_466' title='bbox 846 4076 940 4132; x_wconf 77' lang='lat' dir='ltr'><strong>artata</strong></span> <span class='ocrx_word' id='word_1_467' title='bbox 958 4069 1103 4130; x_wconf 89' lang='lat' dir='ltr'><strong>tradebat</strong></span> <span class='ocrx_word' id='word_1_468' title='bbox 1115 4068 1274 4129; x_wconf 84' lang='lat' dir='ltr'><strong>Fastidius</strong></span> <span class='ocrx_word' id='word_1_469' title='bbox 1288 4067 1471 4143; x_wconf 88' lang='lat' dir='ltr'><strong>episcopus,</strong></span> <span class='ocrx_word' id='word_1_470' title='bbox 1487 4067 1579 4144; x_wconf 84' lang='lat' dir='ltr'><strong>cujus</strong></span> <span class='ocrx_word' id='word_1_471' title='bbox 1593 4067 1675 4127; x_wconf 91' lang='lat' dir='ltr'><strong>liber</strong></span> <span class='ocrx_word' id='word_1_472' title='bbox 1685 4067 1723 4125; x_wconf 90' lang='lat' dir='ltr'><strong>ad</strong></span> <span class='ocrx_word' id='word_1_473' title='bbox 1736 4067 1878 4127; x_wconf 76' lang='lat' dir='ltr'><strong>latitem</strong></span> <span class='ocrx_word' id='word_1_474' title='bbox 1895 4067 2023 4130; x_wconf 80' lang='lat' dir='ltr'><strong>viduam</strong></span> <span class='ocrx_word' id='word_1_475' title='bbox 2039 4070 2121 4130; x_wconf 91' lang='lat' dir='ltr'><strong>inter</strong></span> <span class='ocrx_word' id='word_1_476' title='bbox 2135 4069 2301 4129; x_wconf 84' lang='lat' dir='ltr'><strong>subdititia</strong></span> 
     </span>
    </p>

    <p class='ocr_par' dir='ltr' id='par_1_12' title="bbox 661 4146 2302 4227">
     <span class='ocr_line' id='line_1_41' title="bbox 661 4146 2302 4227; baseline -0.001 -18"><span class='ocrx_word' id='word_1_477' title='bbox 661 4151 831 4227; x_wconf 86' lang='lat' dir='ltr'><strong>Augustini</strong></span> <span class='ocrx_word' id='word_1_478' title='bbox 844 4166 943 4226; x_wconf 87' lang='lat' dir='ltr'><strong>opera</strong></span> <span class='ocrx_word' id='word_1_479' title='bbox 956 4150 1074 4219; x_wconf 86' lang='lat' dir='ltr'><strong>exstat,</strong></span> <span class='ocrx_word' id='word_1_480' title='bbox 1088 4147 1174 4207; x_wconf 92' lang='lat' dir='ltr'><strong>illius</strong></span> <span class='ocrx_word' id='word_1_481' title='bbox 1190 4146 1412 4208; x_wconf 77' lang='lat' dir='ltr'><strong>haeresiarchae</strong></span> <span class='ocrx_word' id='word_1_482' title='bbox 1427 4147 1592 4208; x_wconf 89' lang='lat' dir='ltr'><strong>sententiis</strong></span> <span class='ocrx_word' id='word_1_483' title='bbox 1608 4146 1778 4222; x_wconf 87' lang='lat' dir='ltr'><strong>verbisque</strong></span> <span class='ocrx_word' id='word_1_484' title='bbox 1794 4146 1981 4222; x_wconf 89' lang='lat' dir='ltr'><strong>deturpatus</strong></span> <span class='ocrx_word' id='word_1_485' title='bbox 1994 4147 2145 4226; x_wconf 83' lang='lat' dir='ltr'><strong>(Appead.</strong></span> <span class='ocrx_word' id='word_1_486' title='bbox 2162 4159 2237 4208; x_wconf 81' lang='lat' dir='ltr'><strong>tamt</strong></span> <span class='ocrx_word' id='word_1_487' title='bbox 2260 4151 2302 4214; x_wconf 84' lang='lat' dir='ltr'><strong>o,</strong></span> 
     </span>
    </p>

    <p class='ocr_par' dir='ltr' id='par_1_13' title="bbox 660 4225 2302 4306">
     <span class='ocr_line' id='line_1_42' title="bbox 660 4225 2302 4306; baseline -0.001 -17"><span class='ocrx_word' id='word_1_488' title='bbox 660 4228 698 4289; x_wconf 86' lang='lat' dir='ltr'><strong>de</strong></span> <span class='ocrx_word' id='word_1_489' title='bbox 721 4229 790 4289; x_wconf 87' lang='lat' dir='ltr'><strong>l&#39;ita</strong></span> <span class='ocrx_word' id='word_1_490' title='bbox 813 4228 983 4291; x_wconf 81' lang='lat' dir='ltr'><strong>christiana</strong></span> <span class='ocrx_word' id='word_1_491' title='bbox 994 4226 1097 4306; x_wconf 81' lang='lat' dir='ltr'><strong>liber).</strong></span> <span class='ocrx_word' id='word_1_492' title='bbox 1114 4227 1213 4286; x_wconf 91' lang='lat' dir='ltr'><strong>Porro</strong></span> <span class='ocrx_word' id='word_1_493' title='bbox 1229 4225 1329 4285; x_wconf 90' lang='lat' dir='ltr'><strong>missa</strong></span> <span class='ocrx_word' id='word_1_494' title='bbox 1344 4243 1385 4284; x_wconf 81' lang='lat' dir='ltr'><strong>ex</strong></span> <span class='ocrx_word' id='word_1_495' title='bbox 1401 4226 1562 4285; x_wconf 90' lang='lat' dir='ltr'><strong>Britannis</strong></span> <span class='ocrx_word' id='word_1_496' title='bbox 1578 4226 1737 4302; x_wconf 88' lang='lat' dir='ltr'><strong>legatione</strong></span> <span class='ocrx_word' id='word_1_497' title='bbox 1756 4226 1909 4286; x_wconf 90' lang='lat' dir='ltr'><strong>certiores</strong></span> <span class='ocrx_word' id='word_1_498' title='bbox 1933 4226 2007 4286; x_wconf 90' lang='lat' dir='ltr'><strong>lacti</strong></span> <span class='ocrx_word' id='word_1_499' title='bbox 2029 4228 2170 4304; x_wconf 90' lang='lat' dir='ltr'><strong>episcopi</strong></span> <span class='ocrx_word' id='word_1_500' title='bbox 2193 4228 2302 4287; x_wconf 70' lang='lat' dir='ltr'><strong>titille-</strong></span> 
     </span>
    </p>

    <p class='ocr_par' dir='ltr' id='par_1_14' title="bbox 661 4304 2306 4621">
     <span class='ocr_line' id='line_1_43' title="bbox 661 4304 2304 4385; baseline -0.002 -18"><span class='ocrx_word' id='word_1_501' title='bbox 661 4308 733 4367; x_wconf 92' lang='lat' dir='ltr'><strong>cani</strong></span> <span class='ocrx_word' id='word_1_502' title='bbox 748 4307 953 4385; x_wconf 87' lang='lat' dir='ltr'><strong>Pelagianam</strong></span> <span class='ocrx_word' id='word_1_503' title='bbox 968 4311 1090 4384; x_wconf 89' lang='lat' dir='ltr'><strong>pestem</strong></span> <span class='ocrx_word' id='word_1_504' title='bbox 1111 4305 1154 4365; x_wconf 93' lang='lat' dir='ltr'><strong>ibi</strong></span> <span class='ocrx_word' id='word_1_505' title='bbox 1170 4304 1266 4365; x_wconf 89' lang='lat' dir='ltr'><strong>latius</strong></span> <span class='ocrx_word' id='word_1_506' title='bbox 1282 4321 1424 4380; x_wconf 87' lang='lat' dir='ltr'><strong>serpere,</strong></span> <span class='ocrx_word' id='word_1_507' title='bbox 1441 4305 1624 4364; x_wconf 88' lang='lat' dir='ltr'><strong>habueruut</strong></span> <span class='ocrx_word' id='word_1_508' title='bbox 1644 4321 1848 4364; x_wconf 83' lang='lat' dir='ltr'><strong>rrcrrrrcrcrsaru</strong></span> <span class='ocrx_word' id='word_1_509' title='bbox 1867 4304 2039 4382; x_wconf 85' lang='lat' dir='ltr'><strong>synodum.</strong></span> <span class='ocrx_word' id='word_1_510' title='bbox 2056 4306 2087 4365; x_wconf 93' lang='lat' dir='ltr'><strong>in</strong></span> <span class='ocrx_word' id='word_1_511' title='bbox 2111 4323 2175 4382; x_wconf 88' lang='lat' dir='ltr'><strong>qua</strong></span> <span class='ocrx_word' id='word_1_512' title='bbox 2193 4306 2304 4367; x_wconf 89' lang='lat' dir='ltr'><strong>delec-</strong></span> 
     </span>
     <span class='ocr_line' id='line_1_44' title="bbox 663 4382 2303 4463; baseline 0.001 -20"><span class='ocrx_word' id='word_1_513' title='bbox 663 4391 714 4445; x_wconf 92' lang='lat' dir='ltr'><strong>tus</strong></span> <span class='ocrx_word' id='word_1_514' title='bbox 730 4393 788 4456; x_wconf 88' lang='lat' dir='ltr'><strong>cst,</strong></span> <span class='ocrx_word' id='word_1_515' title='bbox 807 4404 880 4445; x_wconf 89' lang='lat' dir='ltr'><strong>cum</strong></span> <span class='ocrx_word' id='word_1_516' title='bbox 896 4387 987 4463; x_wconf 90' lang='lat' dir='ltr'><strong>Lupo</strong></span> <span class='ocrx_word' id='word_1_517' title='bbox 1001 4385 1164 4456; x_wconf 70' lang='lat' dir='ltr'><strong>&#39;froccush</strong></span> <span class='ocrx_word' id='word_1_518' title='bbox 1191 4384 1370 4442; x_wconf 86' lang='lat' dir='ltr'><strong>Gerrnauus</strong></span> <span class='ocrx_word' id='word_1_519' title='bbox 1394 4382 1684 4442; x_wconf 82' lang='lat' dir='ltr'><strong>Autissiodorensis</strong></span> <span class='ocrx_word' id='word_1_520' title='bbox 1703 4384 1873 4459; x_wconf 84' lang='lat' dir='ltr'><strong>episcopus</strong></span> <span class='ocrx_word' id='word_1_521' title='bbox 1887 4405 1894 4441; x_wconf 76' lang='grc' dir='ltr'><strong><em>ι</em></strong></span> <span class='ocrx_word' id='word_1_522' title='bbox 1908 4385 1964 4461; x_wconf 93' lang='lat' dir='ltr'><strong>qui</strong></span> <span class='ocrx_word' id='word_1_523' title='bbox 1988 4385 2027 4445; x_wconf 90' lang='lat' dir='ltr'><strong>ad</strong></span> <span class='ocrx_word' id='word_1_524' title='bbox 2056 4384 2303 4462; x_wconf 87' lang='lat' dir='ltr'><strong>opprimendam</strong></span> 
     </span>
     <span class='ocr_line' id='line_1_45' title="bbox 661 4461 2306 4541; baseline 0.001 -19"><span class='ocrx_word' id='word_1_525' title='bbox 661 4465 726 4524; x_wconf 93' lang='lat' dir='ltr'><strong>illic</strong></span> <span class='ocrx_word' id='word_1_526' title='bbox 738 4464 884 4524; x_wconf 71' lang='lat' dir='ltr'><strong>haeresim</strong></span> <span class='ocrx_word' id='word_1_527' title='bbox 899 4464 996 4524; x_wconf 87' lang='lat' dir='ltr'><strong>semel</strong></span> <span class='ocrx_word' id='word_1_528' title='bbox 1009 4467 1040 4523; x_wconf 91' lang='lat' dir='ltr'><strong>et</strong></span> <span class='ocrx_word' id='word_1_529' title='bbox 1055 4463 1170 4522; x_wconf 89' lang='lat' dir='ltr'><strong>iterum</strong></span> <span class='ocrx_word' id='word_1_530' title='bbox 1187 4461 1310 4539; x_wconf 82' lang='lat' dir='ltr'><strong>trajecit</strong></span> <span class='ocrx_word' id='word_1_531' title='bbox 1323 4482 1331 4531; x_wconf 88' lang='lat'>;</span> <span class='ocrx_word' id='word_1_532' title='bbox 1350 4461 1624 4538; x_wconf 88' lang='lat' dir='ltr'><strong>primumquidem</strong></span> <span class='ocrx_word' id='word_1_533' title='bbox 1637 4471 1712 4521; x_wconf 90' lang='lat' dir='ltr'><strong>tuuc</strong></span> <span class='ocrx_word' id='word_1_534' title='bbox 1726 4480 1798 4521; x_wconf 88' lang='lat' dir='ltr'><strong>cum</strong></span> <span class='ocrx_word' id='word_1_535' title='bbox 1818 4465 1906 4539; x_wconf 80' lang='lat' dir='ltr'><strong>Lupo</strong></span> <span class='ocrx_word' id='word_1_536' title='bbox 1924 4465 2087 4541; x_wconf 82' lang='lat' dir='ltr'><strong>episcope,</strong></span> <span class='ocrx_word' id='word_1_537' title='bbox 2110 4480 2196 4523; x_wconf 91' lang='lat' dir='ltr'><strong>anno</strong></span> <span class='ocrx_word' id='word_1_538' title='bbox 2216 4480 2306 4540; x_wconf 87' lang='lat' dir='ltr'><strong>qua-</strong></span> 
     </span>
     <span class='ocr_line' id='line_1_46' title="bbox 661 4539 2303 4621; baseline 0.002 -23"><span class='ocrx_word' id='word_1_539' title='bbox 661 4543 913 4621; x_wconf 90' lang='lat' dir='ltr'><strong>dringentesimo</strong></span> <span class='ocrx_word' id='word_1_540' title='bbox 925 4543 1078 4620; x_wconf 90' lang='lat' dir='ltr'><strong>vigesimo</strong></span> <span class='ocrx_word' id='word_1_541' title='bbox 1091 4558 1188 4610; x_wconf 92' lang='lat' dir='ltr'><strong>nono,</strong></span> <span class='ocrx_word' id='word_1_542' title='bbox 1209 4545 1318 4618; x_wconf 90' lang='lat' dir='ltr'><strong>postea</strong></span> <span class='ocrx_word' id='word_1_543' title='bbox 1335 4546 1442 4599; x_wconf 91' lang='lat' dir='ltr'><strong>autem</strong></span> <span class='ocrx_word' id='word_1_544' title='bbox 1456 4558 1528 4614; x_wconf 81' lang='lat' dir='ltr'><strong>cuin</strong></span> <span class='ocrx_word' id='word_1_545' title='bbox 1541 4539 1682 4618; x_wconf 88' lang='lat' dir='ltr'><strong>ejusdem</strong></span> <span class='ocrx_word' id='word_1_546' title='bbox 1697 4541 1774 4618; x_wconf 82' lang='lat' dir='ltr'><strong>Lupi</strong></span> <span class='ocrx_word' id='word_1_547' title='bbox 1788 4542 1957 4619; x_wconf 84' lang='lat' dir='ltr'><strong>discipulo,</strong></span> <span class='ocrx_word' id='word_1_548' title='bbox 1972 4543 2090 4604; x_wconf 86' lang='lat' dir='ltr'><strong>Severo</strong></span> <span class='ocrx_word' id='word_1_549' title='bbox 2103 4542 2303 4617; x_wconf 85' lang='lat' dir='ltr'><strong>Trevirensi,</strong></span> 
     </span>
    </p>

    <p class='ocr_par' dir='ltr' id='par_1_15' title="bbox 662 4619 1941 4701">
     <span class='ocr_line' id='line_1_47' title="bbox 662 4619 1941 4701; baseline -0.001 -20"><span class='ocrx_word' id='word_1_550' title='bbox 662 4638 749 4682; x_wconf 84' lang='lat' dir='ltr'><strong>rtrrno</strong></span> <span class='ocrx_word' id='word_1_551' title='bbox 763 4622 1079 4701; x_wconf 88' lang='lat' dir='ltr'><strong>quadringentesimo</strong></span> <span class='ocrx_word' id='word_1_552' title='bbox 1095 4619 1343 4697; x_wconf 86' lang='lat' dir='ltr'><strong>quadragesimo</strong></span> <span class='ocrx_word' id='word_1_553' title='bbox 1356 4620 1493 4696; x_wconf 89' lang='lat' dir='ltr'><strong>septimo</strong></span> <span class='ocrx_word' id='word_1_554' title='bbox 1507 4619 1623 4697; x_wconf 76' lang='lat' dir='ltr'><strong>(lusca</strong></span> <span class='ocrx_word' id='word_1_555' title='bbox 1639 4620 1780 4697; x_wconf 84' lang='lat' dir='ltr'><strong>Append.</strong></span> <span class='ocrx_word' id='word_1_556' title='bbox 1797 4633 1887 4698; x_wconf 75' lang='lat' dir='ltr'><strong>pierre</strong></span> <span class='ocrx_word' id='word_1_557' title='bbox 1897 4621 1941 4697; x_wconf 76' lang='lat'><strong>2).</strong></span> 
     </span>
    </p>

    <p class='ocr_par' dir='ltr' id='par_1_16' title="bbox 661 4697 2306 5566">
     <span class='ocr_line' id='line_1_48' title="bbox 702 4697 2304 4777; baseline 0.001 -18"><span class='ocrx_word' id='word_1_558' title='bbox 702 4701 772 4773; x_wconf 87' lang='lat' dir='ltr'><strong>Quo</strong></span> <span class='ocrx_word' id='word_1_559' title='bbox 788 4702 1105 4769; x_wconf 87' lang='lat' dir='ltr'><strong>evaseritlulianus,</strong></span> <span class='ocrx_word' id='word_1_560' title='bbox 1124 4716 1287 4777; x_wconf 89' lang='lat' dir='ltr'><strong>quamque</strong></span> <span class='ocrx_word' id='word_1_561' title='bbox 1302 4697 1465 4758; x_wconf 90' lang='lat' dir='ltr'><strong>incassum</strong></span> <span class='ocrx_word' id='word_1_562' title='bbox 1480 4699 1547 4776; x_wconf 90' lang='lat' dir='ltr'><strong>ipse</strong></span> <span class='ocrx_word' id='word_1_563' title='bbox 1564 4698 1677 4775; x_wconf 81' lang='lat' dir='ltr'><strong>atejus</strong></span> <span class='ocrx_word' id='word_1_564' title='bbox 1692 4699 1821 4777; x_wconf 73' lang='lat' dir='ltr'><strong>collegae</strong></span> <span class='ocrx_word' id='word_1_565' title='bbox 1840 4701 1975 4761; x_wconf 91' lang='lat' dir='ltr'><strong>Nestorii</strong></span> <span class='ocrx_word' id='word_1_566' title='bbox 1989 4702 2185 4777; x_wconf 87' lang='lat' dir='ltr'><strong>temporibus</strong></span> <span class='ocrx_word' id='word_1_567' title='bbox 2200 4717 2304 4761; x_wconf 84' lang='lat' dir='ltr'><strong>crovos</strong></span> 
     </span>
     <span class='ocr_line' id='line_1_49' title="bbox 662 4777 2303 4856; baseline -0.001 -17"><span class='ocrx_word' id='word_1_568' title='bbox 662 4786 798 4840; x_wconf 92' lang='lat' dir='ltr'><strong>conatus</strong></span> <span class='ocrx_word' id='word_1_569' title='bbox 815 4797 853 4840; x_wconf 91' lang='lat' dir='ltr'><strong>ac</strong></span> <span class='ocrx_word' id='word_1_570' title='bbox 866 4781 1046 4840; x_wconf 92' lang='lat' dir='ltr'><strong>molitiones</strong></span> <span class='ocrx_word' id='word_1_571' title='bbox 1061 4780 1093 4839; x_wconf 92' lang='lat' dir='ltr'><strong>in</strong></span> <span class='ocrx_word' id='word_1_572' title='bbox 1109 4778 1239 4839; x_wconf 91' lang='lat' dir='ltr'><strong>Oriente</strong></span> <span class='ocrx_word' id='word_1_573' title='bbox 1253 4778 1338 4855; x_wconf 91' lang='lat' dir='ltr'><strong>apud</strong></span> <span class='ocrx_word' id='word_1_574' title='bbox 1354 4777 1523 4853; x_wconf 74' lang='lat' dir='ltr'><strong>Ephesinar</strong></span> <span class='ocrx_word' id='word_1_575' title='bbox 1536 4778 1649 4856; x_wconf 74' lang='lat' dir='ltr'><strong>synodi</strong></span> <span class='ocrx_word' id='word_1_576' title='bbox 1667 4784 1773 4855; x_wconf 91' lang='lat' dir='ltr'><strong>patres</strong></span> <span class='ocrx_word' id='word_1_577' title='bbox 1786 4778 2009 4850; x_wconf 83' lang='lat' dir='ltr'><strong>adhibuerint,</strong></span> <span class='ocrx_word' id='word_1_578' title='bbox 2024 4781 2089 4841; x_wconf 91' lang='lat' dir='ltr'><strong>alio</strong></span> <span class='ocrx_word' id='word_1_579' title='bbox 2100 4782 2170 4841; x_wconf 71' lang='lat' dir='ltr'><strong>lor-cr</strong></span> <span class='ocrx_word' id='word_1_580' title='bbox 2185 4781 2303 4840; x_wconf 90' lang='lat' dir='ltr'><strong>dicturi</strong></span> 
     </span>
     <span class='ocr_line' id='line_1_50' title="bbox 663 4856 2306 4938; baseline -0.001 -21"><span class='ocrx_word' id='word_1_581' title='bbox 663 4877 773 4918; x_wconf 91' lang='lat' dir='ltr'><strong>sumus</strong></span> <span class='ocrx_word' id='word_1_582' title='bbox 801 4858 926 4938; x_wconf 73' lang='lat' dir='ltr'><strong>(Infra,</strong></span> <span class='ocrx_word' id='word_1_583' title='bbox 943 4859 978 4920; x_wconf 86' lang='lat' dir='ltr'><strong>de</strong></span> <span class='ocrx_word' id='word_1_584' title='bbox 999 4859 1132 4920; x_wconf 72' lang='lat' dir='ltr'><strong>Iuliana</strong></span> <span class='ocrx_word' id='word_1_585' title='bbox 1150 4867 1177 4918; x_wconf 85' lang='lat' dir='ltr'><strong>el</strong></span> <span class='ocrx_word' id='word_1_586' title='bbox 1199 4858 1265 4936; x_wconf 87' lang='lat' dir='ltr'><strong>ejus</strong></span> <span class='ocrx_word' id='word_1_587' title='bbox 1279 4857 1422 4935; x_wconf 82' lang='lat' dir='ltr'><strong>scriptis,</strong></span> <span class='ocrx_word' id='word_1_588' title='bbox 1441 4857 1599 4920; x_wconf 85' lang='lat' dir='ltr'><strong>Admaait.</strong></span> <span class='ocrx_word' id='word_1_589' title='bbox 1617 4858 1651 4917; x_wconf 87' lang='lat' dir='ltr'><strong>la</strong></span> <span class='ocrx_word' id='word_1_590' title='bbox 1673 4856 1761 4934; x_wconf 81' lang='lat' dir='ltr'><strong>Opas</strong></span> <span class='ocrx_word' id='word_1_591' title='bbox 1776 4859 1984 4937; x_wconf 70' lang='lat' dir='ltr'><strong>inperfectam</strong></span> <span class='ocrx_word' id='word_1_592' title='bbox 2006 4871 2115 4920; x_wconf 87' lang='lat' dir='ltr'><strong>cantra</strong></span> <span class='ocrx_word' id='word_1_593' title='bbox 2138 4859 2306 4918; x_wconf 80' lang='lat' dir='ltr'><strong>scereudam</strong></span> 
     </span>
     <span class='ocr_line' id='line_1_51' title="bbox 661 4935 2304 5016; baseline 0 -19"><span class='ocrx_word' id='word_1_594' title='bbox 661 4937 788 4998; x_wconf 84' lang='lat' dir='ltr'><strong>Juliam‘</strong></span> <span class='ocrx_word' id='word_1_595' title='bbox 800 4937 1063 5016; x_wconf 84' lang='lat' dir='ltr'><strong>responsionem).</strong></span> <span class='ocrx_word' id='word_1_596' title='bbox 1094 4936 1184 5010; x_wconf 89' lang='lat' dir='ltr'><strong>Quod</strong></span> <span class='ocrx_word' id='word_1_597' title='bbox 1199 4936 1238 4997; x_wconf 90' lang='lat' dir='ltr'><strong>ad</strong></span> <span class='ocrx_word' id='word_1_598' title='bbox 1254 4935 1449 5005; x_wconf 82' lang='lat' dir='ltr'><strong>Omlestium,</strong></span> <span class='ocrx_word' id='word_1_599' title='bbox 1466 4936 1520 5012; x_wconf 89' lang='lat' dir='ltr'><strong>qui</strong></span> <span class='ocrx_word' id='word_1_600' title='bbox 1539 4955 1611 4996; x_wconf 86' lang='lat' dir='ltr'><strong>cum</strong></span> <span class='ocrx_word' id='word_1_601' title='bbox 1628 4938 1759 4996; x_wconf 84' lang='lat' dir='ltr'><strong>ltomaru</strong></span> <span class='ocrx_word' id='word_1_602' title='bbox 1771 4938 2028 4998; x_wconf 89' lang='lat' dir='ltr'><strong>circilcranuum</strong></span> <span class='ocrx_word' id='word_1_603' title='bbox 2041 4939 2304 5015; x_wconf 78' lang='lat' dir='ltr'><strong>cqcrctdringeule-</strong></span> 
     </span>
     <span class='ocr_line' id='line_1_52' title="bbox 661 5014 2305 5095; baseline 0.002 -21"><span class='ocrx_word' id='word_1_604' title='bbox 661 5017 782 5074; x_wconf 90' lang='lat' dir='ltr'><strong>simum</strong></span> <span class='ocrx_word' id='word_1_605' title='bbox 794 5015 981 5094; x_wconf 90' lang='lat' dir='ltr'><strong>vigesimum</strong></span> <span class='ocrx_word' id='word_1_606' title='bbox 996 5022 1148 5092; x_wconf 91' lang='lat' dir='ltr'><strong>quartum</strong></span> <span class='ocrx_word' id='word_1_607' title='bbox 1163 5014 1360 5092; x_wconf 89' lang='lat' dir='ltr'><strong>repetiisset,</strong></span> <span class='ocrx_word' id='word_1_608' title='bbox 1379 5016 1423 5073; x_wconf 93' lang='lat' dir='ltr'><strong>uti</strong></span> <span class='ocrx_word' id='word_1_609' title='bbox 1440 5033 1538 5091; x_wconf 90' lang='lat' dir='ltr'><strong>supra</strong></span> <span class='ocrx_word' id='word_1_610' title='bbox 1563 5016 1784 5087; x_wconf 75' lang='lat' dir='ltr'><strong>rrcrrraviruus,</strong></span> <span class='ocrx_word' id='word_1_611' title='bbox 1801 5017 1893 5078; x_wconf 91' lang='lat' dir='ltr'><strong>ltalia</strong></span> <span class='ocrx_word' id='word_1_612' title='bbox 1914 5035 2007 5095; x_wconf 82' lang='lat' dir='ltr'><strong>Jussu</strong></span> <span class='ocrx_word' id='word_1_613' title='bbox 2027 5017 2187 5078; x_wconf 86' lang='lat' dir='ltr'><strong>Ccelesliui</strong></span> <span class='ocrx_word' id='word_1_614' title='bbox 2212 5035 2305 5095; x_wconf 77' lang='lat' dir='ltr'><strong>papae</strong></span> 
     </span>
     <span class='ocr_line' id='line_1_53' title="bbox 663 5092 2306 5173; baseline 0.004 -23"><span class='ocrx_word' id='word_1_615' title='bbox 663 5093 897 5153; x_wconf 74' lang='lat' dir='ltr'><strong>exterminatus</strong></span> <span class='ocrx_word' id='word_1_616' title='bbox 919 5092 993 5166; x_wconf 81' lang='lat' dir='ltr'><strong>tuit,</strong></span> <span class='ocrx_word' id='word_1_617' title='bbox 1007 5095 1033 5153; x_wconf 89' lang='lat' dir='ltr'><strong>is</strong></span> <span class='ocrx_word' id='word_1_618' title='bbox 1048 5094 1229 5154; x_wconf 91' lang='lat' dir='ltr'><strong>Nestorium</strong></span> <span class='ocrx_word' id='word_1_619' title='bbox 1245 5110 1318 5152; x_wconf 91' lang='lat' dir='ltr'><strong>cum</strong></span> <span class='ocrx_word' id='word_1_620' title='bbox 1340 5094 1471 5153; x_wconf 82' lang='lat' dir='ltr'><strong>iuliano</strong></span> <span class='ocrx_word' id='word_1_621' title='bbox 1486 5094 1624 5171; x_wconf 89' lang='lat' dir='ltr'><strong>aliisquo</strong></span> <span class='ocrx_word' id='word_1_622' title='bbox 1647 5094 1789 5172; x_wconf 82' lang='lat' dir='ltr'><strong>ejusdem</strong></span> <span class='ocrx_word' id='word_1_623' title='bbox 1809 5095 1956 5157; x_wconf 74' lang='lat' dir='ltr'><strong>factionis</strong></span> <span class='ocrx_word' id='word_1_624' title='bbox 1975 5095 2133 5173; x_wconf 89' lang='lat' dir='ltr'><strong>episcopis</strong></span> <span class='ocrx_word' id='word_1_625' title='bbox 2151 5097 2306 5156; x_wconf 88' lang='lat' dir='ltr'><strong>convenit</strong></span> 
     </span>
     <span class='ocr_line' id='line_1_54' title="bbox 662 5172 2303 5251; baseline 0.002 -21"><span class='ocrx_word' id='word_1_626' title='bbox 662 5172 974 5248; x_wconf 76' lang='lat' dir='ltr'><strong>Constantinopolim</strong></span> <span class='ocrx_word' id='word_1_627' title='bbox 992 5192 999 5230; x_wconf 74' lang='grc' dir='ltr'><strong>ε</strong></span> <span class='ocrx_word' id='word_1_628' title='bbox 1019 5173 1060 5232; x_wconf 93' lang='lat' dir='ltr'><strong>ihi</strong></span> <span class='ocrx_word' id='word_1_629' title='bbox 1078 5172 1293 5232; x_wconf 84' lang='lat' dir='ltr'><strong>Theodosium</strong></span> <span class='ocrx_word' id='word_1_630' title='bbox 1308 5173 1485 5233; x_wconf 91' lang='lat' dir='ltr'><strong>secundum</strong></span> <span class='ocrx_word' id='word_1_631' title='bbox 1509 5174 1752 5249; x_wconf 88' lang='lat' dir='ltr'><strong>imperatorem,</strong></span> <span class='ocrx_word' id='word_1_632' title='bbox 1772 5192 1837 5251; x_wconf 93' lang='lat' dir='ltr'><strong>quo</strong></span> <span class='ocrx_word' id='word_1_633' title='bbox 1855 5176 1914 5235; x_wconf 91' lang='lat' dir='ltr'><strong>sihi</strong></span> <span class='ocrx_word' id='word_1_634' title='bbox 1928 5174 2100 5236; x_wconf 92' lang='lat' dir='ltr'><strong>concilium</strong></span> <span class='ocrx_word' id='word_1_635' title='bbox 2116 5175 2303 5235; x_wconf 87' lang='lat' dir='ltr'><strong>concedere-</strong></span> 
     </span>
     <span class='ocr_line' id='line_1_55' title="bbox 663 5251 2306 5331; baseline 0.003 -22"><span class='ocrx_word' id='word_1_636' title='bbox 663 5261 726 5323; x_wconf 88' lang='lat' dir='ltr'><strong>tur,</strong></span> <span class='ocrx_word' id='word_1_637' title='bbox 743 5251 990 5327; x_wconf 89' lang='lat' dir='ltr'><strong>interpellarunt</strong></span> <span class='ocrx_word' id='word_1_638' title='bbox 1009 5253 1196 5312; x_wconf 91' lang='lat' dir='ltr'><strong>:Nestorius</strong></span> <span class='ocrx_word' id='word_1_639' title='bbox 1221 5269 1296 5310; x_wconf 87' lang='lat' dir='ltr'><strong>vero</strong></span> <span class='ocrx_word' id='word_1_640' title='bbox 1310 5252 1341 5311; x_wconf 95' lang='lat' dir='ltr'><strong>in</strong></span> <span class='ocrx_word' id='word_1_641' title='bbox 1358 5271 1471 5313; x_wconf 69' lang='lat' dir='ltr'><strong>ericum</strong></span> <span class='ocrx_word' id='word_1_642' title='bbox 1486 5255 1621 5330; x_wconf 90' lang='lat' dir='ltr'><strong>gratiam</strong></span> <span class='ocrx_word' id='word_1_643' title='bbox 1636 5252 1805 5312; x_wconf 87' lang='lat' dir='ltr'><strong>leestino</strong></span> <span class='ocrx_word' id='word_1_644' title='bbox 1821 5255 1959 5331; x_wconf 90' lang='lat' dir='ltr'><strong>scripsit.</strong></span> <span class='ocrx_word' id='word_1_645' title='bbox 1976 5257 2015 5313; x_wconf 93' lang='lat' dir='ltr'><strong>At</strong></span> <span class='ocrx_word' id='word_1_646' title='bbox 2033 5273 2105 5316; x_wconf 89' lang='lat' dir='ltr'><strong>cum</strong></span> <span class='ocrx_word' id='word_1_647' title='bbox 2123 5253 2306 5314; x_wconf 82' lang='lat' dir='ltr'><strong>Theodosio</strong></span> 
     </span>
     <span class='ocr_line' id='line_1_56' title="bbox 664 5328 2306 5410; baseline 0.001 -21"><span class='ocrx_word' id='word_1_648' title='bbox 664 5332 808 5391; x_wconf 90' lang='lat' dir='ltr'><strong>libellum</strong></span> <span class='ocrx_word' id='word_1_649' title='bbox 822 5330 976 5390; x_wconf 79' lang='lat' dir='ltr'><strong>adversus</strong></span> <span class='ocrx_word' id='word_1_650' title='bbox 987 5331 1058 5391; x_wconf 93' lang='lat' dir='ltr'><strong>illos</strong></span> <span class='ocrx_word' id='word_1_651' title='bbox 1072 5348 1159 5391; x_wconf 90' lang='lat' dir='ltr'><strong>auno</strong></span> <span class='ocrx_word' id='word_1_652' title='bbox 1171 5328 1491 5408; x_wconf 86' lang='lat' dir='ltr'><strong>quadringentesimo</strong></span> <span class='ocrx_word' id='word_1_653' title='bbox 1506 5332 1659 5410; x_wconf 90' lang='lat' dir='ltr'><strong>vigesimo</strong></span> <span class='ocrx_word' id='word_1_654' title='bbox 1673 5349 1759 5391; x_wconf 94' lang='lat' dir='ltr'><strong>nono</strong></span> <span class='ocrx_word' id='word_1_655' title='bbox 1773 5334 1943 5394; x_wconf 90' lang='lat' dir='ltr'><strong>obtulisset</strong></span> <span class='ocrx_word' id='word_1_656' title='bbox 1954 5334 2124 5396; x_wconf 83' lang='lat' dir='ltr'><strong>Mercator.</strong></span> <span class='ocrx_word' id='word_1_657' title='bbox 2144 5333 2221 5408; x_wconf 90' lang='lat' dir='ltr'><strong>ipsis</strong></span> <span class='ocrx_word' id='word_1_658' title='bbox 2242 5334 2306 5391; x_wconf 76' lang='lat' dir='ltr'><strong>im·</strong></span> 
     </span>
     <span class='ocr_line' id='line_1_57' title="bbox 664 5408 2306 5491; baseline 0.002 -22"><span class='ocrx_word' id='word_1_659' title='bbox 664 5415 809 5486; x_wconf 90' lang='lat' dir='ltr'><strong>peratum</strong></span> <span class='ocrx_word' id='word_1_660' title='bbox 822 5414 870 5470; x_wconf 90' lang='lat' dir='ltr'><strong>cst</strong></span> <span class='ocrx_word' id='word_1_661' title='bbox 884 5427 926 5470; x_wconf 86' lang='lat' dir='ltr'><strong>ex</strong></span> <span class='ocrx_word' id='word_1_662' title='bbox 945 5411 1025 5470; x_wconf 88' lang='lat' dir='ltr'><strong>urbe</strong></span> <span class='ocrx_word' id='word_1_663' title='bbox 1040 5409 1195 5491; x_wconf 74' lang='lat' dir='ltr'><strong>excedere</strong></span> <span class='ocrx_word' id='word_1_664' title='bbox 1218 5408 1351 5488; x_wconf 80' lang='lat' dir='ltr'><strong>(lrrsru,</strong></span> <span class='ocrx_word' id='word_1_665' title='bbox 1366 5409 1508 5489; x_wconf 80' lang='lat' dir='ltr'><strong>Append.</strong></span> <span class='ocrx_word' id='word_1_666' title='bbox 1524 5419 1613 5489; x_wconf 83' lang='lat' dir='ltr'><strong>pvrrte</strong></span> <span class='ocrx_word' id='word_1_667' title='bbox 1625 5410 1645 5468; x_wconf 69' lang='lat' dir='ltr'><strong>‘A</strong></span> <span class='ocrx_word' id='word_1_668' title='bbox 1656 5411 1678 5489; x_wconf 75' lang='lat' dir='ltr'><strong>l.</strong></span> <span class='ocrx_word' id='word_1_669' title='bbox 1689 5412 1736 5470; x_wconf 92' lang='lat' dir='ltr'><strong>Ab</strong></span> <span class='ocrx_word' id='word_1_670' title='bbox 1752 5412 1825 5472; x_wconf 92' lang='lat' dir='ltr'><strong>hinc</strong></span> <span class='ocrx_word' id='word_1_671' title='bbox 1840 5412 1917 5489; x_wconf 92' lang='lat' dir='ltr'><strong>quid</strong></span> <span class='ocrx_word' id='word_1_672' title='bbox 1936 5412 2053 5472; x_wconf 88' lang='lat' dir='ltr'><strong>iactum</strong></span> <span class='ocrx_word' id='word_1_673' title='bbox 2077 5412 2173 5472; x_wconf 88' lang='lat' dir='ltr'><strong>luerit</strong></span> <span class='ocrx_word' id='word_1_674' title='bbox 2196 5412 2306 5473; x_wconf 81' lang='lat' dir='ltr'><strong>Coelc-</strong></span> 
     </span>
     <span class='ocr_line' id='line_1_58' title="bbox 663 5490 1134 5566; baseline 0 -19"><span class='ocrx_word' id='word_1_675' title='bbox 663 5490 743 5560; x_wconf 84' lang='lat' dir='ltr'><strong>stio,</strong></span> <span class='ocrx_word' id='word_1_676' title='bbox 766 5504 927 5566; x_wconf 92' lang='lat' dir='ltr'><strong>nusquam</strong></span> <span class='ocrx_word' id='word_1_677' title='bbox 944 5490 1134 5565; x_wconf 89' lang='lat' dir='ltr'><strong>reperimus.</strong></span> 
     </span>
    </p>

    <p class='ocr_par' dir='ltr' id='par_1_17' title="bbox 663 5567 2309 5805">
     <span class='ocr_line' id='line_1_59' title="bbox 663 5567 2309 5647; baseline 0.001 -19"><span class='ocrx_word' id='word_1_678' title='bbox 663 5569 765 5628; x_wconf 78' lang='lat' dir='ltr'>XXV.</span> <span class='ocrx_word' id='word_1_679' title='bbox 789 5567 987 5630; x_wconf 83' lang='lat' dir='ltr'><strong>Adrumetini</strong></span> <span class='ocrx_word' id='word_1_680' title='bbox 998 5568 1140 5628; x_wconf 83' lang='lat' dir='ltr'><strong>rnonaehi</strong></span> <span class='ocrx_word' id='word_1_681' title='bbox 1153 5585 1246 5646; x_wconf 85' lang='lat' dir='ltr'><strong>super</strong></span> <span class='ocrx_word' id='word_1_682' title='bbox 1260 5569 1429 5646; x_wconf 75' lang='lat' dir='ltr'><strong>peractione</strong></span> <span class='ocrx_word' id='word_1_683' title='bbox 1440 5568 1477 5628; x_wconf 81' lang='lat' dir='ltr'><strong>cle</strong></span> <span class='ocrx_word' id='word_1_684' title='bbox 1491 5570 1596 5647; x_wconf 79' lang='lat' dir='ltr'><strong>pratia</strong></span> <span class='ocrx_word' id='word_1_685' title='bbox 1610 5578 1637 5628; x_wconf 89' lang='lat' dir='ltr'><strong>et</strong></span> <span class='ocrx_word' id='word_1_686' title='bbox 1649 5567 1745 5629; x_wconf 87' lang='lat' dir='ltr'><strong>libero</strong></span> <span class='ocrx_word' id='word_1_687' title='bbox 1760 5568 1894 5632; x_wconf 83' lang='lat' dir='ltr'><strong>arbitria</strong></span> <span class='ocrx_word' id='word_1_688' title='bbox 1908 5571 1990 5630; x_wconf 84' lang='lat' dir='ltr'><strong>inter</strong></span> <span class='ocrx_word' id='word_1_689' title='bbox 2001 5589 2033 5630; x_wconf 86' lang='lat' dir='ltr'><strong>se</strong></span> <span class='ocrx_word' id='word_1_690' title='bbox 2045 5569 2195 5631; x_wconf 86' lang='lat' dir='ltr'><strong>dissident</strong></span> <span class='ocrx_word' id='word_1_691' title='bbox 2211 5570 2309 5631; x_wconf 85' lang='lat' dir='ltr'><strong>circi·</strong></span> 
     </span>
     <span class='ocr_line' id='line_1_60' title="bbox 703 5645 2308 5738; baseline 0.001 -32"><span class='ocrx_word' id='word_1_692' title='bbox 703 5658 750 5706; x_wconf 88' lang='lat' dir='ltr'><strong>ter</strong></span> <span class='ocrx_word' id='word_1_693' title='bbox 766 5666 884 5710; x_wconf 84' lang='lat' dir='ltr'><strong>annam</strong></span> <span class='ocrx_word' id='word_1_694' title='bbox 898 5645 1235 5738; x_wconf 73' lang='lat' dir='ltr'><strong>quadringentesimum</strong></span> <span class='ocrx_word' id='word_1_695' title='bbox 1250 5647 1428 5723; x_wconf 73' lang='lat' dir='ltr'><strong>vigesimum</strong></span> <span class='ocrx_word' id='word_1_696' title='bbox 1442 5657 1575 5709; x_wconf 78' lang='lat' dir='ltr'><strong>sextam.</strong></span> <span class='ocrx_word' id='word_1_697' title='bbox 1595 5649 1663 5709; x_wconf 81' lang='lat' dir='ltr'><strong>Eas</strong></span> <span class='ocrx_word' id='word_1_698' title='bbox 1675 5649 1870 5726; x_wconf 75' lang='lat' dir='ltr'><strong>Augustinus</strong></span> <span class='ocrx_word' id='word_1_699' title='bbox 1892 5650 1973 5711; x_wconf 86' lang='lat' dir='ltr'><strong>lidro</strong></span> <span class='ocrx_word' id='word_1_700' title='bbox 1990 5651 2024 5711; x_wconf 87' lang='lat' dir='ltr'><strong>ia</strong></span> <span class='ocrx_word' id='word_1_701' title='bbox 2039 5650 2118 5711; x_wconf 87' lang='lat' dir='ltr'><strong>idem</strong></span> <span class='ocrx_word' id='word_1_702' title='bbox 2132 5667 2308 5726; x_wconf 80' lang='lat' dir='ltr'><strong>arqamea-</strong></span> 
     </span>
     <span class='ocr_line' id='line_1_61' title="bbox 703 5725 1677 5805; baseline 0 -21"><span class='ocrx_word' id='word_1_703' title='bbox 703 5735 769 5786; x_wconf 86' lang='lat' dir='ltr'><strong>tam</strong></span> <span class='ocrx_word' id='word_1_704' title='bbox 782 5734 960 5805; x_wconf 76' lang='lat' dir='ltr'><strong>conscripto</strong></span> <span class='ocrx_word' id='word_1_705' title='bbox 973 5725 1014 5786; x_wconf 90' lang='lat' dir='ltr'><strong>ad</strong></span> <span class='ocrx_word' id='word_1_706' title='bbox 1029 5726 1227 5787; x_wconf 77' lang='lat' dir='ltr'><strong>corcordiam</strong></span> <span class='ocrx_word' id='word_1_707' title='bbox 1241 5725 1380 5786; x_wconf 84' lang='lat' dir='ltr'><strong>adducit.</strong></span> <span class='ocrx_word' id='word_1_708' title='bbox 1673 5776 1677 5784; x_wconf 93' lang='lat'><em>.</em></span> 
     </span>
    </p>

    <p class='ocr_par' dir='ltr' id='par_1_18' title="bbox 663 5805 2308 6363">
     <span class='ocr_line' id='line_1_62' title="bbox 703 5805 2305 5886; baseline 0.001 -22"><span class='ocrx_word' id='word_1_709' title='bbox 703 5805 878 5882; x_wconf 89' lang='lat' dir='ltr'><strong>Aliquanto</strong></span> <span class='ocrx_word' id='word_1_710' title='bbox 892 5810 965 5883; x_wconf 89' lang='lat' dir='ltr'><strong>post</strong></span> <span class='ocrx_word' id='word_1_711' title='bbox 978 5805 1145 5867; x_wconf 91' lang='lat' dir='ltr'><strong>damnatos</strong></span> <span class='ocrx_word' id='word_1_712' title='bbox 1160 5820 1179 5866; x_wconf 91' lang='lat' dir='ltr'><strong>a</strong></span> <span class='ocrx_word' id='word_1_713' title='bbox 1192 5805 1319 5865; x_wconf 90' lang='lat' dir='ltr'><strong>Zosimo</strong></span> <span class='ocrx_word' id='word_1_714' title='bbox 1340 5822 1439 5883; x_wconf 89' lang='lat' dir='ltr'><strong>papa,</strong></span> <span class='ocrx_word' id='word_1_715' title='bbox 1455 5813 1592 5885; x_wconf 76' lang='lat' dir='ltr'><strong>postquc</strong></span> <span class='ocrx_word' id='word_1_716' title='bbox 1609 5806 1726 5885; x_wconf 86' lang='lat' dir='ltr'><strong>ejectos</strong></span> <span class='ocrx_word' id='word_1_717' title='bbox 1746 5806 1918 5868; x_wconf 87' lang='lat' dir='ltr'><strong>Occidente</strong></span> <span class='ocrx_word' id='word_1_718' title='bbox 1935 5807 2138 5886; x_wconf 88' lang='lat' dir='ltr'><strong>Pelagianos,</strong></span> <span class='ocrx_word' id='word_1_719' title='bbox 2154 5808 2305 5867; x_wconf 90' lang='lat' dir='ltr'><strong>obortum</strong></span> 
     </span>
     <span class='ocr_line' id='line_1_63' title="bbox 663 5883 2307 5965; baseline 0.004 -25"><span class='ocrx_word' id='word_1_720' title='bbox 663 5889 712 5942; x_wconf 87' lang='lat' dir='ltr'><strong>cst</strong></span> <span class='ocrx_word' id='word_1_721' title='bbox 727 5884 811 5945; x_wconf 90' lang='lat' dir='ltr'><strong>inter</strong></span> <span class='ocrx_word' id='word_1_722' title='bbox 821 5885 1047 5946; x_wconf 88' lang='lat' dir='ltr'><strong>Adrumetinus</strong></span> <span class='ocrx_word' id='word_1_723' title='bbox 1064 5885 1238 5946; x_wconf 91' lang='lat' dir='ltr'><strong>monachos</strong></span> <span class='ocrx_word' id='word_1_724' title='bbox 1254 5883 1421 5943; x_wconf 89' lang='lat' dir='ltr'><strong>dissidium</strong></span> <span class='ocrx_word' id='word_1_725' title='bbox 1435 5885 1474 5946; x_wconf 92' lang='lat' dir='ltr'><strong>do</strong></span> <span class='ocrx_word' id='word_1_726' title='bbox 1492 5886 1669 5962; x_wconf 85' lang='lat' dir='ltr'><strong>prolixiore</strong></span> <span class='ocrx_word' id='word_1_727' title='bbox 1685 5885 1723 5945; x_wconf 90' lang='lat' dir='ltr'><strong>ad</strong></span> <span class='ocrx_word' id='word_1_728' title='bbox 1739 5886 1864 5946; x_wconf 84' lang='lat' dir='ltr'><strong>Sixtum</strong></span> <span class='ocrx_word' id='word_1_729' title='bbox 1887 5887 2044 5964; x_wconf 80' lang='lat' dir='ltr'><strong>epistola3</strong></span> <span class='ocrx_word' id='word_1_730' title='bbox 2062 5886 2139 5947; x_wconf 79' lang='lat' dir='ltr'><strong>felix</strong></span> <span class='ocrx_word' id='word_1_731' title='bbox 2162 5886 2307 5965; x_wconf 86' lang='lat' dir='ltr'><strong>prolecto</strong></span> 
     </span>
     <span class='ocr_line' id='line_1_64' title="bbox 664 5963 2307 6041; baseline 0.002 -20"><span class='ocrx_word' id='word_1_732' title='bbox 664 5963 940 6041; x_wconf 79' lang='lat' dir='ltr'><strong>fortunatumque,</strong></span> <span class='ocrx_word' id='word_1_733' title='bbox 959 5964 1046 6041; x_wconf 93' lang='lat' dir='ltr'><strong>quod</strong></span> <span class='ocrx_word' id='word_1_734' title='bbox 1061 5964 1153 6024; x_wconf 93' lang='lat' dir='ltr'><strong>binos</strong></span> <span class='ocrx_word' id='word_1_735' title='bbox 1168 5964 1267 6024; x_wconf 93' lang='lat' dir='ltr'><strong>libros</strong></span> <span class='ocrx_word' id='word_1_736' title='bbox 1283 5963 1433 6024; x_wconf 75' lang='lat' dir='ltr'><strong>Ecclesiae</strong></span> <span class='ocrx_word' id='word_1_737' title='bbox 1451 5968 1514 6025; x_wconf 92' lang='lat' dir='ltr'><strong>tam</strong></span> <span class='ocrx_word' id='word_1_738' title='bbox 1533 5967 1753 6036; x_wconf 86' lang='lat' dir='ltr'><strong>necessarios,</strong></span> <span class='ocrx_word' id='word_1_739' title='bbox 1768 5983 1869 6026; x_wconf 90' lang='lat' dir='ltr'><strong>unum</strong></span> <span class='ocrx_word' id='word_1_740' title='bbox 1884 5964 1923 6026; x_wconf 86' lang='lat' dir='ltr'><strong>de</strong></span> <span class='ocrx_word' id='word_1_741' title='bbox 1938 5966 2048 6025; x_wconf 77' lang='lat' dir='ltr'><strong>Gratia</strong></span> <span class='ocrx_word' id='word_1_742' title='bbox 2063 5971 2095 6026; x_wconf 91' lang='lat' dir='ltr'><strong>et</strong></span> <span class='ocrx_word' id='word_1_743' title='bbox 2109 5967 2225 6026; x_wconf 92' lang='lat' dir='ltr'><strong>Libero</strong></span> <span class='ocrx_word' id='word_1_744' title='bbox 2239 5967 2307 6024; x_wconf 85' lang='lat' dir='ltr'><strong>Ar-</strong></span> 
     </span>
     <span class='ocr_line' id='line_1_65' title="bbox 665 6043 2308 6124; baseline 0.002 -24"><span class='ocrx_word' id='word_1_745' title='bbox 665 6043 777 6113; x_wconf 91' lang='lat' dir='ltr'><strong>bitrio,</strong></span> <span class='ocrx_word' id='word_1_746' title='bbox 792 6043 931 6104; x_wconf 90' lang='lat' dir='ltr'><strong>alterum</strong></span> <span class='ocrx_word' id='word_1_747' title='bbox 953 6044 991 6106; x_wconf 90' lang='lat' dir='ltr'><strong>de</strong></span> <span class='ocrx_word' id='word_1_748' title='bbox 1004 6044 1213 6121; x_wconf 87' lang='lat' dir='ltr'><strong>Correptione</strong></span> <span class='ocrx_word' id='word_1_749' title='bbox 1226 6047 1257 6104; x_wconf 90' lang='lat' dir='ltr'><strong>et</strong></span> <span class='ocrx_word' id='word_1_750' title='bbox 1272 6043 1382 6104; x_wconf 87' lang='lat' dir='ltr'><strong>Gratia</strong></span> <span class='ocrx_word' id='word_1_751' title='bbox 1398 6044 1540 6120; x_wconf 89' lang='lat' dir='ltr'><strong>peperit,</strong></span> <span class='ocrx_word' id='word_1_752' title='bbox 1556 6049 1634 6120; x_wconf 91' lang='lat' dir='ltr'><strong>puta</strong></span> <span class='ocrx_word' id='word_1_753' title='bbox 1658 6044 1785 6106; x_wconf 89' lang='lat' dir='ltr'><strong>circiter</strong></span> <span class='ocrx_word' id='word_1_754' title='bbox 1800 6062 1922 6105; x_wconf 92' lang='lat' dir='ltr'><strong>aunum</strong></span> <span class='ocrx_word' id='word_1_755' title='bbox 1937 6044 2054 6105; x_wconf 88' lang='lat' dir='ltr'><strong>Christi</strong></span> <span class='ocrx_word' id='word_1_756' title='bbox 2078 6045 2308 6124; x_wconf 80' lang='lat' dir='ltr'><strong>quadringen-</strong></span> 
     </span>
     <span class='ocr_line' id='line_1_66' title="bbox 663 6121 2308 6201; baseline 0.003 -22"><span class='ocrx_word' id='word_1_757' title='bbox 663 6121 813 6184; x_wconf 88' lang='lat' dir='ltr'><strong>tesimum</strong></span> <span class='ocrx_word' id='word_1_758' title='bbox 833 6123 1022 6201; x_wconf 89' lang='lat' dir='ltr'><strong>vigesimum</strong></span> <span class='ocrx_word' id='word_1_759' title='bbox 1033 6127 1170 6183; x_wconf 82' lang='lat' dir='ltr'><strong>sextum.</strong></span> <span class='ocrx_word' id='word_1_760' title='bbox 1184 6123 1252 6183; x_wconf 95' lang='lat' dir='ltr'><strong>Non</strong></span> <span class='ocrx_word' id='word_1_761' title='bbox 1272 6123 1357 6182; x_wconf 88' lang='lat' dir='ltr'><strong>enim</strong></span> <span class='ocrx_word' id='word_1_762' title='bbox 1372 6129 1421 6183; x_wconf 90' lang='lat' dir='ltr'><strong>est</strong></span> <span class='ocrx_word' id='word_1_763' title='bbox 1438 6141 1496 6183; x_wconf 90' lang='lat' dir='ltr'><strong>eur</strong></span> <span class='ocrx_word' id='word_1_764' title='bbox 1512 6130 1704 6184; x_wconf 90' lang='lat' dir='ltr'><strong>memoratos</strong></span> <span class='ocrx_word' id='word_1_765' title='bbox 1721 6125 1819 6185; x_wconf 92' lang='lat' dir='ltr'><strong>libros</strong></span> <span class='ocrx_word' id='word_1_766' title='bbox 1837 6124 1886 6183; x_wconf 93' lang='lat' dir='ltr'><strong>vel</strong></span> <span class='ocrx_word' id='word_1_767' title='bbox 1900 6124 1985 6184; x_wconf 91' lang='lat' dir='ltr'><strong>ultra</strong></span> <span class='ocrx_word' id='word_1_768' title='bbox 1999 6124 2059 6184; x_wconf 92' lang='lat' dir='ltr'><strong>hoc</strong></span> <span class='ocrx_word' id='word_1_769' title='bbox 2070 6130 2197 6201; x_wconf 89' lang='lat' dir='ltr'><strong>tempus</strong></span> <span class='ocrx_word' id='word_1_770' title='bbox 2213 6123 2308 6184; x_wconf 80' lang='lat' dir='ltr'><strong>dilie-</strong></span> 
     </span>
     <span class='ocr_line' id='line_1_67' title="bbox 664 6201 2306 6284; baseline 0.001 -22"><span class='ocrx_word' id='word_1_771' title='bbox 664 6219 785 6274; x_wconf 90' lang='lat' dir='ltr'><strong>ramus,</strong></span> <span class='ocrx_word' id='word_1_772' title='bbox 795 6201 925 6279; x_wconf 91' lang='lat' dir='ltr'><strong>quando</strong></span> <span class='ocrx_word' id='word_1_773' title='bbox 939 6208 1149 6263; x_wconf 84' lang='lat' dir='ltr'><strong>recensentur</strong></span> <span class='ocrx_word' id='word_1_774' title='bbox 1163 6203 1194 6262; x_wconf 93' lang='lat' dir='ltr'><strong>in</strong></span> <span class='ocrx_word' id='word_1_775' title='bbox 1212 6202 1503 6263; x_wconf 84' lang='lat' dir='ltr'><strong>ltetractationibus</strong></span> <span class='ocrx_word' id='word_1_776' title='bbox 1518 6204 1602 6264; x_wconf 88' lang='lat' dir='ltr'><strong>circu</strong></span> <span class='ocrx_word' id='word_1_777' title='bbox 1613 6220 1734 6264; x_wconf 91' lang='lat' dir='ltr'><strong>anuum</strong></span> <span class='ocrx_word' id='word_1_778' title='bbox 1746 6203 2100 6281; x_wconf 90' lang='lat' dir='ltr'><strong>quadringentesimum</strong></span> <span class='ocrx_word' id='word_1_779' title='bbox 2114 6205 2306 6284; x_wconf 87' lang='lat' dir='ltr'><strong>vigesimum</strong></span> 
     </span>
     <span class='ocr_line' id='line_1_68' title="bbox 664 6280 2103 6363; baseline 0.004 -22"><span class='ocrx_word' id='word_1_780' title='bbox 664 6282 833 6357; x_wconf 89' lang='lat' dir='ltr'><strong>septimum</strong></span> <span class='ocrx_word' id='word_1_781' title='bbox 849 6280 958 6351; x_wconf 79' lang='lat' dir='ltr'><strong>editis3</strong></span> <span class='ocrx_word' id='word_1_782' title='bbox 979 6282 1026 6342; x_wconf 90' lang='lat' dir='ltr'><strong>vel</strong></span> <span class='ocrx_word' id='word_1_783' title='bbox 1046 6283 1134 6358; x_wconf 92' lang='lat' dir='ltr'><strong>prius</strong></span> <span class='ocrx_word' id='word_1_784' title='bbox 1148 6282 1341 6342; x_wconf 88' lang='lat' dir='ltr'><strong>collocemus</strong></span> <span class='ocrx_word' id='word_1_785' title='bbox 1353 6326 1361 6352; x_wconf 93' lang='lat'><strong>,</strong></span> <span class='ocrx_word' id='word_1_786' title='bbox 1375 6282 1452 6359; x_wconf 89' lang='lat' dir='ltr'><strong>quia</strong></span> <span class='ocrx_word' id='word_1_787' title='bbox 1469 6290 1666 6360; x_wconf 88' lang='lat' dir='ltr'><strong>postremum</strong></span> <span class='ocrx_word' id='word_1_788' title='bbox 1678 6283 1795 6345; x_wconf 87' lang='lat' dir='ltr'><strong>ibidem</strong></span> <span class='ocrx_word' id='word_1_789' title='bbox 1810 6283 1916 6343; x_wconf 89' lang='lat' dir='ltr'><strong>locum</strong></span> <span class='ocrx_word' id='word_1_790' title='bbox 1932 6294 2103 6363; x_wconf 91' lang='lat' dir='ltr'><strong>occupant.</strong></span> 
     </span>
    </p>

    <p class='ocr_par' dir='ltr' id='par_1_19' title="bbox 696 6361 2304 6442">
     <span class='ocr_line' id='line_1_69' title="bbox 696 6361 2304 6442; baseline 0.006 -23"><span class='ocrx_word' id='word_1_791' title='bbox 696 6361 775 6425; x_wconf 82' lang='lat' dir='ltr'><strong>lr&#39;rat</strong></span> <span class='ocrx_word' id='word_1_792' title='bbox 788 6361 1002 6423; x_wconf 88' lang='lat' dir='ltr'><strong>Adrumctum</strong></span> <span class='ocrx_word' id='word_1_793' title='bbox 1019 6378 1057 6422; x_wconf 93' lang='lat' dir='ltr'><strong>eo</strong></span> <span class='ocrx_word' id='word_1_794' title='bbox 1072 6366 1214 6440; x_wconf 85' lang='lat' dir='ltr'><strong>tempore</strong></span> <span class='ocrx_word' id='word_1_795' title='bbox 1229 6361 1342 6424; x_wconf 88' lang='lat' dir='ltr'><strong>civitas</strong></span> <span class='ocrx_word' id='word_1_796' title='bbox 1356 6361 1388 6421; x_wconf 92' lang='lat' dir='ltr'><strong>in</strong></span> <span class='ocrx_word' id='word_1_797' title='bbox 1403 6363 1568 6441; x_wconf 79' lang='lat' dir='ltr'><strong>Byzacena</strong></span> <span class='ocrx_word' id='word_1_798' title='bbox 1586 6362 1698 6427; x_wconf 78' lang='lat' dir='ltr'><strong>Ainea</strong></span> <span class='ocrx_word' id='word_1_799' title='bbox 1713 6364 1878 6442; x_wconf 88' lang='lat' dir='ltr'><strong>provincia</strong></span> <span class='ocrx_word' id='word_1_800' title='bbox 1897 6367 2043 6427; x_wconf 85' lang='lat' dir='ltr'><strong>celebris.</strong></span> <span class='ocrx_word' id='word_1_801' title='bbox 2062 6369 2106 6428; x_wconf 84' lang='lat' dir='ltr'><strong>lbi</strong></span> <span class='ocrx_word' id='word_1_802' title='bbox 2121 6369 2304 6431; x_wconf 73' lang='lat' dir='ltr'><strong>ranchinus</strong></span> 
     </span>
    </p>
   </div>
   <div class='ocr_carea' id='block_1_3' title="bbox 840 2722 1995 2809">
    <p class='ocr_par' dir='ltr' id='par_1_20' title="bbox 840 2722 1995 2809">
     <span class='ocr_line' id='line_1_70' title="bbox 840 2722 1995 2809; baseline -0.009 -16"><span class='ocrx_word' id='word_1_803' title='bbox 840 2733 925 2804; x_wconf 89' lang='lat' dir='ltr'><strong>ubic,</strong></span> <span class='ocrx_word' id='word_1_804' title='bbox 940 2727 1208 2809; x_wconf 89' lang='lat' dir='ltr'><strong>quemadmodum</strong></span> <span class='ocrx_word' id='word_1_805' title='bbox 1224 2731 1255 2787; x_wconf 90' lang='lat' dir='ltr'><strong>et</strong></span> <span class='ocrx_word' id='word_1_806' title='bbox 1266 2724 1350 2794; x_wconf 91' lang='lat' dir='ltr'><strong>aliis,</strong></span> <span class='ocrx_word' id='word_1_807' title='bbox 1362 2725 1511 2784; x_wconf 90' lang='lat' dir='ltr'><strong>restituta</strong></span> <span class='ocrx_word' id='word_1_808' title='bbox 1527 2723 1631 2783; x_wconf 90' lang='lat' dir='ltr'><strong>lucrat</strong></span> <span class='ocrx_word' id='word_1_809' title='bbox 1643 2722 1834 2799; x_wconf 91' lang='lat' dir='ltr'><strong>episcopalis</strong></span> <span class='ocrx_word' id='word_1_810' title='bbox 1844 2723 1995 2802; x_wconf 85' lang='lat' dir='ltr'><strong>dignitas.</strong></span> 
     </span>
    </p>
   </div>
   <div class='ocr_carea' id='block_1_4' title="bbox 0 0 2818 7348">
    <p class='ocr_par' dir='ltr' id='par_1_21' title="bbox 0 0 2818 7348">
     <span class='ocr_line' id='line_1_71' title="bbox 0 0 2818 7348; baseline 0 0"><span class='ocrx_word' id='word_1_811' title='bbox 0 0 2818 7348; x_wconf 95' lang='lat' dir='ltr'><strong> </strong></span> 
     </span>
    </p>
   </div>
  </div>
 </body>
</html>
