5592 7350
581 963 633 1018 ,ιιι

575 1050 628 1131 cos
641 1073 682 1131 rel
697 1072 818 1143 accipere
832 1069 873 1125 iel
887 1083 940 1124 non
961 1069 1084 1139 accipere
1096 1083 1195 1140 corpus
1215 1082 1243 1127 et
1260 1075 1368 1145 sangui-

469 1187 477 1206 i
580 1182 641 1223 neni
653 1163 763 1230 Christi,
779 1162 837 1218 sine
848 1176 901 1232 quo
915 1162 994 1217 vitain
1008 1175 1119 1232 prorsiis
1132 1160 1230 1219 habere
1241 1179 1293 1219 non
1307 1180 1370 1235 pos·

532 1246 535 1252 ¹
578 1265 660 1312 suut:
674 1264 702 1312 et
713 1254 740 1310 iri
753 1268 843 1307 ieram
854 1252 1038 1308 remissionem
1050 1262 1218 1328 pcccatorum
1230 1253 1368 1325 baptizari,

579 1345 700 1419 quamvis
714 1345 815 1400 nollunt
828 1360 861 1399 ex
873 1342 958 1398 Adam
974 1343 1127 1408 traherent;
1141 1344 1266 1415 quoniam
1276 1346 1369 1401 reinit-

579 1448 670 1492 tuiitur
681 1437 721 1492 eis
731 1445 857 1506 peccata,
873 1434 907 1490 dc
923 1434 1018 1504 quibus
1031 1433 1092 1489 illos
1104 1435 1173 1490 betis
1184 1436 1368 1505 poenitentiam

581 1528 715 1599 prescivit
727 1536 843 1583 acturos.
859 1526 896 1581 lta
908 1527 1031 1609 facillime
1048 1536 1159 1597 agerent
1168 1536 1249 1597 atque
1259 1528 1368 1585 obtine·

579 1627 639 1673 rent
650 1632 757 1674 causam
771 1631 846 1671 suani
859 1656 868 1680 ,
883 1631 934 1686 qua
950 1626 1046 1686 negant
1060 1632 1119 1671 csse
1131 1618 1260 1688 originale
1277 1634 1370 1690 pccca-

579 1719 652 1774 tum,
666 1718 693 1766 et
705 1709 815 1779 gratiam
836 1708 882 1761 boi
905 1723 956 1761 non
970 1708 1026 1762 dari
1047 1708 1097 1762 nisi
1110 1705 1255 1763 secundum
1274 1709 1368 1765 merita

580 1808 669 1853 nostra
687 1797 865 1852 contendunt.
881 1796 933 1851 Sed
955 1797 1015 1866 quia
1031 1796 1169 1851 huminum
1191 1796 1286 1864 futura,
1308 1814 1368 1868 qum

579 1903 631 1945 uon
646 1896 707 1942 sont
721 1886 807 1941 futura
822 1927 830 1951 ,
845 1866 938 1955 procul
960 1885 1040 1939 dubio
1052 1884 1126 1940 nulla
1139 1894 1199 1941 sunt
1220 1886 1326 1951 merita,
1340 1896 1369 1942 et

505 1996 509 2004 ·
579 1980 630 2034 hoc
644 1978 735 2034 uidere
748 1977 900 2032 facilliiiiuin
912 1985 953 2031 est
966 1992 972 2030 :
983 1976 1044 2031 ideo
1056 1991 1106 2033 nec
1116 1976 1248 2048 Pelagiaui
1264 1978 1315 2033 hoc
1329 1978 1366 2032 di·

577 2076 862 2139 ecrepotiicrun13et
880 2067 964 2120 multo
982 2066 1067 2137 magis
1086 2081 1135 2121 uec
1154 2067 1197 2121 isti
1213 2067 1303 2123 dicere
1317 2067 1367 2122 de-

578 2162 700 2215 buerunt.
718 2158 773 2212 blei
787 2156 858 2211 ciiim
880 2172 932 2211 noii
953 2166 1038 2226 potest
1052 2172 1131 2227 quain
1146 2156 1259 2213 moleste
1271 2155 1365 2224 ferain,

576 2252 648 2323 quod
662 2252 787 2306 viderunt
796 2248 931 2319 Pelagiaiii
942 2246 1180 2304 esscfalsissimum
1193 2257 1219 2304 et
1231 2248 1368 2304 absurdis-

576 2346 684 2409 simum,
699 2344 750 2397 boe
762 2357 817 2396 non
828 2340 928 2395 uidisse
942 2339 1019 2406 istos,
1032 2343 1077 2410 qul
1089 2340 1229 2395 nobiscum
1242 2354 1365 2395 errorem

579 2437 685 2492 illorum
707 2437 894 2491 hereticorum
915 2429 1045 2487 catholica
1068 2431 1227 2486 auctoritate
1241 2429 1368 2485 condem·

575 2539 650 2584 tiaiil.

610 2618 722 2676 CAPUT
742 2617 811 2673 xiv.
821 2646 857 2658 -
869 2617 914 2673 26.
928 2614 1039 2686 Scripsit
1051 2614 1147 2671 librom
1160 2613 1193 2669 de
1208 2612 1368 2669 llortalitate

573 2712 733 2785 Cyprianus,
745 2711 836 2766 multis
855 2724 887 2765 ac
899 2724 968 2780 ponc
979 2707 1102 2762 omnibus
1113 2704 1159 2777 qni
1172 2704 1366 2761 ecclesiasticas

573 2804 677 2857 litteras
691 2808 790 2864 amant,
805 2798 972 2855 laudabiliter
985 2807 1098 2852 notum:
1115 2796 1141 2850 iii
1158 2810 1212 2865 quo
1226 2804 1366 2865 propterea

573 2893 639 2946 elicit
652 2906 705 2945 non
727 2891 812 2945 solum
832 2906 884 2944 non
899 2904 959 2945 csse
972 2886 1093 2943 fidelibus
1107 2885 1226 2942 inutilem
1240 2896 1363 2948 monteio,

574 2979 761 3037 verumetiam
778 2979 870 3035 utilem
886 2978 1009 3048 rcpcriri,
1025 2977 1150 3047 quoniam
1170 2975 1297 3046 peccandi
1316 2992 1365 3047 pe·

573 3074 664 3130 riculis
679 3073 813 3128 hominem
836 3070 978 3136 subtrabit,
990 3079 1017 3125 et
1030 3069 1056 3123 in
1079 3082 1132 3123 non
1146 3067 1273 3139 peccandi
1286 3082 1365 3123 secu·

574 3168 652 3222 ritate
666 3164 815 3222 constituit.
830 3163 881 3220 Sed
903 3161 965 3233 quid
988 3159 1107 3231 prodest,
1121 3159 1144 3215 si
1164 3159 1245 3215 ctiam
1267 3158 1363 3223 lutura,

572 3275 632 3329 quac
653 3257 795 3313 cominissa
811 3270 863 3311 noii
885 3260 958 3321 sunt,
973 3259 1082 3323 peccata
1106 3249 1269 3322 puniuntur?
1288 3249 1363 3320 Agit¹

573 3362 661 3404 tunicii
675 3349 720 3405 ille
732 3348 917 3418 copiosissime
937 3354 1016 3416 atque
1029 3344 1139 3414 optime,
1153 3342 1279 3413 peccandi
1295 3339 1366 3410 peri-

572 3441 629 3493 cula
644 3456 694 3496 nec
705 3439 799 3495 deesse
809 3438 836 3492 iri
851 3437 902 3493 ista
915 3436 980 3502 vita,
992 3447 1196 3504 necsupcresse
1208 3437 1268 3502 post
1280 3431 1362 3485 illam.

572 3531 622 3587 libi
636 3541 664 3587 ct
686 3530 749 3586 ilhid
772 3530 953 3587 testimonium
975 3527 1050 3598 pouit
1068 3525 1102 3581 dc
1122 3526 1189 3581 libro
1208 3522 1362 3593 Sapientiae,

573 3621 673 3694 lluptus
688 3632 734 3686 rat.
749 3638 780 3676 ire
798 3621 897 3676 molitio
914 3628 1022 3675 mutaret
1034 3616 1188 3673 intellectum
1207 3616 1271 3686 ejus.
1286 3613 1363 3683 Quod

572 3731 587 3767 a
614 3729 657 3767 nie
679 3727 785 3783 qunque
809 3712 935 3780 positum,
959 3708 1054 3763 fratres
1080 3708 1145 3762 istos
1169 3707 1204 3761 ita
1230 3706 1364 3776 respuisse

571 3802 687 3866 dixistis,
703 3811 827 3871 tanquam
848 3815 900 3853 non
918 3798 953 3853 de
972 3798 1041 3852 libro
1052 3797 1181 3852 canonico
1195 3796 1361 3852 adhibitum:

571 3894 647 3964 quasi
661 3901 687 3948 et
702 3899 811 3960 excepta
826 3889 909 3960 liuius
919 3888 979 3944 libri
993 3887 1162 3943 attestatione
1181 3901 1224 3941 res
1238 3887 1292 3956 ipsa
1310 3901 1362 3942 nou

572 3988 643 4044 clara
655 3987 787 4056 sit,qiiaiu
804 3981 952 4038 voluimus*
967 3980 1029 4037 hinc
1040 3979 1139 4036 doceri.
1153 3978 1218 4046 Quis
1227 3979 1297 4034 ciiim
1312 3994 1362 4034 au·

572 4078 634 4133 ilcat
649 4091 745 4146 negare
760 4075 929 4138 christianus,
948 4072 1062 4143 justum,
1079 4072 1100 4125 si
1124 4079 1209 4125 morte
1226 4085 1362 4141 praeoccu-

569 4178 650 4240 patus
664 4166 752 4230 fuerit,
770 4167 796 4220 in
817 4163 954 4234 refrigerio
973 4162 1089 4217 lutiiruin
1104 4160 1181 4234 (Sap.
1197 4177 1234 4226 iv,
1254 4162 1297 4226 11,
1316 4160 1363 4231 ill

571 4257 688 4327 Quilibet
708 4257 758 4312 hoc
770 4255 877 4322 dixerit,
891 4254 951 4324 quis
971 4253 1052 4308 homo
1068 4268 1139 4307 sanae
1158 4251 1219 4307 fidei
1233 4253 1362 4308 msistcn-

572 4351 636 4404 durii
648 4347 766 4420 putabit?
780 4349 844 4402 ltcin
858 4347 879 4400 si
895 4344 1002 4409 dixerit,
1012 4342 1123 4414 justum,
1138 4342 1161 4396 si
1175 4357 1189 4396 a
1203 4356 1250 4397 siia
1260 4342 1362 4412 justitia

571 4441 724 4507 recesserit,
736 4439 761 4494 iii
780 4453 831 4509 qua
848 4437 892 4491 iliu
908 4435 982 4499 risit,
1002 4445 1029 4489 et
1046 4434 1073 4488 in
1090 4449 1122 4489 ca
1135 4431 1214 4488 fuerit
1227 4432 1363 4502 impietate

572 4533 723 4595 defunctus,
737 4529 763 4583 in
778 4543 841 4598 qua,
853 4542 905 4581 nou
926 4526 986 4580 dico
1001 4540 1082 4579 unuin
1096 4539 1205 4586 anirum,
1221 4523 1361 4578 sedunum

572 4628 641 4679 ilicui
654 4621 759 4686 vixerit,
777 4622 802 4675 in
823 4635 916 4690 poeiias
928 4618 1026 4687 iniquis
1044 4616 1147 4672 debitas
1167 4616 1228 4671 hinc
1252 4615 1361 4680 iturum,

570 4716 638 4771 iiiiiil
659 4714 709 4769 sibi
734 4729 781 4767 sua
806 4710 940 4782 praeterita
961 4708 1062 4777 justitia
1085 4705 1221 4776 profutura
1246 4706 1256 4776 (
1269 4705 1361 4760 Erech.

491 4842 496 4851 ·
571 4824 649 4871 xiiii,
664 4806 710 4876 11)
722 4824 729 4860 :
742 4804 804 4859 huic
817 4801 964 4873 perspicue
975 4798 1081 4854 veritati
1096 4799 1155 4868 quis
1171 4796 1288 4851 fidelium
1299 4810 1364 4851 con·

572 4883 710 4954 i'radicet?
731 4895 823 4958 l‘uriu,
837 4893 860 4947 si
875 4901 1010 4962 queratur
1029 4904 1044 4942 a
1064 4888 1141 4944 nobis
1162 4895 1249 4942 utrum
1263 4887 1285 4941 si
1301 4897 1364 4941 tunc

572 4999 647 5046 essct
666 4997 798 5053 mortuus,
812 4985 917 5056 quaudo
931 4992 989 5038 erat
1001 4982 1099 5053 iustus,
1114 4995 1207 5051 peenas
1225 4989 1297 5035 esset
1320 4978 1363 5034 iii-

570 5090 711 5145 uenturus,
730 5094 763 5132 an
786 5078 920 5146 requiem;
950 5072 1078 5144 numquid
1103 5073 1221 5143 requiem
1248 5085 1361 5142 respon-

571 5173 636 5231 dere
648 5168 849 5230 dubitabimus?
870 5168 932 5223 lloec
954 5175 995 5221 est
1018 5175 1071 5220 tota
1092 5179 1172 5219 eausa
1194 5177 1242 5218 ciir
1263 5162 1362 5218 dictum

571 5276 624 5334 est,
639 5281 653 5319 a
667 5275 835 5334 quocumque
854 5258 888 5314 sit
905 5257 1015 5322 dictum,
1031 5255 1130 5325 lioptiia
1150 5263 1196 5320 ert,
1217 5269 1248 5307 ne
1266 5252 1363 5306 molitio

571 5364 681 5412 nistoret
693 5352 844 5408 intellectum
861 5350 925 5421 ejus.
945 5347 1047 5402 Dictum
1069 5353 1110 5400 cst
1123 5345 1194 5401 enirn
1217 5342 1361 5398 secundum

571 5446 691 5521 pericula
701 5446 763 5501 vitae
775 5442 863 5513 hujus,
873 5456 925 5495 unii
939 5435 1084 5494 secuudum
1099 5432 1292 5507 prescientiam
1304 5433 1361 5501 bei,

571 5542 616 5613 qui
632 5541 684 5597 lioc
697 5535 829 5611 praescivit
840 5533 910 5605 quoil
924 5532 1040 5587 futurum
1056 5539 1124 5597 erat,
1136 5544 1188 5585 nou
1208 5526 1278 5598 quod
1293 5525 1364 5581 futu-

572 5650 631 5690 rum
651 5647 705 5688 non
719 5638 778 5684 erat
794 5647 800 5683 :
817 5627 842 5682 id
862 5636 913 5689 cst,
936 5624 1006 5696 quod
1021 5622 1046 5678 ci
1061 5632 1174 5678 mortem
1194 5620 1362 5675 immaturam

571 5725 658 5782 fuerat
682 5721 833 5794 largiturus,
855 5726 883 5770 ιιι
904 5716 1078 5771 tentationum
1104 5712 1305 5769 subtraheretur
1324 5712 1365 5766 in-

572 5825 663 5881 certo,
688 5830 742 5869 non
757 5810 826 5882 quiid
842 5815 999 5879 peccaturus
1017 5814 1099 5870 esset,
1112 5805 1157 5875 qui
1173 5818 1315 5859 mansurus
1337 5805 1363 5856 in

573 5905 720 5960 tentatione
737 5916 789 5957 iion
809 5906 891 5955 esset.
908 5897 945 5952 De
966 5896 1016 5952 bac
1037 5896 1135 5966 quiippe
1149 5895 1202 5948 vita
1228 5894 1323 5966 legitur
1338 5893 1363 5946 in

573 5995 642 6052 libro
657 5995 721 6057 loli,
746 5994 877 6064 lfiinrqiiicl
891 6009 941 6046 noir
957 5991 1059 6046 tentorio
1074 5997 1109 6042 ert
1123 5989 1173 6042 nitu
1188 5988 1298 6040 humanu
1318 6000 1363 6039 art·

576 6097 728 6158 perterreri
748 6085 808 6155 (tot
826 6101 875 6148 ru,
898 6085 924 6149 ι,
946 6098 996 6136 scr.
1012 6079 1119 6150 tltlttt
1142 6079 1194 6134 Sed
1208 6092 1292 6149 quare
1306 6077 1364 6130 aliis

573 6176 748 6242 concedatur,
761 6186 789 6229 (ιι
801 6190 832 6229 ex
849 6175 928 6244 hujus
938 6173 1002 6228 ritae
1017 6171 1139 6242 periculis
1153 6169 1214 6224 duin
1227 6168 1289 6237 justi
1303 6176 1384 6245 sunt·

585 6383 644 6431 ¹sic
655 6388 710 6431 itsr.
725 6385 754 6430 ,ιι
765 6376 837 6437 editi,
852 6375 896 6448 uit
1119 6435 1123 6443 Ι

576 6445 689 6506 'aditu
715 6443 843 6497 ivluriitts.
862 6441 963 6504 Aliquot
975 6445 1043 6502 tiss,
1061 6435 1191 6490 tutiiiiiuia.

1192 960 1221 1018 S.
1241 961 1424 1022 obebstthi
1440 966 1589 1026 opiscot‘t

2168 988 2223 1045 ιιι

1422 1076 1592 1145 auferantur;
1614 1081 1658 1137 alii
1681 1100 1744 1141 roro
1762 1086 1826 1157 justi
1841 1087 1927 1147 donec
1949 1106 1965 1147 a
1984 1090 2086 1155 iustitia
2108 1099 2220 1165 cadant,

1422 1165 1450 1221 ln
1464 1167 1565 1225 eisdem
1581 1174 1706 1241 periculis
1721 1178 1774 1232 vita
1793 1180 1963 1249 productiore
1975 1191 2136 1253 teneantur;
2157 1191 2220 1259 quis

1421 1260 1547 1329 cognorit
1568 1276 1675 1317 sensum
1697 1265 1803 1322 lloiniui
1817 1267 1906 1341 (llam.
1928 1286 1966 1338 xi,
1981 1273 2049 1343 etit
2071 1273 2107 1330 lit
2129 1284 2220 1334 tames

1422 1345 1485 1403 binc
1504 1348 1617 1421 intelligi
1630 1352 1720 1419 datur,
1735 1358 1815 1412 etiani
1831 1358 1883 1414 illis
1894 1360 1974 1431 justis
1986 1364 2030 1433 qui
2043 1364 2132 1421 bonos
2146 1367 2221 1436 pios·

1421 1453 1474 1509 que
1489 1454 1578 1496 mores
1594 1446 1725 1514 usquead
1743 1452 1889 1508 senectutis
1911 1458 2089 1512 maturitatem
2105 1469 2136 1513 et
2148 1460 2222 1516 diem

1421 1532 1484 1586 rite
1498 1532 1576 1603 liujus
1590 1536 1712 1593 ultimum
1727 1552 1845 1611 servarit,
1862 1560 1915 1599 noir
1929 1547 1956 1601 in
1972 1549 2025 1603 suis
2039 1551 2155 1613 meritis,
2171 1551 2221 1604 sed

1421 1622 1448 1677 in
1463 1624 1576 1680 homino
1587 1642 1648 1684 esse
1659 1631 1828 1699 glorianduni
1845 1652 1852 1689 :
1873 1639 1999 1706 quoniam
2018 1642 2141 1710 quiricae
2156 1643 2221 1698 bre·

1420 1713 1503 1769 ritate
1515 1717 1604 1785 rapuit
1617 1718 1729 1788 iustum,
1746 1738 1780 1779 ne
1800 1726 1899 1781 malitia
1915 1739 2030 1786 mutaret
2052 1732 2216 1789 intellectum

1419 1803 1488 1872 ejus,
1506 1806 1601 1877 ipsein
1618 1821 1830 1884 quantacumque
1842 1818 1903 1872 itta
1921 1817 2086 1889 longitudine
2100 1824 2217 1879 custodit

1417 1890 1529 1962 justum,
1545 1913 1578 1952 ne
1592 1900 1691 1956 malitia
1706 1914 1790 1960 mutet
1803 1906 1965 1963 intellectum
1979 1911 2046 1980 ejus.
2058 1911 2113 1967 Cur
2123 1925 2214 1969 autent

1420 1982 1464 2039 liic
1484 1989 1602 2043 tenuerit
1623 2004 1747 2047 casurum
1766 1994 1877 2065 justum,
1891 2013 1970 2068 queni
1989 2002 2145 2073 priusquam
2168 2021 2216 2059 ca-

1419 2071 1496 2130 deret
1521 2075 1583 2130 liiiic
1607 2091 1698 2148 posset
1721 2082 1836 2153 auferre,
1850 2088 1997 2154 jiistissiuia
2022 2094 2142 2161 omuino,
2167 2096 2216 2151 sed

1419 2162 1602 2222 inscrutabilia
1617 2181 1679 2226 sont
1688 2173 1788 2241 judicia
1801 2176 1869 2245 ejus.

1455 2252 1502 2307 et.
1520 2254 1661 2322 Quorsum
1683 2262 1719 2316 ita
1733 2263 1797 2331 sint,
1811 2281 1865 2320 iion
1884 2265 1977 2323 debuit
1997 2272 2132 2341 repudiari
2154 2290 2216 2330 sen·

1419 2343 1500 2398 tentia
1513 2343 1573 2401 libri
1588 2346 1742 2420 Sapientiae,
1754 2353 1801 2423 qiii
1818 2358 1915 2412 meruit
1929 2359 1955 2413 iii
1976 2360 2096 2418 Ecclesia
2112 2364 2214 2422 Christi

1418 2432 1549 2504 degrada
1563 2437 1693 2496 lectorum
1709 2444 1836 2503 Ecclesiae
1851 2447 1948 2505 Christi
1964 2461 2018 2506 tarn
2033 2454 2111 2524 longa
2126 2473 2214 2512 anno-

1418 2522 1497 2580 sitate
1508 2526 1625 2596 recitari,
1635 2538 1661 2585 et
1673 2531 1707 2587 ab
1718 2536 1842 2622 omnibus
1850 2536 2019 2609 Christianis,
2032 2545 2066 2598 ab
2075 2546 2209 2617 episcopis

1418 2629 1503 2686 usque
1522 2618 1556 2674 ad
1570 2632 1706 2679 extremos
1730 2626 1813 2682 laicos
1834 2629 1936 2697 bdcles,
1953 2636 2123 2703 prenitentes,
2137 2650 2212 2694 cate·

1417 2704 1575 2776 cbumeuos,
1592 2725 1653 2767 curn
1672 2719 1844 2774 veneratione
1859 2720 1955 2777 divinae
1977 2728 2145 2782 auctoritatis
2163 2745 2212 2783 aii·

1417 2794 1479 2850 diri.
1492 2795 1573 2853 Certe
1595 2802 1666 2857 enim
1681 2803 1703 2858 sl
1717 2804 1751 2860 de
1769 2805 1918 2865 diuinarum
1933 2812 2132 2883 Scripturarum
2153 2826 2208 2874 tra·

1417 2889 1563 2945 stateribus
1576 2892 1623 2961 qul
1635 2892 1743 2951 fuerunt
1759 2908 1822 2953 ante
1835 2914 1894 2966 nos,
1910 2903 2060 2972 proferrem
2073 2905 2209 2963 defensio·

1417 2990 1477 3031 ocni
1498 2978 1609 3048 hujusce
1623 2986 1773 3052 sententie,
1788 3003 1868 3059 quam
1882 3006 1953 3048 nunc
1965 2992 2045 3050 solito
2059 2996 2213 3067 diligentius

1416 3072 1495 3136 atque
1508 3068 1643 3137 copiosius
1663 3083 1755 3131 contra
1779 3091 1877 3133 notum
1901 3079 2101 3151 Pelagiaiiorom
2114 3085 2212 3141 delen·

1416 3152 1480 3210 dere
1494 3173 1618 3227 urgemur
1629 3174 1766 3231 errorem;
1790 3154 1843 3223 hod
1853 3178 1904 3236 est,
1917 3173 2028 3241 gratiam
2044 3174 2087 3228 bei
2102 3191 2155 3230 non
2166 3192 2212 3232 se-

1415 3245 1532 3302 cuudum
1551 3249 1644 3305 merita
1660 3260 1751 3309 nostra
1765 3255 1834 3324 dari,
1847 3266 1875 3313 et
1888 3261 1970 3329 gratis
1980 3261 2038 3317 dari
2056 3265 2099 3319 cui
2112 3265 2210 3331 datur;

1415 3335 1477 3404 quia
1497 3351 1585 3407 neque
1599 3340 1723 3410 uolentis,
1737 3359 1825 3416 neque
1838 3351 1982 3415 currentis,
1994 3352 2043 3407 sed
2058 3355 2212 3414 miserentis

1414 3434 1457 3480 est
1469 3426 1535 3495 bci;
1554 3429 1627 3499 justo
1643 3443 1733 3489 autem
1746 3436 1847 3506 judicio
1857 3455 1911 3495 nou
1926 3443 1983 3497 dari
1997 3445 2040 3500 ciii
2051 3461 2104 3500 non
2117 3448 2209 3510 datur,

1415 3516 1544 3586 quianon
1564 3530 1606 3576 est
1623 3522 1747 3596 iniquitas
1766 3529 1836 3599 apud
1853 3530 1938 3588 boum
1953 3532 2011 3603 (ιιι.
2026 3552 2063 3602 ix,
2083 3538 2128 3604 16,
2144 3541 2209 3612 lli:
2267 3526 2270 3531 ¹

1402 3606 1438 3683 ,si
1457 3606 1536 3678 bujtis
1555 3626 1618 3681 ergo
1638 3617 1777 3673 sententie
1796 3618 1978 3678 defensionem
2004 3641 2037 3682 ex
2056 3626 2211 3686 dtitnoruiii

1414 3698 1581 3769 eloquiorum
1597 3719 1647 3759 nos
1668 3708 1881 3777 precedenhbus
1895 3715 2035 3774 catholicis
2055 3724 2210 3776 tractatori-

1415 3788 1466 3845 bus
1479 3807 1646 3861 promercm;
1669 3799 1789 3868 profecto
1803 3802 1830 3857 hi
1844 3803 1949 3872 fratres,
1966 3824 2015 3877 pro
2028 3811 2125 3880 quibus
2139 3826 2210 3868 nune

1414 3881 1530 3951 agimus,
1544 3887 1745 3955 acquiescerent
1759 3910 1766 3946 ε
1783 3892 1834 3963 hoc
1846 3896 1917 3951 enim
1933 3899 2104 3968 significastis
2114 3904 2211 3962 litteris

1413 3972 1520 4028 vestris.
1540 3975 1608 4043 Quid
1634 3978 1713 4047 igitur
1736 3995 1803 4050 opus
1825 3994 1866 4040 est
1889 3997 1917 4041 iit
1940 4004 2034 4045 eorum
2060 4003 2210 4051 scriiteiuur

1413 4065 1550 4132 opuscula,
1564 4067 1608 4136 qut
1629 4070 1782 4140 priusquam
1805 4074 1854 4129 ista
1880 4075 1991 4133 haeresis
2013 4083 2140 4148 oriretur,
2155 4102 2209 4140 non

1414 4153 1564 4212 babuerunt
1579 4163 1768 4218 necessitatem
1781 4165 1808 4220 in
1824 4165 1875 4222 bac
1888 4166 1990 4225 difficili
2003 4172 2036 4227 ad
2052 4176 2208 4232 soluendum

1412 4245 1561 4316 quaestiono
1584 4251 1706 4304 versarii
1728 4253 1798 4323 quod
1819 4258 1911 4325 procul
1934 4259 2016 4315 dubio
2037 4262 2205 4331 facerent,si

1413 4335 1578 4406 respondere
1599 4340 1695 4395 talibus
1717 4355 1884 4415 cogerentur.
1900 4347 1976 4405 Unde
1998 4351 2098 4409 factum
2120 4365 2162 4410 est
2176 4365 2206 4411 ut

1414 4424 1448 4481 de
1473 4429 1556 4496 gratia
1581 4429 1628 4485 bei
1649 4432 1712 4502 quid
1733 4436 1882 4505 sentirent,
1905 4439 2023 4498 breuiter
2049 4447 2206 4516 quibusdam

1413 4516 1574 4586 scriptorum
1594 4533 1703 4576 suoriini
1724 4523 1790 4580 locis
1806 4535 1834 4582 ct
1848 4537 2017 4588 transeunter
2030 4539 2207 4609 attingerent:

1414 4607 1620 4666 immorarentur
1640 4629 1704 4670 vcro
1725 4615 1751 4671 in
1773 4618 1812 4674 eis
1834 4636 1893 4690 que
1917 4622 2047 4680 adversus
2069 4629 2207 4687 iniinioos¹

1414 4698 1542 4755 Ecclesiae
1555 4701 1735 4773 disputabant,
1753 4717 1781 4763 ct
1794 4708 1822 4764 in
1835 4711 2067 4773 exhortationibus
2078 4721 2113 4774 ad
2126 4738 2206 4791 quas-

1413 4801 1466 4858 quc
1478 4789 1599 4855 uirtutes,
1610 4793 1707 4861 quibus
1720 4795 1776 4851 lleo
1789 4797 1848 4853 iiic
1858 4810 1885 4855 et
1895 4816 1959 4858 tero
1974 4820 2023 4874 pro
2035 4807 2206 4877 adipiscenda

1413 4880 1466 4934 itta
1481 4889 1582 4936 aeterna
1596 4892 1624 4938 et
1635 4900 1697 4939 vcra
1713 4883 1841 4944 felicitate
1864 4893 1988 4948 servitor.
2004 4875 2207 4967 frequentatio·

1414 4971 1493 5026 nibus
1513 4979 1602 5029 autem
1628 4976 1778 5032 orationum
1805 4979 1962 5051 simpliciter
1988 4990 2137 5056 apparebat
2161 4993 2205 5047 bet

1412 5063 1496 5132 gratia
1511 5064 1573 5134 quid
1590 5066 1713 5123 caleret:
1735 5073 1875 5126 nonenim
1892 5089 2066 5144 poscerentur
2081 5080 2117 5136 de
2135 5083 2203 5136 [teo¹

1414 5169 1473 5223 que
1493 5155 1614 5225 precipit
1634 5155 1702 5224 fleri,
1718 5159 1770 5213 nisi
1790 5161 1825 5214 ab
1840 5161 1887 5218 illo
1900 5164 2047 5222 donaretur
2059 5179 2088 5224 ut
2102 5169 2203 5226 fierent.

1448 5242 1494 5299 28.
1514 5242 1566 5300 Sed
1586 5246 1631 5316 qui
1644 5249 1783 5303 sententiis
1797 5260 1969 5309 tractatorum
1990 5256 2088 5313 instmi
2103 5260 2203 5325 volunt,

1414 5343 1521 5404 oportet
1534 5345 1563 5390 ut
1579 5335 1659 5391 istum
1673 5337 1770 5392 librum
1792 5340 1946 5409 sipteiittae,
1962 5344 2006 5399 irbi
2028 5345 2135 5417 legitur,
2151 5349 2205 5403 flo-

1415 5435 1472 5497 ptiia
1486 5435 1532 5489 est,
1552 5442 1583 5480 iic
1596 5428 1695 5481 mulitia
1709 5440 1817 5484 mutaret
1829 5431 1984 5488 intellectum
1999 5437 2064 5506 ejii,
2084 5440 2205 5495 omnibus

1416 5517 1603 5572 tractatoribus
1615 5526 1797 5589 anteponant:
1813 5523 1937 5592 quoniani
1952 5524 2003 5580 sibi
2017 5542 2079 5582 euni
2093 5539 2205 5602 antepo-

1415 5615 1526 5662 suerunt
1535 5606 1615 5662 ctiam
1627 5608 1792 5677 temporibus
1802 5613 1918 5680 proximi
1928 5615 2119 5684 Apostolorum
2132 5635 2207 5690 egre·

1415 5700 1451 5769 gii
1466 5707 1631 5766 tractatores,
1644 5699 1689 5769 qiii
1706 5716 1767 5756 euni
1788 5711 1883 5758 testem
1906 5705 2078 5775 adhibentes,
2092 5711 2160 5767 nibil
2178 5728 2206 5768 se

1415 5790 1542 5845 adbibere
1560 5789 1610 5844 nisi
1633 5789 1752 5845 ditinum
1772 5793 1954 5849 testimouium
1975 5797 2159 5855 crediderunt
2175 5801 2205 5856 Et

1416 5891 1489 5936 certe
1504 5882 1687 5938 beatissimum
1703 5882 1865 5953 cyprianum
1880 5884 2030 5956 disputasse
2050 5901 2166 5960 constat,
2180 5902 2207 5947 ut

1416 5972 1553 6027 celerioris
1565 5971 1659 6027 mortis
1673 5971 1831 6029 benehciom
1844 5978 2056 6043 commendaret,
2077 5996 2094 6036 a
2112 5998 2205 6051 pecca·

1418 6070 1504 6116 torum
1524 6061 1649 6132 periculis
1662 6062 1729 6131 eripi
1748 6077 1797 6118 eos
1816 6065 1861 6134 qui
1882 6065 1951 6121 bane
1969 6067 2051 6122 sitam
2076 6070 2170 6126 finiunt
2183 6072 2206 6126 iu

1418 6167 1469 6222 qua
1484 6152 1586 6223 peccari
1607 6159 1703 6223 potest.
1723 6152 1858 6210 lacedem
1874 6156 1942 6212 libro
1956 6161 1994 6214 att
2014 6159 2205 6216 interemtum

1446 6308 1459 6374 '¹
1472 6303 1540 6364 fditi,
1552 6303 1737 6357 odteiutttult'ot
1754 6305 1873 6362 hilaros.
1886 6313 2038 6378 iunmoetptt
2049 6327 2098 6368 nott
2110 6314 2207 6379 horit

1424 6367 1660 6478 ηλὶιῦἑἐ’(ιιιιςᾱιιιιι,
1668 6438 1686 6474 (ι
1696 6434 1753 6476 tien.
1864 6402 1866 6406 Ι
