5592 7350
513 942 561 998 ΞΠ

513 1061 579 1119 murt,
597 1053 646 1124 qui
666 1052 735 1109 ltcne
749 1052 834 1108 tineo
855 1058 959 1107 utentes
978 1051 1088 1108 arbitrio
1104 1062 1242 1108 niterentur
1255 1053 1307 1109 llo·

514 1147 571 1202 mirri
587 1146 725 1215 gratiam,
740 1153 767 1201 et
778 1144 836 1216 ejm
853 1144 978 1199 mandata
999 1143 1162 1200 enstoulluut.
1180 1163 1189 1196 a
1204 1143 1307 1215 Nempe

515 1236 682 1292 manifestum
692 1244 745 1306 cst,
756 1251 816 1291 curn
829 1235 919 1291 dicere
928 1235 1038 1307 gratiam
1050 1235 1196 1291 secundum
1212 1236 1306 1290 interita

513 1329 574 1395 dari,
585 1330 815 1399 quamlibcteam,
831 1330 873 1383 vel
887 1329 1060 1400 qualemlibet
1072 1329 1305 1400 signiticutmuam

511 1429 597 1475 tamen
618 1429 712 1490 aperte
730 1436 784 1476 non
803 1421 937 1490 exprimit.
956 1420 1023 1475 Nam
1042 1436 1102 1476 cum
1116 1434 1162 1476 eos
1179 1436 1305 1479 remune-

510 1512 609 1567 randos
620 1512 697 1579 dicit,
713 1513 757 1583 qui
769 1512 838 1567 hene
851 1522 962 1565 utuntur
975 1511 1059 1567 libero
1071 1511 1193 1579 arbitrio,
1205 1521 1233 1567 ει
1243 1512 1304 1567 ideo

511 1606 609 1661 uereri
631 1606 737 1661 Domini
760 1604 1021 1676 gratiam,delritum
1044 1604 1084 1660 eis
1100 1603 1174 1659 reddi
1195 1604 1302 1659 latetur.

507 1697 556 1758 [ibi
570 1710 615 1756 est
626 1716 692 1773 ergo
707 1700 771 1755 illuri
786 1699 923 1770 Apostoli,
937 1696 1077 1766 iustificati
1096 1698 1176 1768 gretia
1191 1713 1236 1768 per
1245 1713 1304 1765 pru·

507 1793 568 1846 ium
587 1793 671 1865 rara
691 1773 841 1863 (utun,
857 1789 924 1861 ent
937 1788 988 1845 uui
1012 1796 1054 1845 aa
1075 1796 1103 1844 a
1116 1787 1197 1854 rttuu,
1214 1787 1304 1842 oraru

505 1884 569 1938 uului
592 1884 655 1953 tueri
673 1882 752 1938 estis?
766 1882 799 1936 Et
821 1896 856 1935 ne
871 1887 993 1950 putarent
1007 1894 1054 1949 per
1068 1893 1167 1948 opera,
1183 1878 1301 1943 addidit,

507 1990 550 2043 per
562 1973 655 2042 ῥόοι.
668 1972 772 2026 Rursus
785 1986 819 2026 ne
833 1972 917 2041 ipsam
931 1969 1010 2025 fidem
1023 1970 1083 2024 siue
1099 1969 1144 2024 Dei
1154 1969 1239 2039 gratia
1252 1968 1301 2023 sibi

506 2072 633 2134 patrarent
647 2077 707 2118 esse
717 2060 901 2127 tribuendam,
914 2060 947 2113 Et
959 2059 1024 2123 lane,
1039 2059 1140 2128 inquit,
1155 2075 1206 2112 uon
1216 2075 1248 2114 er
1257 2076 1302 2112 eo-

506 2155 552 2219 tr's,
566 2154 614 2207 sed
632 2152 683 2206 Iler·
696 2152 791 2206 donam
804 2160 841 2205 est
854 2150 962 2221 (Epium.
976 2166 1007 2213 ιι,
1024 2149 1064 2220 8).
1079 2147 1180 2219 Nempe
1194 2164 1257 2219 ergo
1271 2149 1302 2204 il·

507 2244 549 2300 lud
565 2243 641 2299 unde
654 2244 746 2313 incipit
755 2256 835 2297 omne
847 2239 919 2312 quud
933 2240 1029 2296 merito
1042 2239 1164 2308 accipere
1177 2238 1300 2303 dicimur,

505 2339 561 2393 sine
582 2337 680 2392 merito
699 2334 860 2405 accipimus,
878 2333 972 2397 idest,
986 2333 1071 2402 ipsam
1092 2330 1183 2386 lidum.
1203 2331 1257 2385 Αιιι
1278 2330 1300 2385 si

506 2440 617 2501 uagatur
628 2429 701 2493 dari;
716 2426 833 2498 quidest
847 2424 917 2496 quod
933 2425 1097 2489 dictumest,
1115 2422 1187 2478 Sicut
1200 2424 1301 2476 urticat-

506 2539 551 2592 με
564 2520 634 2575 oeus
647 2519 755 2588 pertitus
767 2526 804 2571 est
822 2532 965 2569 mensuram
974 2514 1035 2583 fidei
1048 2511 1135 2587 (lione
1150 2527 1197 2577 ιιι,
1209 2512 1259 2583 dli
1274 2512 1300 2566 ai

505 2624 594 2668 auteur
609 2612 650 2667 sic
664 2610 762 2665 dieitur
776 2608 832 2661 dari
844 2648 852 2670 ,
864 2615 893 2661 ut
909 2605 1035 2661 reddatur
1050 2603 1170 2666 meritis,
1185 2617 1237 2657 non
1253 2602 1301 2656 do·

504 2717 604 2768 nctur;
620 2702 683 2773 qnid
696 2710 738 2755 est
751 2700 821 2770 qnod
837 2700 932 2753 iterum
947 2697 1022 2761 dicit,
1042 2694 1118 2751 Voltis
1131 2696 1253 2750 dortottmr
1266 2703 1301 2748 rat

503 2812 551 2864 pro
567 2794 680 2858 Clarirto,
693 2808 743 2845 raon
756 2790 838 2844 solum
850 2798 878 2841 ut
890 2788 997 2841 credetis
1010 2788 1037 2840 iu
1048 2802 1117 2851 erent,
1129 2801 1214 2841 uertant
1225 2788 1300 2839 etium

504 2901 531 2942 ut
542 2890 550 2920 ¹
563 2886 696 2957 patiamini
710 2900 756 2953 pro
770 2900 799 2937 eo
813 2882 943 2953 (Plrilipp.
960 2895 979 2945 t,
991 2880 1056 2947 sati
1070 2879 1215 2947 tltruruque
1228 2879 1299 2933 enim

503 2982 635 3036 duriatum
650 2993 710 3032 esse
721 2985 831 3032 testatus
841 2984 892 3041 est,
905 2983 933 3029 et
944 2973 1016 3043 quod
1026 2972 1144 3028 crerlitiu
1152 2971 1298 3041 Christum,

503 3083 528 3124 et
543 3070 619 3140 quod
635 3071 736 3138 patitur
747 3068 860 3137 quisque
872 3081 920 3135 pro
929 3065 1045 3121 Christo.
1058 3063 1103 3117 lsti
1114 3074 1201 3118 autem
1215 3062 1300 3117 libero

502 3162 620 3216 arbitrio
639 3160 678 3214 sic
697 3159 830 3229 applicant
854 3157 948 3222 llrlem,
961 3166 991 3211 ut
1006 3155 1068 3211 lidci
1088 3155 1212 3211 uidelicet
1224 3155 1298 3210 reddi

502 3251 638 3316 rideatur,
653 3265 705 3304 nou
716 3247 846 3319 gratuita,
861 3246 908 3301 sed
921 3244 1009 3300 debita
1022 3245 1106 3316 gratia
1123 3263 1130 3299 :
1146 3259 1177 3300 ac
1189 3260 1238 3315 per
1248 3244 1299 3299 lroe

498 3346 557 3415 jam
568 3358 620 3397 uec
632 3341 727 3411 gratia,
740 3340 801 3409 quia
814 3339 864 3393 nisi
877 3340 1002 3409 gratuita,
1016 3353 1069 3393 non
1081 3346 1122 3392 est
1132 3338 1226 3407 gratia.

539 3432 656 3489 curet
674 3429 783 3486 xlttttt.
797 3460 833 3471 -
847 3431 891 3485 55.
903 3429 954 3485 Sed
969 3430 1004 3484 ali
1017 3429 1057 3484 luis
1067 3430 1163 3485 litteris
1176 3428 1298 3499 Pelagius

507 3522 538 3577 ad
553 3522 617 3577 iudei
628 3536 684 3576 suc
697 3521 793 3575 librum
810 3520 846 3592 (u)
864 3520 919 3574 vult
934 3522 1047 3575 transire
1061 3522 1207 3586 lectorem,
1222 3519 1299 3589 cuijus

509 3613 582 3667 rolris
595 3615 605 3644 ¹
618 3612 898 3668 commemorationem
911 3610 973 3667 lecit
985 3627 992 3665 :
1005 3610 1031 3665 in
1046 3625 1099 3681 quo
1112 3625 1142 3666 ea
1156 3610 1190 3665 de
1201 3610 1298 3681 quilms

511 3721 560 3759 mun
574 3703 802 3774 interrogabatur,
817 3702 899 3758 multa
913 3702 1049 3757 disseruit.
1064 3701 1117 3758 Sed
1131 3717 1180 3756 nos
1194 3701 1228 3757 de
1241 3703 1299 3772 qui-

510 3796 555 3851 bus
571 3797 677 3866 agimus
695 3810 755 3850 cum
771 3794 839 3859 illis,
851 3794 908 3864 ipsa
928 3794 1076 3849 rideamus.
1096 3793 1163 3850 Cum
1179 3795 1250 3850 enim
1264 3794 1299 3850 al)

512 3888 608 3940 inritatu
628 3886 767 3941 Trinitatis
787 3900 872 3956 usque
891 3885 923 3940 ad
946 3887 1167 3941 resurrectionem
1197 3887 1297 3952 cantis,

511 3979 575 4046 quod
587 3978 623 4031 als
636 3977 684 4032 illo
698 3991 777 4032 uerno
786 3977 938 4047 querebat,
954 3977 1161 4048 disputationem
1172 3988 1297 4049 quantam

514 4068 589 4122 roluit
603 4068 792 4122 terminasset:
812 4085 822 4119 ι
839 4067 872 4121 tr
884 4066 1029 4138 Baqitisrua,
1049 4086 1059 4120 r
1077 4069 1169 4139 inquit,
1190 4087 1199 4120 ι
1214 4084 1297 4124 unum

513 4167 640 4222 tenemus,
653 4156 724 4229 quod
733 4157 825 4213 iisdem
833 4157 997 4213 Sacrameuti
1010 4159 1132 4213 rerlusin
1143 4158 1297 4227 infantibus,

513 4250 602 4319 quilius
624 4251 706 4306 ctiam
726 4251 752 4305 in
772 4251 917 4321 majoribus
929 4293 936 4315 ,
949 4252 1064 4307 dicimus
1078 4266 1139 4308 esse
1157 4255 1298 4310 celebrau-

513 4339 579 4396 dum.
598 4359 608 4393 r
626 4341 685 4396 lloc
696 4350 770 4396 certe
785 4356 832 4395 ros
845 4352 872 4396 ct
885 4357 899 4395 a
911 4351 1041 4411 praesente
1055 4342 1160 4398 audisse
1173 4344 1296 4402 dixistis:

513 4432 551 4487 ted
571 4432 636 4502 quid
653 4433 780 4501 prodest,
796 4433 868 4502 quod
892 4433 992 4487 eisdem
1017 4434 1104 4487 rerltis
1119 4435 1145 4487 in
1166 4438 1295 4504 qurrrurlis,

512 4525 600 4592 quibus
613 4531 642 4579 et
661 4523 689 4578 in
706 4523 1009 4594 majoribus,celebruri
1029 4525 1095 4578 dicit
1107 4526 1234 4595 Baptisml
1254 4543 1297 4581 sa·

512 4622 689 4680 numeratum,
704 4630 765 4670 eum
781 4630 824 4670 res
845 4617 968 4682 ariolis,
985 4630 1037 4670 non
1052 4617 1109 4671 sola
1127 4616 1206 4672 uerba
1226 4634 1298 4688 qum-

512 4706 616 4761 nuturi
629 4706 695 4762 Plus
706 4718 748 4762 εει
762 4708 833 4777 quod
845 4708 921 4763 rolris
934 4724 980 4765 ore
991 4711 1099 4780 proprio
1109 4709 1297 4780 interroganti-

511 4796 713 4868 lusrespondit,
728 4801 765 4853 uti
776 4801 902 4867 scribitis,
917 4819 926 4852 t
942 4801 1055 4856 infames
1069 4802 1095 4855 iu
1112 4803 1297 4858 remissionem

510 4901 676 4958 peccatorum
688 4894 826 4962 percipere
837 4895 1011 4965 Baptismmn.
1032 4916 1041 4949 r
1059 4896 1115 4952 Non
1129 4898 1201 4953 enim
1217 4907 1244 4954 et
1255 4899 1298 4955 liic

508 4982 585 5045 uiuit,
601 4983 628 5036 in
641 4984 731 5039 veritis
743 4986 910 5041 remissionis
922 4996 1109 5057 peccaturum;
1126 4989 1173 5044 sed
1187 5005 1234 5045 eos
1249 4991 1296 5046 ba·

509 5074 599 5140 ptiaari
613 5073 639 5127 in
651 5074 735 5144 ipsam
746 5076 932 5133 remissionem
946 5080 1133 5136 conlessuscst
1146 5099 1152 5135 :
1168 5090 1296 5139 ettamen

509 5167 528 5215 si
540 5164 572 5217 alr
584 5177 618 5219 eo
631 5168 801 5234 quaereretis,
814 5170 876 5239 quid
892 5172 991 5240 peceati
1003 5172 1041 5226 eis
1051 5173 1175 5228 credatur
1185 5177 1295 5243 remitti,

511 5268 619 5311 anneus
634 5257 734 5327 aliquid
752 5258 850 5315 ltabere
864 5263 1047 5318 contenderet.

542 5343 653 5401 CAPUT
674 5345 793 5401 xxxttt.
811 5379 849 5388 —
868 5351 911 5405 56.
928 5352 992 5418 Qtris
1011 5353 1150 5419 erederet,
1176 5348 1230 5411 sulr'
1249 5357 1297 5412 lmc

513 5434 580 5498 quusi
604 5436 746 5520 manifesta
764 5438 933 5496 coulcssioue
954 5459 1061 5499 sensum
1085 5445 1167 5501 lutere
1190 5459 1297 5502 contru-

515 5527 653 5596 rium,nisi
671 5546 731 5585 eum
753 5534 895 5589 Caelestius
914 5536 1082 5604 aperuisset?
1096 5538 1145 5605 Qui
1165 5540 1190 5592 in
1206 5540 1297 5596 liluello

516 5627 565 5686 ιιι,
575 5637 655 5690 quem
670 5622 762 5679 Rouru·
775 5627 859 5695 gestis
872 5628 1060 5683 ecciesiasticis
1073 5629 1206 5701 allegarit,
1221 5649 1297 5701 quu-

518 5709 580 5765 ttlos
590 5722 616 5768 et
629 5714 757 5784 baptizari
774 5718 799 5770 iu
815 5719 1000 5774 remissionem
1021 5733 1189 5790 peccatorum
1205 5743 1215 5777 ι
1231 5740 1296 5780 eritr-

520 5796 591 5859 lessus
605 5815 663 5871 est,
680 5817 707 5861 ct
720 5812 827 5879 negarit
843 5830 852 5862 ι
871 5812 953 5866 ιιΙΙιιιιι
971 5813 1068 5868 latuere
1087 5815 1214 5887 originale
1232 5833 1296 5887 pcc-

521 5900 601 5950 ratum.
619 5916 628 5947 ι
643 5897 698 5952 Sed
713 5915 783 5956 nurrc
803 5917 856 5957 nou
875 5903 909 5958 de
923 5904 1084 5974 Baptismate
1104 5906 1294 5975 panvinianum,

522 5982 555 6037 iod
565 5985 598 6042 tle
616 5988 750 6058 adjutorio
766 5992 857 6062 gratim
871 5996 976 6065 potius,
991 5996 1069 6051 etium
1087 6004 1112 6052 'tu
1132 5998 1222 6052 liltelln
1235 5999 1296 6057 dulei

544 6096 653 6176 ¹tnrtss,
661 6116 743 6156 certon
754 6107 827 6158 etium
836 6107 962 6173 nmhuuni
970 6124 1014 6175 pro
1025 6125 1067 6173 re;
1078 6115 1175 6175 onnam,
1185 6121 1207 6165 ,ιι
1216 6127 1224 6175 ;
1232 6115 1296 6178 qum

523 6164 556 6209 itt
564 6173 682 6226 repetitur
693 6170 717 6217 in
729 6183 818 6232 gracum

545 6221 607 6275 'ltu
621 6234 657 6277 ιι.
670 6236 697 6278 et
709 6238 771 6291 uss,
783 6232 859 6283 uotrt's.

545 6280 633 6347 lrrrte,
645 6291 738 6340 credet.

544 6342 574 6407 lt)
589 6351 735 6421 tuttilrctuus
746 6354 815 6417 inira,
828 6357 934 6418 appernl.
949 6366 1017 6420 parre
1030 6358 1052 6407 ι’.

1096 937 1196 997 ttnett
1216 940 1259 997 llll
1277 939 1406 1000 cttattttt
1426 941 1574 1004 ctttttstt.

2103 955 2156 1015 did

1363 1068 1429 1120 surr,
1445 1074 1524 1128 quem
1539 1060 1650 1116 itomam
1665 1059 1753 1131 misit,
1768 1064 1830 1135 quld
1842 1063 1962 1138 Pelagius
1983 1072 2097 1124 senserit
2114 1082 2155 1127 at·

1361 1145 1512 1203 terrdamus.
1536 1150 1700 1219 miliorum,
1716 1172 1726 1207 r
1744 1155 1848 1226 inquit,
1864 1176 1875 1211 ι
1891 1158 1930 1213 sie
1943 1159 2153 1217 eondtemurrr·

1359 1235 1487 1307 bitrium,
1502 1251 1531 1296 ut
1549 1242 1669 1300 dieamus
1689 1261 1738 1301 nos
1757 1248 1876 1319 indigere
1895 1250 1942 1305 liei
1958 1265 2065 1321 semper
2078 1254 2153 1308 arixi-

1359 1327 1407 1383 lio‚
1423 1348 1432 1382 ι
1449 1331 1518 1388 Εεεε
1531 1334 1625 1389 iterum
1635 1339 1788 1407 quremuus,
1800 1356 1852 1410 quo
1861 1342 1959 1396 anxilio
1972 1357 2020 1397 nos
2031 1343 2152 1412 indigere

1358 1417 1474 1476 latentur
1488 1440 1496 1478 ε
1509 1433 1536 1478 ει
1557 1426 1651 1481 iterum
1672 1428 1821 1484 invenimus
1840 1430 2009 1502 ambignum,
2026 1433 2151 1503 quoniam

1358 1521 1447 1580 potest
1460 1515 1634 1586 respondere,
1650 1520 1734 1589 legcru
1748 1537 1777 1576 se
1788 1521 1877 1578 dicere
1886 1525 2067 1580 doctrinamve
2076 1524 2151 1579 chri·

1356 1603 1482 1672 stianam,
1499 1611 1554 1676 qua'
1565 1610 1693 1664 naturalis
1708 1612 1750 1665 illa
1763 1613 1923 1681 possibilitas
1931 1615 2080 1685 adjuretur.
2094 1615 2150 1671 Nos

1356 1708 1446 1752 autem
1464 1700 1536 1754 illam
1553 1702 1665 1772 gratiam
1685 1704 1711 1757 iu
1732 1720 1825 1759 corum
1847 1706 2016 1763 consessione
2037 1708 2151 1778 requiri·

1357 1803 1417 1844 murs
1429 1830 1437 1850 .
1449 1789 1483 1845 tle
1500 1806 1551 1861 qna
1569 1792 1634 1848 dicit
1649 1795 1813 1864 Apostolus,
1831 1794 1892 1850 Non
1914 1796 1980 1850 enim
1992 1797 2061 1851 dedit
2079 1796 2150 1851 nobis

1356 1878 1428 1933 Deus
1437 1881 1552 1950 spiritum
1565 1884 1679 1946 timoris,
1694 1887 1738 1939 red
1753 1886 1852 1941 uirtutis
1866 1896 1890 1940 et
1903 1887 2033 1942 clturitutir
2047 1898 2070 1941 et
2087 1904 2150 1941 cort·

1356 1970 1469 2024 tinentia
1483 1970 1516 2042 (ll
1533 1971 1598 2026 Tim.
1614 1989 1633 2040 r,
1649 1974 1688 2044 l).
1703 1974 1760 2030 Non
1777 1984 1818 2030 εει
1835 1985 1923 2032 autem
1941 1992 2108 2048 consequens
2121 1987 2151 2033 nt

1355 2061 1399 2129 qui
1422 2060 1500 2115 lrabet
1516 2061 1615 2116 donum
1637 2065 1772 2130 scientiae,
1791 2080 1845 2135 quo
1863 2068 1969 2121 nouerit
1987 2067 2050 2138 quid
2070 2082 2149 2138 agere

1355 2145 1462 2214 delicat,
1477 2149 1572 2205 lrabeat
1584 2152 1663 2206 etium
1678 2152 1825 2220 charitatis,
1839 2164 1868 2210 nt
1882 2164 1953 2227 agat.

1389 2238 1503 2296 catum
1517 2242 1635 2298 xxxiv.
1644 2247 1683 2284 '-
1696 2244 1740 2299 di.
1756 2244 1818 2300 lllos
1828 2246 1919 2310 etiam,
1932 2260 1999 2317 quos
2011 2247 2037 2301 in
2047 2246 2148 2304 eisdam

1354 2329 1450 2386 litteris
1462 2375 1468 2398 ,
1482 2348 1548 2402 quas
1561 2335 1634 2390 misit
1650 2334 1683 2389 ad
1695 2345 1794 2392 sancte
1809 2338 1944 2393 memoria:
1959 2353 2055 2409 papam
2069 2340 2149 2394 lrtno·

1354 2423 1490 2489 centium,
1506 2425 1589 2481 lilrros
1608 2441 1670 2482 suos
1685 2428 1726 2482 rel
1741 2428 1840 2499 scripta
1853 2441 2063 2494 commemorat,
2078 2432 2140 2498 legi,

1355 2523 1452 2581 prater
1471 2530 1549 2568 unam
1567 2516 1707 2585 epistolam
1718 2562 1725 2583 ,
1737 2534 1815 2589 quatu
1829 2534 1859 2575 se
1874 2519 1980 2575 luerem
1996 2523 2100 2577 misisse
2114 2522 2147 2576 ml

1353 2614 1474 2659 sanctum
1495 2603 1679 2661 Constantium
1699 2610 1852 2678 episcopum
1871 2609 1955 2664 dicit:
1978 2625 2027 2666 nee
2048 2612 2146 2667 alicubi

1354 2695 1427 2764 parturi
1442 2696 1576 2765 reperire,
1593 2696 1661 2753 lianc
1674 2713 1735 2753 eum
1749 2696 1860 2769 gratiam
1873 2702 2013 2770 conliteri,
2027 2718 2078 2773 qua
2093 2717 2147 2759 non

1353 2789 1439 2842 solnm
1463 2789 1623 2856 possibilitas
1643 2791 1770 2846 naturalis
1794 2792 1937 2848 uoluntatis
1960 2802 1988 2848 et
2011 2794 2145 2859 actionis,

1353 2894 1431 2948 quam
1446 2880 1510 2933 dicit
1522 2896 1570 2934 nos
1582 2880 1681 2937 lraltcrc
1699 2883 1803 2937 etiamsi
1824 2899 1874 2939 nee
1893 2886 2014 2939 velumus
2029 2901 2077 2940 nec
2091 2887 2149 2956 agi·

1353 2986 1414 3025 mus
1429 2971 1546 3036 lionam,
1562 2972 1608 3026 scd
1623 2974 1679 3042 ipsa
1695 2976 1775 3031 etiam
1788 2976 1910 3030 volumtas
1924 2987 1951 3033 et
1965 2979 2035 3033 actio
2047 2979 2148 3034 subnri·

1352 3061 1510 3118 tristmtione
1525 3067 1609 3119 suncti
1625 3065 1739 3135 Spiritus
1750 3067 1900 3136 atljrtsatur.

1388 3152 1502 3210 cultui
1521 3154 1630 3210 xixti.
1643 3185 1681 3197 -
1693 3157 1737 3213 58.
1756 3176 1765 3209 t
1782 3158 1893 3227 Legunt,
1909 3177 1918 3210 r
1936 3160 2029 3230 iuquit,
2047 3180 2058 3212 t
2075 3162 2146 3216 illam

1351 3246 1502 3313 epistolam,
1517 3263 1595 3316 quam
1610 3248 1643 3302 ad
1656 3259 1777 3303 sanetum
1791 3251 1876 3304 tirum
1892 3252 2030 3306 l'aulinum
2041 3255 2147 3322 episco-

1351 3351 1415 3407 pum
1431 3346 1493 3391 aute
1505 3338 1646 3392 duodecim
1661 3338 1716 3394 lure
1727 3354 1813 3394 annos
1828 3341 2003 3410 scripsimus,
2018 3359 2076 3411 qum
2092 3352 2146 3397 tre·

1351 3428 1438 3482 centis
1449 3427 1517 3482 lorte
1532 3429 1731 3506 rcrsiltusnilril
1752 3429 1824 3483 aliud
1840 3446 1918 3498 quam
1934 3431 1979 3485 lici
1995 3433 2105 3501 gratiam
2119 3440 2146 3487 ct

1350 3520 1479 3578 arixilium
1494 3518 1645 3583 confitetur,
1661 3535 1762 3592 nosque
1775 3521 1838 3576 utini
1852 3523 1961 3577 omnino
1980 3522 2043 3577 boui
2057 3524 2145 3581 dicere

1351 3624 1431 3680 posse
1446 3610 1504 3666 sine
1519 3610 1583 3666 [leo.
1601 3630 1610 3664 ι
1623 3611 1697 3667 Ηιιιε
1709 3627 1773 3684 ergo
1790 3614 1928 3685 epistolam
1942 3614 2004 3685 legi,
2019 3624 2046 3670 ει
2056 3616 2145 3673 iuueni

1350 3715 1413 3758 cum
1433 3718 1502 3772 pene
1520 3719 1569 3773 per
1581 3712 1663 3758 totam
1677 3719 1730 3759 non
1743 3706 1889 3770 immorari,
1905 3707 1955 3762 uisi
1972 3708 1998 3762 in
2021 3705 2146 3765 facultate

1350 3800 1379 3848 et
1389 3793 1564 3862 possibilitate
1572 3802 1684 3862 natura,
1694 3802 1721 3850 ct
1731 3809 1798 3865 pene
1808 3796 1844 3850 ibi
1859 3805 1961 3852 tautum
1975 3798 2019 3852 [lei
2033 3800 2145 3869 gratiam

1351 3884 1533 3940 constituere:
1549 3885 1721 3942 christianam
1735 3903 1799 3942 vcro
1812 3888 1924 3955 gratiam
1934 3897 2005 3944 tauta
2017 3887 2146 3944 breuitate

1351 3974 1408 4029 sola
1432 3976 1548 4031 nominis
1569 3978 1825 4033 commemoratione
1849 3980 2012 4050 perstringit,
2033 3989 2062 4035 ut
2080 3982 2146 4035 nitet

1351 4066 1422 4122 aliud
1438 4066 1568 4131 rideatur,
1584 4083 1664 4138 quam
1680 4083 1739 4122 cam
1752 4076 1840 4124 tacere
1853 4070 1983 4124 timuisse.
1995 4069 2091 4126 Utrum
2108 4081 2146 4125 ta-

1351 4173 1414 4212 men
1425 4173 1483 4212 eam
1498 4158 1523 4212 in
1537 4158 1697 4214 remissione
1708 4169 1876 4227 pereutorum
1891 4160 1955 4214 uelit
1966 4160 2075 4232 intelligi
2090 4204 2096 4226 ,
2111 4178 2145 4214 un

1351 4249 1431 4303 etiaim
1448 4251 1473 4302 in
1495 4249 1614 4304 doctrina
1633 4249 1749 4315 Cirristi,
1766 4251 1810 4305 ulti
1827 4260 1868 4305 cst
1886 4260 1914 4306 ct
1933 4253 2146 4306 conversationis

1351 4339 1410 4408 ejus
1430 4341 1597 4409 exemplum,
1613 4340 1683 4410 quod
1702 4340 1808 4409 aliquod
1827 4354 1935 4396 suorum
1955 4341 2144 4412 opusculorum

1351 4430 1418 4484 locis
1433 4430 1504 4498 sarcit,
1517 4447 1551 4486 an
1563 4433 1655 4487 credat
1669 4432 1776 4502 aliquod
1791 4433 1952 4501 adjutorium
1970 4433 2143 4502 lreueagcudi

1351 4521 1502 4591 arljuuctunr
1526 4532 1627 4579 naturm
1641 4533 1721 4594 atque
1739 4525 1866 4580 doctrinm
1884 4542 1931 4596 per
1942 4526 2142 4595 inspirationem

1352 4612 1564 4683 flagrantis-stum
1574 4627 1601 4670 ct
1611 4616 1826 4671 luminosissimae
1840 4617 1988 4684 uiuacitatis,
2000 4632 2053 4672 nou
2063 4633 2144 4686 appa·

1352 4712 1393 4756 ret
1406 4704 1524 4758 omuino.

1386 4793 1499 4849 CAPUT
1521 4793 1640 4851 XXXV!-
1651 4797 1741 4851 -59,
1757 4815 1766 4848 ι
1782 4797 1882 4866 Legunt
1897 4798 1995 4861 eliam,
2013 4815 2023 4849 ι
2040 4799 2141 4868 inquil,

1354 4903 1364 4937 t
1381 4884 1414 4937 ad
1429 4894 1548 4939 sanctum
1571 4885 1756 4942 Constantium
1778 4889 1949 4958 episcopum,
1964 4889 2007 4943 ulti
2028 4890 2144 4944 tumtur

1351 4974 1467 5044 nunidem,
1479 4975 1527 5031 sed
1543 4976 1619 5045 plane
1633 4977 1718 5031 libero
1730 4978 1846 5031 lioruiuis
1858 4978 1966 5033 arbitrio
1975 4979 2021 5034 liei
2032 4981 2143 5050 gratiam

1351 5068 1531 5138 auxiliumque
1545 5069 1681 5139 conjunxi.
1698 5090 1707 5123 r
1727 5070 1800 5125 lluuc
1814 5072 1967 5141 epistulam,
1981 5083 2011 5126 ut
2022 5075 2144 5143 superius

1350 5160 1405 5215 dixi
1417 5160 1491 5232 (Cup.
1507 5162 1560 5226 st,
1574 5178 1600 5215 rt.
1617 5161 1674 5233 at),
1688 5178 1740 5217 non
1756 5163 1807 5232 legi
1824 5181 1831 5216 :
1847 5164 1893 5218 sed
1907 5164 1929 5217 si
1944 5179 1996 5218 uon
2009 5174 2050 5219 cst
2063 5166 2144 5220 dissi-

1352 5251 1422 5305 milis
1434 5253 1549 5317 cacteris
1564 5268 1623 5321 qu:u
1638 5251 1700 5306 nrilti
1714 5262 1777 5306 nota
1787 5263 1989 5322 commemorat,
2004 5270 2055 5309 nou
2066 5254 2146 5311 lralret

1351 5344 1432 5398 etiam
1447 5343 1503 5413 ipsa
1516 5344 1587 5413 quod
1601 5346 1755 5414 querimus.

1385 5433 1498 5489 Cll‘lll'
1517 5435 1694 5491 xlttttltt.-
1708 5437 1772 5492 to«
1792 5436 1892 5508 Legunt
1905 5438 1995 5500 etiam,
2013 5456 2021 5487 ι
2039 5438 2143 5507 inquit,

1355 5545 1364 5578 ι
1380 5541 1459 5596 (pram
1474 5526 1507 5580 ad
1521 5542 1623 5582 sacram
1639 5528 1737 5583 Clrristi
1757 5529 1887 5600 uirginem
1907 5529 2101 5585 Derrretrindem
2118 5532 2144 5584 in

1351 5618 1459 5674 Oriente
1473 5621 1683 5690 conscripsimus
1695 5619 1746 5693 (a),
1757 5632 1784 5677 et
1798 5621 1934 5676 invenient
1948 5636 1997 5676 nos
2013 5623 2047 5675 ita
2059 5621 2145 5675 inorrui-

1351 5710 1392 5764 nis
1406 5709 1515 5766 landme
1532 5720 1671 5775 naturam,
1686 5722 1715 5766 ut
1728 5712 1774 5766 [lei
1791 5726 1897 5781 semper
1909 5711 2001 5779 gratim
2015 5710 2144 5766 midunms

1350 5798 1489 5852 arrailium.
1507 5819 1516 5851 ι
1531 5798 1611 5857 istam
1623 5816 1688 5859 saue
1701 5802 1751 5873 legi
1762 5842 1771 5867 ,
1783 5800 1902 5871 mihique
1916 5815 1983 5869 pene
2002 5816 2144 5870 persinac-

1350 5896 1402 5955 ιιι,
1419 5889 1568 5945 lrancillum
1579 5893 1701 5961 gratiam,
1711 5891 1744 5945 dc
1753 5906 1803 5960 qua
1814 5891 1927 5960 quaestio
1939 5900 1990 5953 est,
2005 5891 2124 5946 conlitcri
2138 5908 2143 5947 ;

1349 5980 1472 6049 quamuis
1486 5979 1513 6035 in
1527 5982 1617 6037 multis
1631 5982 1688 6050 ejus
1701 5980 1821 6050 opusculi
1832 5980 1898 6035 loeis
1908 5981 1958 6034 sibi
1970 5980 2026 6050 ipsc
2039 5992 2146 6036 counra-

1350 6068 1441 6125 diecre
1452 6068 1588 6124 rideretur
1603 6088 1610 6125 ε
1625 6069 1674 6125 sed
1688 6085 1748 6125 cuna
1760 6070 1788 6125 in
1802 6066 1897 6126 manus
1911 6085 1984 6125 meus
1997 6078 2025 6125 et
2037 6071 2088 6126 alia
2099 6087 2144 6126 re·

1350 6159 1464 6226 nissent,
1487 6176 1548 6230 qum
1573 6161 1708 6231 posterius
1733 6161 1866 6232 latiusque
1889 6164 2062 6234 conscripum
2089 6163 2140 6218 ridi

1350 6250 1575 6321 quemadmodum
1589 6254 1705 6324 potuerit
1716 6254 1795 6310 etlam
1805 6254 1857 6309 illic
1869 6256 1979 6325 gratiam
1992 6257 2140 6312 rrnrniuarc.

1382 6364 1420 6425 (a)
1438 6364 1486 6415 tiri.
1500 6365 1561 6415 lianc
1577 6359 1703 6431 epistulam
1716 6368 1739 6417 iu
1756 6366 1890 6431 tqpctnlcc
1901 6368 1962 6419 tuat
1971 6366 1998 6416 ³„
