5592 7350
634 916 669 970 95
934 944 938 951 .
1340 898 1535 958 enarrarre.
2237 900 2270 953 ιι

632 1047 704 1092 aeos
720 1027 932 1106 pertinebant,
949 1041 1006 1102 per
1020 1021 1228 1084 Cresconium
1244 1036 1282 1080 ae
1296 1017 1435 1078 Felicem
1445 1014 1662 1076 transmittere
1678 1031 1685 1069 :
1702 1010 1756 1071 sed
1773 1011 1818 1070 illl
1833 1025 1954 1071 moram
1967 1010 2006 1072 ad
2021 1009 2269 1074 eademexscri-

633 1107 735 1170 banda
749 1124 813 1167 non
828 1104 958 1173 dabant,
974 1106 1172 1162 maturantes
1185 1098 1323 1160 reditum
1334 1095 1373 1156 ad
1388 1093 1632 1159 monasterium,
1648 1094 1682 1149 ut
1697 1090 1738 1149 ihi
1753 1090 1884 1161 Pascha,
1901 1090 1985 1182 quod
2002 1106 2089 1182 anno
2104 1091 2269 1168 quadrin-

632 1186 809 1266 gentesimo
823 1182 978 1260 vigesimo
992 1180 1128 1256 septimo
1150 1180 1183 1237 in
1207 1177 1290 1236 diem
1310 1174 1438 1234 tertiam
1455 1172 1566 1249 aprilis
1590 1169 1759 1237 incidebat,
1776 1186 1848 1227 cum
1869 1186 1935 1228 sors
1959 1170 2124 1239 iratribus,
2141 1172 2271 1234 sublata

632 1281 697 1344 qam
712 1262 915 1322 dissidiorum
934 1276 1044 1325 causa,
1056 1259 1089 1317 in
1105 1256 1243 1334 perlecta
1258 1254 1439 1313 animorum
1451 1250 1663 1311 consensione
1679 1247 1877 1307 celebrarent
1892 1247 2011 1324 (Epist.
2023 1246 2093 1317 att,
2110 1267 2142 1307 n.
2162 1248 2207 1327 5).
2224 1251 2272 1309 Eo

529 1333 545 1356 “
633 1342 762 1417 quidem
772 1341 899 1399 illorum
910 1337 1046 1397 consilio
1058 1336 1212 1397 adductus
1228 1332 1424 1392 iuitsanctus
1437 1330 1627 1405 Episcopus,
1644 1331 1679 1385 ut
1692 1332 1899 1385 intemeratam
1910 1327 2078 1402 epistolam
2090 1328 2127 1387 ad
2144 1329 2273 1388 Valen-

634 1422 738 1479 tinum
756 1419 819 1478 itlis
834 1422 907 1478 ante
923 1416 1044 1477 Pascha
1061 1414 1221 1474 traderet:
1238 1410 1448 1471 nihilominus
1466 1413 1572 1467 tamen
1589 1404 1717 1466 eosdem
1732 1404 1816 1464 ultra
1828 1404 1946 1464 dietum
1961 1406 2094 1474 testam,
2115 1424 2180 1483 quo
2199 1408 2272 1468 illos

635 1496 736 1573 magis
760 1501 871 1556 contra
891 1494 1096 1573 Pelagianam
1119 1491 1292 1570 perniciem
1313 1486 1536 1550 corninuniret,
1551 1483 1635 1560 apud
1658 1502 1692 1544 se
1710 1483 1841 1573 retinuit
1858 1481 1981 1560 (Epist.
1997 1482 2067 1551 215,
2084 1502 2137 1543 nn.
2157 1486 2246 1565 l,‘.>)
2263 1506 2273 1559 ³.

635 1575 727 1653 cujus
743 1593 841 1635 inoree
855 1590 985 1633 cansam
1006 1576 1175 1634 aretumant
1195 1568 1370 1647 praebuisse
1390 1566 1491 1625 alium
1508 1564 1658 1631 Felicem,
1673 1561 1728 1637 qui
1746 1562 1866 1622 seilicet
1882 1561 1921 1620 ad
1938 1563 2154 1640 augustinum
2173 1566 2274 1641 paulo

635 1654 770 1721 tardius,
784 1652 912 1712 nonnisi
930 1657 1000 1728 post
1015 1650 1145 1711 comites
1163 1665 1237 1709 suos
1254 1645 1416 1723 pervenit3
1439 1650 1502 1702 eta
1523 1659 1587 1717 quo
1605 1639 1755 1700 credibile
1778 1644 1837 1711 cst,
1860 1646 2005 1700 sanetum
2029 1641 2199 1702 Ductorem
2216 1659 2275 1704 ve-

635 1748 708 1790 rum
722 1730 945 1808 disputationis
961 1728 1093 1807 hujusce
1106 1733 1223 1788 statum
1238 1724 1396 1784 didicisse.
1416 1723 1503 1782 later
1518 1720 1601 1779 hane
1613 1735 1690 1796 ergo
1703 1735 1815 1778 eorum
1831 1719 2009 1795 longiorem
2025 1737 2148 1779 moram
2162 1723 2274 1800 hugu-

636 1810 752 1882 stinus,
772 1826 835 1869 non
853 1808 945 1867 modo
961 1824 1051 1866 snam
1069 1805 1109 1866 ad
1124 1806 1249 1866 Sirium
1265 1802 1434 1879 epistolam
1450 1799 1559 1859 iisdem
1576 1797 1740 1857 monachis
1756 1797 1842 1874 legit,
1860 1814 1970 1857 verum
1986 1798 2082 1857 etiam
2095 1797 2275 1880 Carthagi-

637 1888 746 1947 nensis
763 1888 889 1966 synodi,
905 1903 942 1946 ac
962 1886 1165 1954 lililevitante,
1186 1899 1311 1943 necnon
1334 1880 1480 1957 quinque
1502 1878 1725 1952 episcoporum
1745 1875 1783 1935 ad
1806 1876 2028 1935 innocentium
2047 1877 2182 1949 litteras,
2199 1897 2274 1939 cum

638 1967 773 2042 siugulis
791 1965 949 2025 Pontitieis
965 1965 1003 2024 ad
1019 1964 1147 2024 easdem
1163 1960 1344 2038 responsis3
1364 1956 1532 2034 epistolam
1545 1953 1832 2044 quoque-hiricani
1849 1955 1977 2046 concilii
1994 1953 2033 2015 ad
2051 1955 2227 2023 Zosimum,
2243 1964 2274 2018 et

638 2045 754 2103 Zosimi
779 2045 967 2119 rescriptum
981 2043 1019 2103 ad
1037 2044 1204 2103 universos
1228 2039 1324 2098 totius
1347 2036 1434 2096 orbis
1456 2035 1623 2111 episcopos
1647 2050 1797 2102 missum3
1819 2032 1957 2109 demque
1979 2045 2120 2093 canones
2144 2037 2273 2096 concilii

638 2124 774 2199 plenarii
805 2123 901 2181 totius
917 2121 1030 2182 hiric-m
1041 2126 1153 2182 contra
1168 2118 1372 2196 Pelagianam
1389 2114 1535 2175 haeresim
1549 2112 1739 2172 constitutos
1757 2131 1765 2169 ε
1780 2112 1898 2188 quibus
1914 2112 2063 2172 omnibus
2084 2113 2155 2172 lihri
2175 2116 2273 2175 etiam

638 2200 830 2278 aCypriano
846 2202 883 2260 de
899 2201 1044 2260 oratione
1059 2198 1226 2259 Dorninica
1243 2196 1329 2266 editi,
1343 2211 1408 2271 quo
1424 2191 1553 2270 quidem
1571 2192 1682 2251 heatus
1698 2190 1752 2250 ille
1769 2193 1893 2326 marga
1909 2191 2044 2269 gratiam
2064 2191 2121 2250 Dei
2139 2194 2274 2255 miritiee

638 2280 849 2349 commendat,
864 2264 1033 2338 lectionem
1050 2278 1186 2346 aetdidit3
1210 2275 1289 2335 nihil
1305 2270 1569 2352 praetermittens,
1584 2285 1650 2346 quo
1667 2269 1771 2328 minus
1786 2286 1840 2328 eos
1864 2288 1925 2343 em,
1940 2286 2046 2347 neque
2061 2270 2163 2330 libero
2178 2273 2274 2332 arhi-

638 2357 711 2425 trio,
730 2376 834 2435 neque
851 2358 959 2437 gratiae
974 2358 1163 2418 necessitate
1182 2354 1316 2432 negatis,
1332 2368 1429 2412 sanos
1443 2350 1477 2409 in
1492 2348 1553 2408 tide
1568 2347 1728 2438 aebemus
1745 2347 1894 2408 alliceret.

679 2437 834 2496 l¹raeterea
850 2454 925 2494 sera
941 2436 1150 2512 compellente
1162 2450 1211 2500 ea,
1225 2449 1290 2509 qua
1307 2432 1338 2490 in
1353 2430 1467 2489 tratres
1483 2445 1559 2487 suos
1575 2426 1632 2485 Vn
1647 2431 1776 2486 santius
1795 2426 1947 2498 terrebat,
1965 2426 2120 2488 charitate
2146 2428 2272 2508 (latret,

639 2513 675 2573 de
690 2513 802 2573 Gratia
819 2522 846 2573 rt
862 2514 973 2575 Libera
991 2513 1141 2579 sirbitrio.
1157 2529 1189 2571 u.
1205 2511 1252 2590 1),
1272 2511 1387 2570 Ιί1ιιιιιιι
1403 2524 1500 2584 snper
1516 2507 1577 2565 hoe
1592 2506 1662 2581 ipso
1682 2510 1871 2583 argumento
1891 2506 2102 2575 elucubravit,
2118 2508 2169 2567 cui
2190 2510 2275 2568 titu-

638 2592 705 2651 lum
719 2592 841 2663 indidit,
859 2594 904 2650 lte
917 2592 1029 2652 Gratia
1042 2601 1068 2651 et
1085 2590 1195 2651 libera
1206 2587 1358 2653 Arbitrio,
1371 2586 1412 2646 ad
1422 2585 1619 2646 Valentinum
1635 2591 1662 2643 et
1678 2602 1746 2642 cum
1759 2583 1815 2643 itta
1830 2583 2005 2643 monachos.
2017 2585 2063 2645 lbi
2077 2585 2275 2647 demonstrat

639 2670 778 2747 primum
793 2689 833 2729 ex
846 2670 1031 2748 Scripturis,
1045 2674 1076 2730 et
1092 2670 1253 2729 lrorninem
1274 2668 1375 2727 libero
1393 2664 1527 2724 arbitrio
1542 2681 1615 2722 vere
1630 2662 1796 2740 praeditum
1814 2680 1903 2733 esse,
1927 2667 1959 2722 et
1982 2681 2056 2723 eum
2078 2670 2183 2724 tamen
2204 2668 2276 2725 sine

639 2749 748 2826 gratita
764 2749 922 2827 adjutorio
935 2749 1014 2808 nibil
1030 2749 1104 2809 boni
1121 2765 1214 2824 posse
1229 2763 1335 2823 agere.
1359 2747 1473 2804 Postea
1489 2744 1604 2820 prohat
1622 2742 1757 2819 gratiam
1777 2758 1841 2800 non
1863 2741 2039 2802 secundnm
2055 2744 2168 2804 merila
2183 2744 2274 2816 dari;

639 2831 671 2886 et
692 2827 830 2903 explicat
849 2844 914 2905 qna
931 2828 1056 2887 ratione
1071 2829 1136 2887 vita
1153 2832 1284 2896 aterna,
1303 2841 1376 2900 quae
1398 2822 1491 2882 bonis
1513 2820 1664 2896 operibus
1688 2820 1841 2891 redditur,
1857 2839 1930 2881 rere
1954 2821 1996 2881 sit
2018 2823 2131 2900 gratia.
2154 2823 2287 2885 Deinde-

639 2906 789 2975 ostendit,
807 2924 865 2965 nec
881 2906 1046 2966 seientiam
1060 2906 1151 2983 legis,
1169 2921 1227 2962 nec
1242 2907 1403 2971 naturam,
1418 2917 1476 2960 uec
1489 2900 1589 2959 solam
1606 2898 1827 2958 remissionem
1839 2903 2042 2976 peccatorum
2055 2919 2125 2962 esse
2137 2904 2285 2980 gratiam·
2337 2905 2342 2910 '

641 2982 729 3041 illam
742 3000 815 3058 quae
831 3002 887 3060 per
900 2982 1061 3043 Christum
1076 2984 1187 3051 datur;
1203 2981 1256 3041 sed
1274 2980 1333 3039 hac
1347 2978 1465 3040 Christi
1482 2978 1586 3056 gratia
1600 2976 1681 3045 lieri,
1698 2983 1732 3036 ut
1747 2977 1798 3037 lex
1812 2976 1993 3056 impleatur,
2008 2984 2043 3038 ut
2058 2986 2173 3041 natura
2191 2981 2278 3043 lihe-

638 3065 740 3133 retur,
759 3080 797 3120 ne
813 3068 976 3138 peecatum
996 3061 1188 3120 elorrrinetur.
1213 3059 1386 3136 Expugnat
1402 3056 1582 3135 perfugium
1604 3056 1862 3134 Pelagianorum,
1877 3075 1943 3133 quo
1959 3058 2174 3136 excipiebant,
2190 3059 2279 3119 Gre-

640 3139 726 3205 tiam,
743 3141 800 3200 etsi
820 3158 884 3199 nan
906 3139 1071 3199 nectendum
1092 3140 1203 3199 merita
1224 3136 1375 3196 bonorum
1391 3152 1518 3216 operum
1536 3134 1636 3199 detur.
1658 3143 1757 3194 tantan
1780 3134 1851 3196 dari
1870 3136 2036 3197 secandum
2055 3138 2166 3198 merita
2189 3138 2278 3200 hane

639 3217 822 3287 coirentutis,
837 3237 903 3297 que
912 3217 1072 3297 precedit,
1088 3216 1240 3277 credentis
1253 3224 1280 3274 et
1297 3214 1418 3274 orantis
1438 3213 1546 3291 (thid,
1561 3231 1593 3273 n.
1607 3212 1676 3293 at).
1700 3213 1812 3274 Incidit
1831 3214 1863 3274 iu
1884 3215 2104 3291 quaestionem,
2123 3218 2276 3281 curlteus

639 3294 730 3375 jubet
753 3296 838 3374 quod
858 3297 924 3374 ipse
947 3297 1080 3358 daturus
1103 3301 1168 3368 cst;
1193 3312 1275 3355 anve
1299 3294 1410 3372 jubeat
1434 3292 1543 3369 aliqua
1565 3309 1637 3367 quea
1663 3310 1727 3351 non
1754 3310 1937 3368 possumus.
1965 3293 2179 3365 Charitatem,
2205 3298 2277 3358 sine

640 3391 706 3451 qua
721 3379 879 3453 praecepta
900 3393 964 3435 nou
988 3376 1172 3453 implentur,
1189 3391 1254 3434 nou
1275 3373 1306 3431 in
1327 3372 1419 3433 nohis
1436 3371 1551 3431 nisiex
1565 3371 1631 3430 Deo
1646 3389 1717 3431 esse
1731 3372 1901 3432 corrvincit.
1917 3374 2015 3433 Docet
2030 3376 2155 3451 operari
2171 3376 2276 3436 Deum

641 3453 675 3511 in
689 3454 838 3514 cordibus
855 3455 1021 3515 hominum
1035 3454 1073 3514 ad
1101 3452 1300 3514 inclinandas
1322 3468 1434 3511 eorum
1449 3451 1629 3509 voluntates
1647 3467 1851 3527 quocumque
1867 3451 2022 3521 soluerit,
2051 3453 2117 3513 site
2134 3454 2173 3514 ad
2191 3456 2276 3517 bona

640 3548 699 3607 pro
713 3549 772 3593 sua
789 3534 1019 3600 misericordia,
1035 3534 1102 3594 sive
1116 3532 1154 3592 ad
1169 3532 1253 3592 mala
1266 3530 1457 3607 promeritis
1470 3547 1595 3599 eorum,
1606 3527 1846 3606 judicioutique
1858 3530 2033 3607 aliqnando
2044 3533 2180 3605 occulto,
2193 3552 2277 3593 sem-

640 3626 700 3686 per
721 3616 827 3670 tannen
842 3612 930 3688 justo
973 3611 1056 3671 lbid.
1072 3658 1078 3678 ,
1092 3629 1146 3670 nn.
1162 3608 1219 3681 at,
1236 3607 1305 3690 tt).
1333 3608 1379 3668 hd
1401 3612 1598 3675 extremum,
1622 3609 1768 3686 gratuitae
1794 3609 1904 3687 gratim
1919 3628 1977 3669 nec
2001 3611 2123 3671 meritis
2146 3612 2278 3674 reddittn

641 3691 824 3767 exemplum
840 3692 951 3751 baberi
978 3691 1165 3751 uculeutum
1183 3693 1215 3749 in
1231 3689 1269 3749 iis
1283 3687 1426 3766 parvulis
1446 3687 1503 3767 qui
1521 3688 1790 3758 subnotandum
1807 3688 1861 3748 alii
1879 3706 2018 3767 quorum
2033 3708 2105 3751 cum
2121 3692 2183 3752 illis
2199 3710 2265 3753 una

643 3783 742 3828 causa
758 3773 805 3828 est
821 3777 967 3846 pereunt.

683 3845 839 3907 llortatur
859 3844 1097 3916 adrumetinos,
1113 3851 1148 3907 ut
1166 3847 1285 3907 librum
1305 3847 1391 3907 hunc
1412 3863 1508 3907 suum
1529 3844 1657 3906 assidue
1677 3848 1824 3923 repetant
1840 3866 1846 3904 :
1864 3863 1901 3906 ac
1914 3847 1940 3907 si
1955 3847 2082 3925 quidem
2097 3847 2277 3911 doctrinam

643 3924 729 3984 illius
745 3925 884 4003 capiant,
898 3927 965 3987 Deo
982 3927 1101 4006 gratias
1115 3930 1233 4005 agant:
1252 3926 1302 3985 siu
1318 3929 1426 3986 autem
1442 3925 1475 3985 in
1487 3943 1525 3985 eo
1541 3923 1662 4001 aliquid
1678 3925 1805 3984 obscuri
1817 3924 1990 3998 oilendaut,
2008 3927 2077 4005 ejus
2094 3928 2278 4008 intelligen-

643 4002 721 4062 tiam
736 4004 796 4079 piis
814 4006 961 4083 precibus
978 4010 1127 4083 satagant
1140 4005 1284 4065 obtinere
1301 4024 1308 4062 :
1326 4004 1483 4081 imprimis
1497 4020 1515 4064 a
1531 4022 1565 4064 se
1578 4002 1735 4080 repellant
1748 4003 1913 4063 seientiam
1932 4005 2018 4065 illam
2042 4008 2277 4067 contentiosam

643 4099 681 4140 ac
697 4082 799 4142 zelmn
814 4100 979 4154 amarum,
996 4101 1093 4161 quam
1109 4089 1274 4160 tantopere
1288 4083 1427 4144 lacobus
1443 4082 1607 4160 apostolus
1625 4081 1800 4142 detestatur
1813 4083 1821 4162 (
1832 4082 1924 4150 thia,
1940 4103 1971 4143 a.
1988 4081 2026 4142 te
2038 4085 2060 4163 ).
2083 4085 2150 4145 lllis
2172 4087 2280 4147 adhue

643 4158 813 4220 lectionem
828 4162 969 4241 ejusdem
989 4163 1060 4221 libri
1081 4162 1235 4222 ma‘orem
1259 4163 1289 4220 in
1313 4161 1442 4220 modum
1460 4160 1676 4230 commendat,
1693 4161 1725 4220 in
1743 4161 1825 4232 alio,
1843 4180 1938 4238 quem
1957 4168 2067 4240 postea
2089 4165 2128 4224 ad
2148 4165 2279 4225 eosdem

644 4239 819 4301 inonachus
842 4243 957 4301 direxit
976 4241 984 4318 (
1000 4242 1100 4320 lutra,
1123 4262 1159 4301 ce
1180 4240 1380 4319 Correptiane
1399 4247 1427 4299 et
1443 4238 1565 4305 Gratia,
1581 4258 1613 4298 n.
1626 4241 1639 4299 l
1654 4239 1663 4315 )
1680 4258 1687 4296 :
1705 4239 1866 4300 conlidens
1888 4240 1954 4301 lore
1975 4242 2082 4303 divina
2100 4244 2278 4321 opitulante

644 4318 760 4407 gratia,
782 4326 817 4378 ut
839 4320 894 4393 illo
915 4321 1098 4398 diligentius
1123 4321 1270 4388 involuto,
1290 4319 1496 4396 penitiusque
1520 4319 1690 4385 intellecto,
1710 4317 1926 4379 dissensiones
1949 4337 2077 4387 omnes,
2100 4340 2172 4400 quta
2196 4322 2280 4385 inter

643 4412 731 4472 ipsos
746 4396 783 4457 de
799 4397 904 4461 haere
920 4405 1012 4459 erant
1025 4402 1156 4470 oborta,
1174 4398 1421 4474 consopirentur
1442 4397 1565 4474 (Epist.
1580 4395 1654 4468 215,
1669 4414 1701 4455 n.
1716 4395 1767 4474 8).
1792 4394 1877 4457 Idem
1890 4398 1949 4459 hoc
1964 4417 2045 4477 opus
2061 4401 2233 4462 Cresconio
2249 4406 2281 4462 et

645 4475 746 4551 ipsius
765 4477 934 4537 comitibus
954 4478 1041 4556 legit,
1060 4494 1098 4539 ac
1116 4476 1320 4536 clelereudum
1343 4476 1375 4535 in
1399 4476 1579 4535 coenobium
1596 4493 1690 4535 suum
1705 4475 1800 4543 dedit,
1819 4476 1976 4554 adjunctis
1999 4479 2131 4556 reliquis
2155 4480 2281 4539 instru-

633 4548 761 4613 'mentis
780 4555 818 4615 ad
837 4557 1081 4635 Pelagianorum
1105 4555 1404 4615 condemnationem
1427 4555 1657 4630 spectantibus,
1675 4571 1747 4630 qum
1769 4553 1874 4614 isthuc
1897 4557 2049 4617 mittenda
2071 4559 2279 4618 existimarit.

645 4632 788 4692 Tradidit
806 4634 944 4696 simulet
960 4634 1131 4696 secundam
1150 4634 1317 4711 epistolam
1337 4632 1374 4693 ad
1396 4632 1602 4692 Valentinum
1624 4633 1758 4710 ejusque
1778 4631 1909 4706 tratres,
1935 4653 2033 4712 quos,
2057 4636 2099 4697 ibi
2122 4637 2159 4698 de
2182 4638 2281 4697 Floro

646 4710 685 4769 ad
701 4728 734 4771 se
751 4712 903 4773 mittendo
916 4714 1086 4792 conspellat
1101 4713 1133 4774 in
1149 4713 1216 4775 haec
1234 4714 1355 4775 verba:
1370 4711 1407 4773 Si
1419 4710 1495 4790 quid
1511 4710 1548 4771 de
1564 4710 1650 4772 vodis
1663 4728 1791 4780 rnereor,
1808 4713 1911 4773 ueniat
1923 4714 1963 4774 ad
1977 4733 2021 4774 rae
2036 4716 2135 4795 frater
2148 4717 2280 4777 Florus.

647 4788 759 4868 (latu.)

688 4868 805 4930 XXVI.
823 4871 1010 4932 liberalius
1023 4871 1063 4932 ad
1076 4871 1193 4932 eosdem
1204 4870 1422 4932 Adrumetinus
1434 4868 1585 4938 mittitur,
1600 4868 1636 4929 de
1651 4868 1853 4948 correptione
1864 4880 1891 4930 ct
1903 4870 2015 4931 Gratia
2027 4883 2240 4951 nrtncupatus.

690 4950 861 5025 Augustini
878 4951 995 5010 librum
1011 4970 1048 5011 ae
1063 4952 1215 5028 epistolas
1231 4967 1357 5011 summa
1372 4968 1446 5010 cum
1459 4949 1668 5010 vulneratione
1682 4949 1875 5010 Valentinus
1899 4952 2021 5028 aceepit
2048 4952 2177 5030 (Epist.
2201 4953 2281 5027 eto,

648 5042 703 5083 ιιιι.
722 5026 750 5095 1,
765 5025 795 5105 2)
810 5046 817 5084 ε
835 5034 866 5087 et
879 5046 1065 5106 quanquam
1083 5029 1216 5089 iratrnm
1232 5028 1447 5106 quorumdam
1461 5044 1594 5088 suorum
1607 5028 1769 5105 imperitia
1784 5031 1979 5108 contigerat,
1998 5035 2033 5089 ut
2046 5031 2114 5108 ipse
2127 5032 2284 5108 aliiquea

649 5104 743 5179 culpa
759 5105 918 5166 immunes
932 5108 972 5166 ah
986 5127 1024 5167 eo
1036 5108 1130 5168 simul
1146 5107 1306 5186 objurgati
1322 5106 1506 5167 riderentur
1517 5127 1525 5179 3
1538 5111 1644 5168 tamen
1655 5104 1740 5183 quod
1751 5107 1879 5167 illorum
1890 5109 2059 5169 curiositas
2072 5109 2192 5171 tructus
2203 5111 2286 5172 adeo

649 5181 756 5242 helices
773 5185 959 5261 peperisset,
974 5188 1100 5263 sibique
1115 5187 1266 5246 doctrinm
1282 5193 1345 5246 tam
1364 5185 1452 5246 utilis
1468 5191 1597 5263 tamque
1612 5185 1761 5265 iucundae
1776 5187 1936 5247 attulisset
1952 5188 2165 5266 cognitionem
2177 5233 2185 5257 ,
2197 5191 2287 5251 ιιιιιΙ-

649 5265 717 5320 tmn
731 5263 862 5340 gavisus
876 5269 934 5323 est.
946 5265 1015 5323 Non
1031 5264 1187 5325 coturnisit
1203 5264 1433 5341 proiectoidem
1442 5264 1644 5337 Valentinus,
1659 5264 1739 5341 quin
1753 5265 1792 5324 ad
1802 5265 1891 5326 illum
1906 5265 2063 5343 proticisci
2076 5267 2208 5326 Florum
2224 5268 2287 5346 jn-

650 5340 750 5406 lmeet.
770 5342 850 5403 datis
864 5345 959 5402 etiam
975 5344 1099 5414 litteris,
1116 5345 1234 5420 quihus
1248 5343 1402 5420 quidquid
1416 5344 1448 5403 in
1463 5344 1661 5404 monasterio
1677 5361 1737 5403 suo
1748 5348 1872 5420 gestum
1886 5345 2001 5416 luerat,
2017 5352 2130 5406 saneto
2141 5347 2286 5408 autistiti

652 5423 846 5496 exponebat,
862 5441 933 5482 ιιιιιι
953 5422 1023 5483 tidei
1040 5441 1119 5491 sua,
1133 5441 1231 5500 (quarm
1247 5429 1277 5482 et
1292 5423 1377 5482 Flori
1396 5441 1467 5484 esse
1482 5422 1674 5494 affirmabat,
1690 5423 1900 5500 professione.
1912 5424 1958 5482 lhi
1977 5443 2107 5502 quoqne
2129 5427 2286 5503 rogabat,

652 5503 686 5556 ut
702 5501 896 5561 monasterio
912 5518 972 5560 suo
988 5518 1097 5577 pacem
1113 5509 1142 5560 et
1158 5503 1198 5561 ab
1212 5501 1366 5578 ejusmodi
1385 5503 1627 5562 contentionum
1644 5503 1792 5578 procellis
1806 5503 2072 5580 tranquillitatem
2095 5521 2112 5564 a
2129 5505 2195 5563 lieo
2214 5524 2288 5581 pre·

652 5578 742 5637 cibus
758 5580 928 5640 obtineret.
945 5580 1025 5640 lllud
1042 5580 1080 5640 ad
1096 5587 1277 5639 extremum
1292 5580 1473 5657 adjiciebat,
1490 5599 1563 5658 qam
1578 5582 1691 5642 Florus
1705 5580 1743 5639 ad
1759 5581 1901 5659 ejusdem
1917 5582 1966 5641 sui
1981 5583 2168 5644 monasterii
2182 5601 2285 5664 regu-

652 5654 714 5714 lam
732 5659 998 5735 ‹lisciplinamqac
1011 5659 1265 5718 ‹tortstituemlam
1281 5662 1322 5718 ab
1336 5662 1404 5736 ipso
1417 5663 1554 5736 peteret,
1577 5680 1615 5720 ue
1633 5667 1824 5738 gravaretur
1838 5661 2022 5737 precipere.
2260 5722 2271 5740 ,

693 5735 807 5796 liturus
823 5738 883 5798 hoc
899 5735 957 5796 iter
975 5740 1115 5815 suscepit
1130 5739 1255 5807 lubens,
1272 5757 1371 5815 seque
1387 5757 1453 5799 nim
1467 5756 1538 5798 eum
1554 5740 1679 5815 aliquot
1692 5739 1764 5798 aliis
1781 5741 1916 5798 cordidit
1934 5740 1971 5799 ad
1988 5746 2134 5800 sanetum
2150 5742 2288 5802 Antisti-

654 5817 715 5871 tem
731 5835 738 5871 :
756 5815 810 5892 qui
827 5816 879 5876 ubi
898 5817 989 5876 iidem
1005 5817 1042 5878 de
1057 5818 1157 5877 libero
1172 5818 1307 5877 arbitrio
1322 5823 1352 5877 et
1367 5817 1469 5895 gratia
1485 5818 1675 5877 catholicam
1692 5817 1722 5875 in
1737 5836 1775 5876 eo
1791 5819 2009 5895 deprehendit,
2026 5837 2149 5878 necnon
2167 5839 2205 5880 ex
2223 5822 2287 5879 Va-

652 5889 765 5952 lentini
787 5895 923 5971 epistola
944 5913 1055 5972 pacem
1075 5897 1158 5956 iuter
1177 5895 1289 5956 iratres
1305 5896 1371 5974 iam
1395 5895 1493 5957 terme
1515 5896 1741 5973 ctrnrpositam,
1757 5914 1935 5974 eorumque
1947 5899 1979 5956 in
1993 5899 2127 5958 veritate
2142 5919 2288 5960 conscu-

653 5969 777 6032 sionem
791 5979 821 6033 et
834 5974 865 6033 in
882 5975 1037 6035 charitate
1052 5974 1252 6055 flagrantiam
1268 5976 1431 6054 cognovit,
1447 5974 1556 6037 laetitia
1571 5975 1702 6034 minime
1718 5975 1869 6037 mediocri
1885 5975 2034 6054 pertusus
2050 5982 2108 6037 est.
2125 5977 2183 6037 Vir
2204 5997 2288 6040 san-

653 6055 722 6110 ctus
738 6052 855 6129 oppido
868 6054 1037 6132 gaudebat,
1052 6055 1137 6133 quod
1155 6055 1262 6115 diviua
1275 6053 1495 6115 misericordia
1511 6055 1686 6131 nequitiam
1701 6052 1820 6115 diaboli
1836 6056 1868 6115 in
1881 6072 2197 6118 servorumsuorum
2212 6077 2288 6137 pro·

656 6136 780 6191 vectum
793 6132 930 6192 mirabili
948 6134 1088 6194 bottitate
1101 6136 1262 6204 vertissem
1285 6133 1327 6194 ita
1351 6139 1385 6193 ut
1407 6138 1491 6194 artes
1517 6133 1593 6211 ipsas
1613 6133 1731 6213 quibus
1755 6135 1888 6197 humaui
1911 6135 2037 6213 generis
2056 6136 2156 6197 hostis
2173 6155 2287 6200 eorum

654 6210 827 6270 trottnullos
853 6212 1040 6272 subuertere
1064 6214 1193 6274 molitus
1216 6217 1296 6284 erat,
1317 6218 1472 6274 nocerent
1491 6212 1621 6285 nemini,
1643 6217 1673 6272 et
1692 6214 1866 6274 multorum
1883 6213 2053 6273 eruditioni
2071 6217 2287 6279 eorrducereut

654 6287 775 6368 llrisra,
794 6289 830 6350 de
847 6289 1048 6369 Correptione
1068 6301 1095 6352 et
1112 6292 1235 6359 Gratia,
1250 6310 1282 6351 n.
1299 6291 1346 6370 l),
1365 6311 1478 6353 eornm
1493 6293 1613 6353 scilieet
1627 6294 1681 6371 qtd
1699 6293 1794 6353 floro
1808 6294 2010 6357 olrstiteraut,
2028 6298 2200 6360 verborum
2216 6301 2286 6380 qus

643 6385 780 6430 seusam
791 6388 862 6431 airu
873 6378 1095 6446 assequentes.
1112 6373 1191 6435 Nam
1212 6377 1322 6450 postea
1338 6392 1479 6436 errorem
1496 6395 1589 6438 surnn
1606 6373 1784 6437 corrasisse
1801 6372 1895 6433 iidem
1914 6372 2072 6434 interam.
2091 6378 2127 6436 tlt
2145 6382 2217 6442 hire:⁸
2238 6385 2278 6439 t:-
