5592 7350
466 953 529 971 ,
630 890 682 948 aar

628 1003 715 1083 exisse
736 1002 770 1058 de
783 1003 832 1059 irae
845 1003 914 1067 vita,
930 992 1024 1071 prebet'
1046 1000 1284 1055 lrourincmsaltern
1307 997 1418 1069 propin-

627 1093 725 1165 quante
738 1102 823 1147 morte
835 1089 917 1147 inisse
929 1090 987 1145 sine
999 1100 1108 1161 peccato
1124 1089 1150 1144 in
1163 1089 1212 1144 lrac
1225 1090 1288 1143 rita.
1309 1087 1360 1144 Ubi
1374 1101 1421 1153 pa·

629 1200 687 1239 rum
699 1183 824 1249 attendit,
835 1198 899 1257 'cum
910 1181 945 1238 sit
963 1181 1142 1249 acutissimus,
1159 1196 1211 1236 uoti
1226 1180 1325 1236 trustra
1338 1179 1419 1235 etiam

626 1275 712 1345 justos
727 1274 753 1329 in
767 1272 887 1328 oratione
899 1270 1003 1337 dicere,
1018 1271 1124 1326 Dimitte
1136 1270 1206 1326 nobit
1221 1269 1304 1325 debita
1317 1278 1419 1337 nostra,

628 1366 691 1419 s'ieat
701 1376 724 1420 et
746 1363 792 1418 nos
806 1362 955 1420 dimittimus
971 1363 1122 1419 debitoribus
1135 1364 1228 1418 rtoutris
1240 1379 1250 1417 .·
1264 1362 1420 1418 Dominum-

629 1448 680 1523 que
695 1453 845 1521 dunsten,
867 1469 927 1509 cum
940 1451 1062 1510 eamdem
1076 1453 1224 1509 arationem
1237 1451 1358 1508 docendo
1371 1468 1420 1507 es·

629 1534 781 1616 plicuissel,
808 1544 978 1601 veracissime
991 1539 1158 1611 subdidisse,
1179 1543 1285 1599 Sieuim
1296 1542 1421 1598 diutriseri·

628 1638 658 1691 tis
677 1620 778 1707 peream
801 1629 959 1700 bominibus,
975 1634 1081 1690 dintittet
1097 1633 1164 1688 uobis
1178 1632 1255 1689 Pater
1268 1643 1346 1689 uerter
1363 1649 1421 1703 pec·

629 1718 685 1779 cute
708 1735 798 1781 uestra.
828 1719 880 1782 Pe'r
911 1721 963 1783 boe
977 1717 1056 1783 enim
1074 1726 1256 1796 quotidianum
1283 1724 1421 1795 spirituale

629 1806 834 1898 quedammodo
847 1813 1002 1887 incensum,
1016 1818 1086 1890 quod
1113 1826 1175 1874 ante
1190 1818 1272 1875 Deum
1295 1819 1322 1873 in
1336 1818 1422 1873 altare

598 1971 600 1975 ἱ
628 1904 735 1975 cbrdis,
755 1907 825 1981 qdod
839 1901 945 1965 sursum
968 1908 1067 1966 habere
1081 1908 1271 1975 admonemur,
1287 1907 1420 1973 mtertnr,

628 1995 799 2054 etiamsinon
815 1998 857 2055 ltic
870 1998 974 2055 viratnr
993 1998 1052 2055 sine
1065 2009 1190 2069 peccatu,
1205 1999 1266 2055 lieet
1281 1998 1422 2053 marisiae

586 2101 593 2115 '
629 2090 755 2158 peceato,
776 2085 839 2144 dum
858 2088 970 2146 subinde
990 2090 1066 2146 venia
1088 2088 1206 2155 deletur,
1225 2088 1296 2159 quod
1311 2087 1422 2143 subinde

628 2178 775 2258 i'guorantia
791 2181 832 2254 rel
845 2178 997 2235 intirmitute
1007 2179 1189 2236 committitur.
1209 2252 1213 2258 Ι

663 2257 776 2328 CAPUT
794 2249 1002 2327 xixti-m.
1014 2252 1110 2326 Suriam
1122 2270 1190 2341 uirpo
1205 2268 1287 2325 bieria
1300 2269 1355 2323 uine
1368 2268 1421 2323 ullo

629 2358 689 2415 nisit
706 2366 817 2430 peecata.
835 2359 930 2416 Nullus
952 2355 1072 2431 preterea
1091 2370 1234 2415 sanctarum
1253 2359 1343 2428 absque
1364 2375 1423 2430 pcc·

628 2453 693 2506 cato.
702 2438 1062 2518 Deindeeornmemarateos‚
1075 2449 1195 2521 «quinon
1204 2450 1284 2505 modo
1295 2466 1346 2504 nent
1361 2464 1422 2519 pcc·

629 2552 721 2607 casse,
738 2535 827 2596 icium
849 2540 1010 2612 etiamjuste
1032 2541 1131 2596 risisse
1154 2537 1313 2608 reseruntur,
1342 2538 1423 2607 Abel,

630 2629 1423 2700 Eureeis,Melchisedech,Abrabam,lsaae,.lacub,lesuNa·

629 2737 671 2788 re,
682 2721 807 2790 Pliiiiecs,
817 2721 936 2790 Samuel,
949 2722 1063 2790 Nathan,
1078 2711 1158 2789 illias,
1175 2722 1285 2792 lusepb,
1300 2722 1421 2787 Elisaus,

629 2812 755 2879 ilicbcas,
771 2811 874 2881 Daniel,
891 2813 1018 2879 Ananias,
1032 2809 1156 2880 Ananias,
1170 2795 1270 2880 llisaei,
1282 2812 1421 2876 Ezechiel,

630 2896 830 2971 llurdoelueus,
853 2902 981 2970 Simeon,
1003 2900 1104 2971 loseph
1119 2903 1161 2957 cui
1185 2900 1343 2971 desponsata
1365 2910 1424 2956 erat

632 2987 705 3061 sirpo
729 2981 827 3057 llaria,
852 2990 980 3047 loannes.
1009 3010 1018 3043 r
1045 2971 1171 3062 bdjurrqit
1192 2991 1271 3045 etiam
1294 2990 1421 3055 tetuinus,

630 3095 641 3132 t
665 3068 831 3149 debboram,
859 3075 962 3154 Annam
996 3077 1126 3136 Samuelis
1156 3089 1286 3159 matrem,
1312 3078 1421 3145 luditis,

630 3153 741 3238 adher,
758 3166 867 3249 alteram
883 3171 986 3226 Annam
1007 3169 1087 3226 ittam
1108 3171 1244 3236 Phanuel,
1265 3169 1422 3247 Elisabedr,

629 3263 712 3331 ipsam
736 3262 820 3318 etiam
841 3260 945 3317 llo'rnini
963 3276 996 3316 ac
1014 3257 1160 3317 Salvatoris
1184 3260 1267 3327 nostri
1290 3260 1421 3326 lintrem,

628 3357 708 3423 riuum
731 3371 741 3404 s
762 3351 826 3408 dicit
847 3372 857 3407 r
876 3353 933 3408 sine
948 3362 1059 3423 peceato
1087 3351 1208 3408 confiteri
1231 3364 1340 3432 necesse
1362 3365 1423 3407 esse

629 3442 730 3515 pietati.
759 3444 769 3496 i
795 3443 910 3514 Ese'e‘pta
935 3442 1025 3515 itaque
1046 3443 1250 3515 sanetarirgine
1272 3441 1371 3509 biania,
1388 3440 1423 3499 de

628 3548 679 3605 qua
692 3542 800 3604 propter
815 3529 946 3589 banorum
960 3531 1064 3589 bomini
1078 3533 1179 3589 nullam
1193 3547 1304 3603 prorsus
1316 3548 1377 3590 cum
1389 3532 1422 3588 de

629 3626 744 3698 peccatis
768 3617 870 3696 agddr,
896 3624 988 3682 baberi
1012 3627 1021 3658 ¹
1041 3626 1101 3681 valo
1120 3621 1296 3697 quaestionem
1320 3643 1326 3680 :
1352 3622 1423 3681 unde

629 3711 700 3775 enirn
716 3718 815 3776 sciurus
828 3717 891 3790 quid
913 3720 939 3776 ei
960 3716 1021 3791 plus
1034 3720 1126 3790 gratie
1139 3719 1264 3775 cubatum
1288 3717 1368 3774 irretit
1387 3716 1423 3772 ad

628 3809 787 3866 uincendum
798 3806 870 3891 omni
881 3825 915 3865 er
928 3799 1003 3880 parte
1015 3819 1167 3881 peceatum,
1182 3825 1241 3880 quas
1254 3808 1396 3882 concipere
1411 3810 1422 3840 ¹

628 3888 660 3958 dc
672 3896 886 3973 patarenorum,
900 3918 979 3973 quem
994 3903 1208 3959 constatnuilum
1221 3902 1346 3959 babuisse
1359 3917 1423 3973 pec·

629 3993 737 4048 catnm‘l
750 3992 800 4048 bac
810 4008 873 4065 erpo
884 3993 992 4065 llirqine
1002 4003 1122 4065 excepta,
1140 3995 1162 4050 si
1177 4009 1269 4051 enarres
1283 3991 1343 4050 illos
1357 4009 1421 4049 sau·

629 4093 686 4140 etos
696 4091 723 4140 et
737 4093 858 4151 sanetm,
872 4100 932 4140 cnm
948 4084 991 4140 irie
1005 4087 1141 4154 virerent,
1155 4101 1317 4157 eotrgregare
1328 4100 1423 4157 posse-

630 4170 689 4257 drus
701 4186 727 4235 et
750 4177 915 4249 interrogare
937 4171 1025 4234 utinum
1039 4189 1128 4234 essent
1142 4180 1200 4234 sine
1218 4188 1344 4250 peceato,
1358 4178 1421 4249 quid

550 4331 552 4336 ,
629 4268 711 4327 inisse
733 4285 909 4342 responsuros
933 4269 1076 4341 putamus?
1098 4260 1187 4325 uirum
1212 4269 1262 4324 ltoc
1284 4267 1354 4339 qaod
1370 4269 1421 4324 iste

628 4361 709 4430 dicit,
723 4367 755 4418 dn
771 4363 841 4434 qnod
855 4361 972 4418 learrncs
991 4362 1145 4433 apostolus?
1164 4361 1239 4432 liupo
1253 4375 1318 4427 uos,
1333 4375 1421 4430 quan·

630 4452 721 4511 talibet
734 4451 832 4508 iucrint
847 4453 872 4508 in
889 4452 941 4508 boe
953 4448 1068 4523 corpore
1081 4451 1238 4506 excellentia
1252 4448 1418 4514 sanctitatis,

629 4547 652 4603 si
668 4546 720 4601 buc
734 4543 894 4615 interrogari
913 4542 1078 4615 potuissent,
1094 4555 1183 4596 natine
1195 4540 1206 4618 ⁸.
1217 4554 1270 4596 una
1281 4553 1348 4595 uoce
1365 4539 1422 4595 cln-

630 4635 763 4705 massam,
785 4632 815 4690 Si
836 4623 973 4689 dixerimus
991 4632 1051 4704 quia
1070 4639 1199 4703 perentam
1219 4647 1270 4686 nou
1284 4629 1419 4696 babemus,

630 4724 676 4784 rios
694 4726 761 4799 ipsos
772 4707 930 4798 decipiatur,
952 4735 976 4780 et
995 4724 1085 4779 ueritnr
1098 4724 1123 4778 in
1144 4722 1215 4778 nobie
1237 4738 1287 4777 nan
1306 4721 1362 4777 etti
1380 4721 1424 4776 bn

631 4816 696 4873 illud
715 4817 840 4872 bundlius
855 4812 1048 4887 responderent
1070 4813 1200 4880 tortasse,
1222 4828 1301 4883 quam
1313 4811 1423 4870 reriust

631 4907 683 4966 eet
698 4908 759 4964 liuic
777 4906 832 4978 jum
847 4906 951 4979 placet,
976 4917 1003 4962 et
1016 4911 1090 4964 recte
1108 4905 1210 4977 placet,
1226 4922 1235 4957 t
1252 4904 1357 4961 laudem
1373 4902 1424 4960 irn-

632 4997 751 5056 inlibatis
766 4998 791 5052 in
806 5006 881 5068 parte
894 5013 947 5063 non
964 5011 1064 5066 ponere
1077 4994 1209 5050 salsitatis.
1229 5014 1238 5047 r
1259 4993 1351 5065 ltaque
1371 4994 1423 5050 ltoc

631 5090 654 5144 si
667 5102 758 5143 rerum
773 5087 907 5154 dicerent,
924 5085 1052 5142 baberent
1064 5095 1218 5157 peecatum
1233 5082 1302 5157 quod
1314 5074 1424 5138 bumili-

632 5188 671 5237 t'er
686 5178 747 5250 quia
768 5175 931 5242 letarentur,
947 5177 1045 5234 veritas
1065 5177 1092 5231 in
1103 5176 1143 5231 eis
1160 5185 1232 5231 essct
1245 5174 1256 5205 ⁸
1270 5175 1311 5230 :si
1334 5183 1424 5231 autem

633 5270 684 5325 lroc
702 5267 893 5332 mentirentur,
918 5264 1091 5321 nibilominus
1116 5256 1245 5320 baberent
1266 5274 1423 5334 peceatum,

633 5352 693 5435 qnia
706 5359 804 5415 neritus
817 5358 843 5411 in
855 5356 894 5413 eis
905 5373 957 5411 nori
969 5365 1050 5411 esset.

662 5441 781 5509 'cit‘dt
800 5438 930 5506 xlxiii.
946 5479 981 5490 —
994 5448 1038 5504 bb.
1055 5446 1106 5501 Cur
1121 5463 1170 5501 uun
1189 5446 1301 5501 orrtnium
1322 5458 1425 5520 peccatu

634 5540 768 5615 Striptt'trb
780 5542 1020 5597 coirtnremurauerit.
1033 5557 1042 5592 t
1058 5538 1151 5594 Dicent
1164 5536 1286 5604 forsitan,
1300 5557 1308 5590 r
1327 5538 1423 5608 inquil,

636 5656 646 5689 r
669 5619 813 5706 Numquid
824 5618 943 5688 omnium
959 5631 1044 5701 potnit
1062 5626 1199 5700 Scriptura
1212 5643 1425 5687 canrruernornre

633 5726 761 5798 peccata?
780 5744 789 5777 r
808 5724 839 5779 Et
856 5737 948 5777 rerurm
969 5720 993 5776 ci
1008 5720 1114 5785 dicent,
1130 5719 1290 5791 quicumque
1311 5718 1422 5774 dicent:

665 5855 811 5909 ¹tnedttbl
846 5851 1140 5918 amnuntiandum
1156 5848 1331 5922 tres-,treberi
1425 5874 1427 5877 -

664 5922 780 5969 ’nuoex
867 5915 1104 5973 usvadeauisttss,
1119 5912 1424 5981 meeumnstarntnaued

632 5931 816 6046 natumsed
948 5973 1021 6040 tuerit
1039 5973 1072 6025 ati
1086 5970 1426 6046 bimendmnarnmeeports

633 6048 765 6110 peecatum
777 6037 987 6151 wdff'fflmt
1005 6045 1053 6089 eta
1073 6043 1109 6087 ste
1130 6035 1205 6086 mium
1217 6032 1349 6100 tugensis.
1362 6033 1426 6086 rba-

634 6104 916 6215 ”ffiffiiiiieriani
924 6135 972 6222 trie,
978 6160 1065 6221 nosue,
1074 6169 1163 6210 murra
1173 6156 1255 6209 eadee
1267 6149 1431 6222 remearet·

634 6228 703 6279 abest
714 6239 729 6276 a
740 6226 837 6276 cacteris
850 6223 923 6274 edttls
934 6231 959 6273 et
970 6220 1145 6281 manuscriptis.

716 6289 752 6337 md
762 6293 798 6336 tir.
812 6295 838 6336 et
849 6293 905 6336 tar.
915 6292 1007 6334 mutato
1015 6285 1147 6333 verborum
1156 6280 1242 6331 ordine
1250 6279 1349 6346 legiter,
1357 6282 1423 6347 quad

665 6292 675 6320 δ

626 6300 755 6401 danaidum
762 6351 906 6412 tueremur,
919 6345 976 6412 quia
988 6342 1105 6396 ceritesin
1116 6341 1151 6397 ct's
1162 6351 1230 6400 tantu

1098 886 1141 942 bd
1161 884 1301 942 nitunt
1323 884 1366 938 ΕΤ
1387 882 1527 950 ditatis,
1550 885 1579 939 S.
1602 883 1782 941 udcdstmt

2215 888 2268 947 Stib

1475 1012 1525 1053 nec
1556 1014 1618 1055 eum
1651 1010 1744 1054 eontra
1774 1000 1826 1054 lunc
1846 999 1945 1071 aliquid
1974 1002 2091 1060 ualidum
2122 1003 2201 1061 virleu
2224 1020 2270 1062 re-

1474 1087 1630 1156 spondissc;
1653 1088 1775 1158 pirannis
1801 1088 1904 1145 rideam
1934 1102 2022 1148 tacere
2042 1092 2169 1151 aarum.
2200 1092 2270 1162 duur

1450 1178 1544 1231 ·euirn
1574 1178 1689 1243 dixerit,
1720 1194 1829 1249 quase,
1853 1173 2021 1238 secedite«
2047 1184 2119 1251 lloc,
2138 1205 2148 1238 s
2165 1186 2269 1255 inquit,

1477 1278 1575 1325 erecte
1596 1278 1685 1340 potest
1703 1269 1755 1325 dici
1770 1269 1804 1326 de
1829 1267 1870 1324 bis
1890 1287 2003 1343 quorum
2031 1290 2118 1345 neque
2139 1275 2271 1332 benorum

1474 1374 1560 1429 neque
1579 1357 1709 1416 malorum
1723 1361 1859 1432 Scriptura
1885 1363 1919 1418 sit
1942 1379 2066 1419 memore
2081 1366 2114 1420 de
2138 1366 2192 1423 iliis
2207 1382 2271 1421 rere

1474 1464 1586 1520 quorum
1606 1450 1716 1520 justitia
1735 1451 1872 1518 meminit,
1890 1461 1917 1508 et
1949 1464 2118 1524 pcccatorum
2140 1456 2200 1512 sine
2222 1456 2272 1512 du-

1474 1540 1518 1596 bie
1551 1541 1733 1610 meminisset,
1755 1542 1777 1598 si
1798 1558 1850 1612 qua
1871 1557 1919 1599 eos
1940 1558 2066 1613 peccasse
2096 1546 2236 1601 sensisset.
2258 1566 2268 1599 s

1475 1630 1548 1685 Dicat
1562 1645 1627 1702 erqo
1646 1646 1699 1686 non
1714 1632 1875 1702 pertinuisse
1894 1633 1927 1688 ad
1946 1634 2076 1704 justitiam
2093 1644 2193 1691 tantam
2210 1639 2272 1693 iilo·

1474 1736 1534 1776 rum
1556 1721 1655 1789 iidem,
1678 1722 1723 1793 qui
1737 1738 1832 1793 magna
1854 1724 2020 1779 multitudine
2040 1726 2225 1797 precedentes
2243 1737 2272 1784 et

1474 1819 1668 1882 consequentes
1682 1827 1742 1867 cum
1763 1811 1885 1868 laudibus
1909 1813 2014 1869 Domini
2035 1816 2164 1884 asellum,
2187 1817 2271 1872 etiam

1474 1903 1543 1959 iuter
1558 1903 1702 1959 trementes
1722 1905 1805 1974 quare
1817 1903 1868 1960 hec
1883 1905 2001 1959 iacerent
2015 1905 2150 1971 inimicos,
2166 1906 2271 1961 clama·

1474 1994 1688 2061 muranenses,
1706 1994 1830 2050 numm
1847 1995 1902 2065 atro
1920 1978 2004 2050 basta
2019 1998 2047 2060 ¹‚·
2064 1998 2208 2053 sunericus
2226 2003 2270 2070 pu

1473 2087 1538 2141 osuit
1549 2086 1576 2141 in
1589 2088 1689 2141 notitiae
1706 2087 1811 2142 &mini
1825 2087 1931 2159 (detti.
1947 2104 2011 2155 ut,
2026 2088 2069 2159 d).
2088 2090 2192 2147 Audeat
2203 2106 2270 2163 erge

1474 2178 1563 2235 dicere
1577 2178 1644 2244 iste,
1663 2180 1687 2234 si
1710 2188 1813 2249 potest,
1828 2181 1962 2236 neminem
1982 2179 2064 2238 luisse
2087 2182 2113 2236 tn
2137 2191 2208 2238 tanta
2224 2184 2269 2239 illa

1474 2271 1661 2338 multitudine,
1679 2273 1723 2352 qui
1746 2272 1828 2327 ullum
1853 2272 1963 2328 baberet
1984 2273 2094 2329 omnino
2117 2283 2268 2344 peceatum.

1474 2361 1550 2430 Quod
1565 2362 1587 2416 si
1600 2362 1821 2417 absurdissimum
1833 2371 1875 2418 est
1887 2362 1992 2429 dicere,
2005 2378 2053 2418 cnr
2074 2364 2144 2421 nulia
2159 2374 2269 2433 peccata

1475 2468 1567 2508 eurum
1578 2452 1712 2522 Scriptura
1727 2454 1961 2518 commemorarit,
1977 2469 2037 2524 quae
2053 2462 2155 2509 tamtum
2168 2455 2268 2510 botrum

1476 2541 1536 2597 lidei
1549 2541 1667 2612 ipsorum
1680 2556 1892 2598 commemorare
1904 2542 2025 2598 curauit?

1510 2631 1553 2686 ll.
1567 2630 1620 2686 Sed
1634 2632 1685 2686 boe
1697 2632 1777 2687 etiam
1796 2630 1906 2687 forsitan
1919 2633 1979 2702 ipse
1989 2632 2069 2700 sitiit,
2085 2644 2112 2688 et
2123 2633 2183 2690 iden
2202 2634 2267 2689 sub-

1471 2721 1537 2790 iecit
1554 2729 1633 2791 atque
1650 2721 1707 2777 ait:
1728 2739 1737 2773 r
1755 2721 1807 2777 Sed
1825 2732 1900 2787 esto,
1923 2723 1982 2777 aliis
1997 2723 2161 2793 temporibus
2182 2724 2268 2779 turbae

1476 2813 1665 2868 numerositate
1683 2813 1801 2867 omnium
1821 2812 2027 2869 dissimulaverit
2046 2823 2153 2884 peccata
2173 2822 2268 2869 eontcss

1474 2917 1559 2957 rere:
1576 2903 1674 2972 inipso
1695 2904 1784 2958 statim
1799 2903 1890 2958 mundi
1914 2903 2075 2973 primordio,
2096 2904 2142 2959 ubi
2161 2904 2268 2960 rtonaisi

1475 3002 1587 3062 qumnar
1606 2993 1728 3048 homines
1749 3003 1841 3059 erant,
1864 2994 1946 3063 quid,
1966 3007 1975 3046 t
1992 2994 2091 3064 inquit,
2108 3012 2117 3046 r
2135 2994 2268 3063 diemde,

1474 3097 1522 3138 cnr
1532 3098 1585 3137 non
1597 3084 1716 3137 omnium
1730 3084 1844 3140 voluterit
1856 3084 1952 3140 deliem
1975 3085 2143 3141 memoraret
2157 3085 2268 3144 Utrun-

1475 3186 1508 3224 ne
1523 3171 1638 3241 ingentis
1660 3171 1835 3229 multitudiuis
1849 3189 1947 3242 eausa,
1970 3191 2030 3245 quae
2052 3175 2171 3231 nondum
2189 3176 2268 3231 erati

1475 3274 1518 3314 an.
1532 3262 1594 3330 qnia
1615 3261 1722 3317 illarum
1746 3271 1847 3319 tantum
1862 3266 1906 3335 qni
1924 3267 2114 3323 commiseram
2133 3268 2268 3338 mmnisit,

1475 3344 1543 3430 illins
1563 3365 1626 3406 reru
1638 3351 1683 3423 qui
1700 3352 1772 3407 nulla
1792 3354 1963 3410 contruserat
1973 3355 2130 3411 rnemiaisse
2144 3370 2198 3412 non
2218 3373 2268 3426 pu·

1475 3439 1543 3527 ‘liiii
1561 3459 1571 3493 r
1588 3439 1683 3498 Adbuc
1698 3443 1708 3474 ¹
1722 3442 1841 3512 adjungit
1853 3445 1950 3507 rerba,
1965 3444 2061 3514 quibus
2076 3445 2124 3499 ista
2135 3448 2269 3501 sententis

1474 3528 1584 3587 tiberius
1595 3540 1623 3588 et
1632 3533 1736 3603 planius
1745 3542 1897 3589 astruatur:
1911 3551 1921 3586 r
1938 3534 2048 3602 Certe-,r
2066 3535 2167 3605 inquit,
2184 3553 2194 3588 t
2211 3538 2267 3606 pri·

1474 3638 1518 3679 rue
1531 3623 1689 3693 intempore
1702 3624 1786 3680 ddum
1800 3634 1826 3680 et
1840 3625 1913 3693 Era,
1929 3641 1962 3682 ex
1976 3627 2072 3698 quibus
2086 3627 2151 3684 Cain
2162 3636 2190 3707 et
2200 3628 2268 3690 Abel

1474 3715 1528 3769 nati
1549 3723 1628 3781 sunt,
1650 3723 1763 3785 quatuor
1783 3726 1885 3773 tautum
1909 3718 2031 3776 itarrrines
2044 3719 2125 3775 tuisse
2147 3719 2269 3776 reterens·

1474 3815 1518 3861 tur
1531 3822 1539 3860 ι
1550 3807 1671 3885 peccarit
1680 3808 1745 3876 Era,
1755 3808 1892 3880 Scriptura
1902 3811 1953 3865 boc
1963 3811 2089 3880 prodidit,
2106 3811 2190 3867 Adam
2202 3827 2269 3882 qm·

1473 3911 1526 3968 que
1548 3897 1670 3968 deliquit,
1685 3898 1778 3955 eadem
1793 3899 1930 3971 Scriptura
1950 3915 2003 3957 narr
2017 3903 2098 3957 tacuit
2109 3899 2187 3973 (Gen.
2202 3904 2244 3973 tn)
2259 3921 2267 3958 ι

1473 3990 1521 4047 scd
1543 3999 1571 4046 et
1587 3988 1652 4046 Cain
1676 4006 1816 4062 peccasse,
1839 3993 1895 4063 ipsa
1919 4009 1995 4065 aeque
2017 3993 2153 4064 Scriptura
2173 4002 2269 4049 testata

1474 4092 1515 4139 est
1537 4082 1593 4153 (ld.
1618 4083 1655 4156 rr)
1682 4100 1825 4155 :quorum
1848 4100 1901 4141 uon
1924 4087 2005 4142 modu
2025 4096 2152 4157 peccata,
2173 4103 2268 4142 rerum

1473 4174 1554 4251 ctiam
1569 4183 1738 4245 peccatorum
1750 4176 1849 4230 indicat
1858 4177 2025 4246 qualitatem.
2036 4176 2112 4244 Quot
2125 4177 2148 4232 si
2161 4187 2189 4232 et
2201 4177 2268 4232 irtel

1474 4272 1626 4335 peccasset,
1647 4275 1674 4320 et
1685 4266 1735 4322 boc
1751 4266 1809 4322 sine
1821 4266 1902 4322 dubia
1914 4266 2051 4337 Scriptura
2071 4267 2204 4323 dixisset:
2221 4267 2269 4323 set

1474 4371 1527 4412 non
1540 4356 1625 4422 dirit;
1638 4373 1702 4428 erqo
1715 4373 1764 4413 uec
1783 4359 1826 4412 ille
1842 4363 1979 4427 peccarit,-
1997 4357 2059 4426 quin
2073 4360 2154 4415 ctiam
2166 4360 2268 4429 justum

1473 4448 1600 4505 ostendit.
1623 4448 1769 4504 Credamus
1791 4449 1871 4519 igitur
1893 4451 1964 4520 qnod
1996 4450 2124 4521 luximus,
2146 4458 2173 4506 'et
2196 4450 2267 4520 qdod

1474 4553 1528 4594 raon
1538 4537 1665 4608 legimus,
1680 4537 1753 4593 neias
1766 4538 1907 4594 credamus
1920 4549 2050 4595 astruere.
2068 4556 2079 4591 s

1509 4626 1622 4685 CAPUT
1636 4627 1779 4683 xxxiia.
1794 4659 1826 4669 -
1836 4628 1880 4684 ts.
1891 4628 1953 4684 Cain
1963 4646 1995 4683 ea
2003 4628 2056 4683 Eua
2066 4638 2146 4682 matre
2154 4630 2270 4700 peruret

1475 4736 1520 4774 rur
1534 4727 1649 4792 putatum
1660 4736 1676 4773 a
1687 4719 1837 4792 quibusdum
1859 4722 1947 4792 [ruerit.
1965 4719 2075 4775 Peccata
2083 4722 2231 4791 justorumt
2242 4730 2269 4776 α

1471 4811 1558 4880 justus
1571 4809 1628 4880 quir
1642 4825 1695 4863 esse
1708 4817 1731 4863 et
1748 4809 1802 4864 sine
1816 4819 1918 4880 peceato
1930 4825 1981 4863 reon
1992 4825 2048 4864 ‘erre
2060 4819 2150 4880 potest.
2165 4809 2197 4864 st
2208 4809 2270 4879 quid

1475 4904 1558 4959 minus
1570 4911 1606 4957 est
1618 4896 1759 4968 cumbatis,
1771 4918 1802 4956 es
1814 4903 1874 4956 uitio
1884 4913 1929 4957 est.
1939 4902 2001 4957 lice
2009 4902 2111 4968 (licens,
2121 4917 2216 4972 pmnrn
2227 4909 2270 4956 at·

1477 4978 1637 5067 tenditquod
1649 4996 1728 5066 paulo
1738 5005 1799 5052 aute
1808 4997 1863 5065 ipse
1871 4997 1984 5062 dixerat,
1996 5013 2006 5047 r
2017 4996 2072 5066 jam
2082 5004 2175 5050 exorta
2185 4993 2271 5069 rrrulti

1477 5089 1567 5144 tudine
1580 5088 1685 5158 generis
1705 5088 1829 5154 immani,
1843 5087 1926 5142 turbu
1946 5087 2137 5142 ttumcrositate
2151 5085 2271 5155 potuisse

1476 5181 1638 5252 Scripturam
1652 5172 1819 5236 dissimulare
1837 5179 1956 5234 ornrrinm
1970 5187 2077 5248 peccata
2090 5185 2269 5234 contexeret

1478 5271 1534 5327 llac
1553 5270 1624 5324 enirn
1643 5269 1666 5324 si
1685 5269 1751 5324 satis
1769 5269 1936 5334 attendisset,
1952 5267 2054 5324 rideret
2072 5267 2152 5322 etiam
2172 5266 2199 5320 in
2217 5277 2272 5320 utro

1478 5360 1585 5417 benninc
1601 5359 1703 5414 turbam
1719 5367 1746 5414 et
1758 5358 1955 5413 multitudinem
1971 5367 2140 5428 peccatorum
2159 5355 2272 5422 leuium,

1478 5450 1519 5505 rel
1535 5464 1586 5503 non
1602 5449 1738 5518 petuisse,
1754 5449 1797 5504 vel
1816 5450 1839 5504 si
1859 5451 1939 5505 etiarn
1960 5448 2060 5517 potuit,
2080 5462 2133 5502 nun
2147 5446 2273 5502 debuisse

1478 5539 1772 5612 cunscr·ilri.anuippe
1780 5540 2055 5611 scriptasnut,quibus
2062 5548 2089 5594 et
2096 5537 2273 5599 ntotlnsadlri·

1479 5631 1581 5688 bendm
1595 5631 1652 5697 tuit,
1668 5641 1695 5686 et
1714 5632 1805 5701 paneis
1822 5633 1953 5702 exemplis
1971 5630 2004 5685 ad
2021 5630 2104 5685 multa
2119 5631 2273 5684 necessaria

1480 5722 1752 5781 lectoriustruendus.
1769 5721 1834 5776 Nam
1845 5724 1986 5793 cumipsos
1996 5719 2201 5782 tantebumines,
2211 5719 2274 5775 lieet

1478 5817 1565 5871 adbuc
1575 5829 1683 5886 paucos,
1691 5824 1756 5884 quot
1765 5813 1807 5870 rel
1817 5815 1862 5885 qni
1873 5813 1979 5878 luerint,
1990 5813 2076 5878 idest,
2086 5811 2204 5866 bdamet
2217 5810 2273 5864 Era

1479 5916 1543 5978 quot
1555 5906 1626 5961 illios
1639 5915 1666 5961 et
1680 5905 1746 5959 illias
1761 5900 1971 5975 procreaverint,
1984 5903 2083 5974 etque
2097 5898 2149 5956 illis
2164 5895 2274 5960 renna

1480 5992 1654 6070 li'nparuerint
1669 5996 1807 6068 Scriptura
1818 5999 2034 6053 'commemorare
2052 5984 2170 6048 neiucri‘t
2182 5995 2193 6063 t
2203 5987 2275 6049 irride

1512 6158 1569 6206 ⁸su
1586 6158 1660 6206 etrus
1676 6161 1730 6206 ror.
1750 6163 1813 6216 uss,
1837 6162 1893 6204 cem
1914 6153 2027 6216 t·utgus;
2043 6159 2069 6200 u
2081 6148 2149 6214 nau,
2168 6133 2204 6213 da·
2224 6145 2276 6197 'uu-

1479 6219 1633 6354 fi‘sidss.
1649 6286 1675 6331 nt
1692 6286 1757 6342 ron,
1769 6280 1802 6330 att
1814 6279 1868 6329 itate
1885 6284 1931 6329 :et
1951 6275 2018 6337 taba,
2031 6273 2126 6339 plentina
2136 6286 2144 6333 ,·
2156 6284 2206 6335 pm,
2222 6271 2274 6341 W?
2291 6269 2293 6281 ¹

1479 6356 1542 6397 ratu.
