5592 7350
572 885 604 935 2t
1296 881 1487 941 caesano.
2187 886 2222 939 it

574 994 681 1053 lorum
697 991 870 1070 Augustini
884 1000 995 1052 contro
1014 990 1212 1071 Pelagianos)
1231 993 1411 1071 :siquidem
1424 994 1457 1054 ia
1476 992 1515 1055 iis
1532 992 1649 1071 piacita
1669 993 1930 1073 Pelagianorum,
1948 993 2097 1072 quamvis
2115 996 2217 1058 nonii

575 1076 677 1132 natim
688 1071 759 1130 illos
775 1086 840 1129 non
854 1069 1012 1147 appellet,
1031 1068 1172 1130 tunoicus
1186 1072 1312 1129 evertit.
1324 1066 1360 1132 ln
1376 1088 1525 1131 sermone
1537 1073 1595 1131 176
1608 1072 1762 1133 adversus
1773 1073 1900 1134 eosdem
1910 1072 2077 1150 disputans
2088 1074 2219 1143 :Nemes

573 1152 641 1220 ait,
656 1147 743 1209 cobis
756 1157 897 1209 susurret
907 1149 1067 1210 doctrinas
1080 1149 1209 1209 alicnus.
1224 1148 1295 1209 iloc
1308 1148 1454 1210 Ecclesia
1465 1149 1714 1227 semperiobuit,
1734 1168 1850 1229 semper
1869 1154 1968 1212 tenuit
1981 1173 1990 1219 ,·
2005 1150 2062 1211 icoc
2081 1172 2100 1212 u
2173 1154 2221 1214 'o-

573 1247 649 1287 rum
661 1227 719 1308 fide
729 1228 888 1305 percepit,
904 1227 962 1287 boc
978 1245 1070 1305 usque
1085 1227 1119 1286 in
1132 1229 1220 1307 finem
1234 1235 1465 1305 perseverante-r
1477 1227 1664 1288 custodit...
1681 1228 1817 1308 Quisque
1831 1246 1904 1308 erqo
1919 1229 2003 1307 quod
2021 1171 2223 1311 potestus·

576 1316 661 1372 tres,
688 1307 922 1384 loquutur-pro
951 1323 985 1365 eo
1013 1306 1068 1384 qui
1081 1305 1169 1384 loqui
1189 1322 1248 1383 pro
1275 1323 1306 1365 se
1327 1323 1391 1365 non
1415 1313 1528 1383 potest.
1559 1306 1624 1366 Pro
1650 1324 1760 1385 moqno
1786 1308 2038 1369 commendentur
2062 1309 2218 1388 episcopis

574 1384 771 1463 patrimonio
795 1384 1010 1463 pupillorum,
1035 1393 1153 1463 quanto
1172 1383 1269 1475 rnoqis
1286 1385 1390 1461 pretio
1399 1384 1606 1460 porotcloruru
1621 1385 1636 1443 i
1650 1384 1947 1463 Pupillumltuetnr,
1972 1386 2153 1466 episcopus,
2175 1406 2225 1449 ns·

576 1463 713 1523 mortuis
723 1462 908 1540 parentibus
921 1461 958 1523 nb
967 1464 1124 1525 retroneis
1138 1471 1335 1540 opprimatur
1350 1482 1360 1521 .·
1375 1460 1481 1523 clamet
1491 1463 1565 1540 plus
1576 1480 1636 1542 pro
1644 1464 1794 1542 porculo,
1807 1464 1857 1523 cui
1870 1465 1953 1525 timet
1963 1464 2231 1544 neoporentibus·

578 1542 745 1602 occidatur
761 1539 872 1618 (serm.
888 1540 957 1610 tro,
971 1559 1005 1601 n.
1020 1541 1065 1618 P).

622 1622 733 1680 Postea
748 1636 825 1679 vero
839 1637 936 1697 quam
948 1620 1152 1698 Pelagianam
1168 1618 1315 1679 heresim
1329 1618 1517 1696 aliquandiu
1532 1618 1605 1680 viva
1618 1636 1695 1680 voce
1711 1623 1794 1681 esset
1804 1638 1987 1712 aggressus,
2003 1622 2077 1682 stilo
2087 1640 2231 1700 quoquo·

578 1698 734 1759 adversus
750 1698 839 1759 illam
853 1699 1017 1759 decertare
1034 1699 1219 1774 compulsus
1235 1704 1293 1757 est.
1308 1698 1387 1758 Nam
1405 1697 1487 1756 idem
1499 1697 1550 1757 ille
1566 1698 1773 1759 Marcellinus
1783 1744 1791 1765 ,
1803 1717 1858 1777 qur
1873 1700 2034 1760 collationi
2046 1700 2218 1838 Cartbaqi-

579 1779 673 1837 ncnsi
688 1779 728 1837 ab
745 1777 889 1836 Honorio
908 1777 1100 1853 imperatore
1122 1777 1214 1836 datus
1235 1776 1340 1836 luerat
1359 1775 1553 1848 moderator,
1572 1795 1644 1837 eum
1659 1778 1805 1839 homines
1820 1796 1861 1838 ex
1879 1779 1932 1839 illa
1947 1778 2058 1839 lraeresi
2074 1782 2164 1856 quoti
2189 1781 2217 1843 ie

578 1857 794 1932 disputatores
808 1856 1050 1916 molestissimos
1070 1860 1245 1932 pateretur,
1261 1858 1372 1915 saneto
1382 1855 1510 1914 Doctori
1528 1873 1585 1931 per
1600 1855 1721 1917 litteras
1748 1858 1941 1933 questiones
1956 1875 2069 1918 eorum
2081 1875 2118 1919 ac
2131 1857 2218 1920 dilli-

578 1936 716 1995 cultates
735 1939 982 2011 proponens,ut
997 1935 1057 1994 sibi
1073 1935 1267 1993 solutionem
1280 1952 1391 1994 earum
1408 1934 1618 2011 significaret,
1636 1936 1827 1995 obsecrabat
1838 1936 1953 2073 (lrrqqo,
1967 1935 2003 1995 cle
2013 1935 2115 1997 Gestis
2127 1937 2218 1999 Pelo·

579 2014 636 2090 qii.
660 2031 692 2072 n.
715 2011 779 2091 23).
795 2013 852 2073 lice
868 2030 965 2090 porro
985 2014 1178 2090 quaestiones
1206 2013 1409 2089 potissimum
1437 2014 1623 2089 spectabant
1646 2012 1685 2073 ad
1703 2013 1872 2073 infantium
1915 2015 2088 2091 aptismum
2106 2035 2113 2073 e
2130 2014 2216 2080 circa

552 2108 560 2123 ·
578 2110 677 2168 qrrem
692 2097 722 2151 et
734 2109 849 2151 noram
864 2092 1077 2169 quorumdam
1093 2110 1131 2152 ex
1149 2091 1211 2151 illis
1227 2091 1456 2152 absurditatem
1482 2092 1673 2161 nuntiabat,
1691 2109 1753 2169 qua
1770 2092 1957 2156 faterentur.
1974 2095 2070 2154 etiam
2086 2094 2118 2154 in
2138 2111 2217 2170 par-

579 2172 664 2229 sulis
681 2188 737 2247 per
751 2171 949 2247 baptismum
966 2169 1185 2231 remissionem
1204 2168 1272 2230 lieri
1294 2175 1517 2247 peccatorum
1533 2186 1596 2230 non
1612 2175 1720 2229 tamen
1737 2188 1792 2231 eos
1808 2172 2018 2249 originaliter,
2036 2173 2136 2232 sedin
2153 2174 2218 2236 vita

576 2250 644 2327 jam
663 2249 810 2326 propria,
827 2254 1035 2326 posteaquam
1050 2249 1116 2309 nati
1130 2254 1223 2319 sunt,
1239 2253 1406 2325 peccatum
1419 2249 1537 2308 babere
1552 2249 1704 2324 coepisse,
1723 2249 1863 2309 dicerent
1880 2251 1999 2329 (infru,
2014 2250 2050 2310 de
2072 2251 2232 2313 recenso·
2321 2314 2328 2327 ,

578 2346 650 2386 rum
665 2329 793 2396 asseritis,
811 2346 842 2386 n.
852 2327 915 2408 oe).
935 2328 1134 2387 Admonebat
1148 2343 1296 2403 quoque,
1310 2343 1428 2387 norum
1445 2343 1576 2403 prorsus
1587 2332 1683 2402 atque
1699 2327 1877 2387 inauditum
1890 2347 2020 2388 sensum
2032 2330 2103 2390 illos
2117 2329 2217 2390 alfin-

579 2424 656 2484 gere
674 2405 761 2466 bisce
771 2407 915 2483 Apostoli
927 2406 1049 2478 verbis,
1064 2405 1126 2465 Per
1141 2404 1399 2464 uuunelsominem
1411 2413 1572 2483 peccatum
1587 2405 1718 2465 introvit
1731 2407 1763 2466 in
1773 2406 1976 2475 oriturarum
1987 2426 2045 2486 per
2055 2418 2217 2486 peccatum

578 2502 674 2542 mors.
694 2485 730 2544 Et
742 2486 891 2563 urgebat,
908 2490 943 2544 ut
953 2501 1008 2544 eos
1024 2485 1251 2560 redargueret,
1265 2483 1320 2559 qui
1336 2484 1568 2559 praedicabant,
1583 2483 1682 2544 Adam
1693 2530 1701 2557 ,
1712 2485 1836 2546 etiamsi
1854 2503 1918 2545 non
1930 2493 2104 2564 peccasset,
2118 2488 2216 2550 luisse

579 2565 796 2632 moriturum3
814 2581 871 2623 nec
887 2581 927 2621 cx
943 2562 1012 2640 ejus
1029 2570 1158 2639 peccato
1172 2561 1348 2638 quidquam
1359 2561 1398 2620 ad
1414 2560 1482 2637 ejus
1500 2567 1643 2636 posteros
1657 2580 1714 2638 pro
1729 2564 1863 2640 rugando
1879 2565 2051 2638 transisse;
2066 2573 2111 2637 et,
2128 2568 2215 2644 quod

580 2641 611 2699 in
628 2641 688 2700 bec
703 2642 765 2700 sita
781 2642 861 2708 sint,
877 2641 1013 2713 luerint,
1031 2640 1194 2717 iuturique
1209 2640 1271 2699 sint
1289 2638 1344 2698 stili
1372 2638 1538 2697 bominum
1563 2639 1689 2699 nullum
1726 2643 1868 2701 tabentes
1895 2644 2026 2703 omniuo
2049 2649 2214 2722 peccatum

581 2718 691 2790 trister..
702 2737 755 2778 na.
768 2718 830 2787 8,9,
840 2720 931 2798 sqq).
946 2720 1025 2780 Cum
1039 2737 1115 2797 ergo
1127 2717 1309 2796 hujusmodi
1321 2717 1550 2793 quaestionibus
1555 2718 1620 2795 jam
1633 2735 1867 2795 usquequaque
1880 2719 2074 2783 terrentibus
2090 2724 2215 2784 animos

580 2800 758 2858 nutritorum
778 2798 920 2857 infirmos
935 2798 1115 2875 perturbari
1138 2803 1282 2857 cerneret
1298 2797 1517 2873 Augustinus,
1535 2813 1600 2855 uon
1617 2796 1710 2854 modo
1725 2796 1910 2857 amicissimi
1934 2800 1995 2858 riri
2013 2807 2145 2877 rogatu,
2162 2804 2216 2864 sed

579 2877 678 2937 etiam
695 2878 908 2937 sollieitudine
928 2894 994 2937 suae
1009 2892 1084 2955 erga
1097 2875 1273 2936 Ecclesiam
1288 2874 1453 2934 charitatis
1469 2873 1643 2945 adductus,
1665 2875 1765 2935 libros
1783 2874 1820 2935 de
1831 2878 2035 2937 Peccatorum
2051 2880 2172 2942 Meritis
2186 2888 2219 2942 et

582 2954 781 3015 demissione
792 2957 992 3032 conscripsit.
1006 2956 1055 3015 Sic
1071 2956 1155 3014 enim
1170 2972 1224 3014 eos
1240 2955 1272 3014 in
1288 2954 1578 3013 liotractationibus
1596 2958 1761 3030 nuncupat
1775 2953 1925 3031 (lletroct.
1942 2954 1997 3016 lto.
2012 2956 2043 3027 Ξ,
2059 2975 2127 3036 cop.
2141 2959 2193 3037 33)
2207 2981 2214 3018 :

581 3034 659 3093 alibi
674 3040 799 3106 autem,
815 3035 853 3094 do
866 3036 1026 3111 baptismo
1046 3033 1277 3102 Parvulorum3
1292 3048 1358 3109 quo
1372 3032 1470 3092 etiam
1494 3032 1586 3091 titulo
1605 3031 1732 3092 eosdem
1746 3032 1855 3093 laudat
1865 3033 2080 3114 Hieronymus
2098 3037 2216 3116 (lnsro,

519 3116 535 3168 ζ
581 3112 724 3190 Append.
735 3113 1051 3191 portetlthuidcm
1062 3111 1316 3191 equastionibus
1331 3127 1350 3172 a
1363 3110 1550 3172 Alarcellino
1565 3111 1737 3188 propositis
1752 3113 1914 3189 proecipua
1930 3114 1996 3173 liceo
2010 3118 2095 3186 erat;
2113 3133 2218 3195 nequo

581 3199 807 3269 argumentum
822 3192 951 3253 aliunde
967 3192 1101 3252 validius
1116 3192 1217 3252 ullum
1233 3207 1330 3267 qnam
1346 3208 1386 3251 ex
1403 3190 1613 3267 parvulorum
1628 3190 1789 3267 baptismo
1806 3192 1867 3267 peti
1888 3196 2029 3269 poterat,
2046 3193 2085 3253 ad
2103 3199 2218 3255 osten-

580 3270 732 3341 dendum,
744 3271 829 3347 quod
844 3271 999 3331 adversus
1014 3270 1200 3348 Pelagianos
1213 3272 1374 3334 tuebatur,
1387 3268 1544 3345 originale
1557 3274 1733 3346 peccatum.
1746 3269 1781 3329 ld
1794 3270 1900 3346 operis
1915 3271 2017 3332 eidem
2030 3272 2228 3335 Marcellino
2295 3297 2301 3312 .

581 3350 721 3485 dicpvit:
740 3349 824 3485 qnde
850 3349 884 3410 iet
909 3355 944 3410 ut
967 3350 1161 3428 quandoque
1186 3366 1261 3410 suos
1290 3348 1328 3410 ad
1349 3347 1571 3409 Marcellinum
1596 3348 1694 3407 libros
1723 3356 1830 3421 vocet,
1853 3349 1951 3410 aliam
1975 3349 2219 3429 inscriptionem

583 3445 628 3486 nu
643 3431 706 3487 iam
721 3445 739 3487 a
760 3429 885 3504 jiciens.
2188 3498 2192 3505 ¹

622 3506 719 3566 Libro
737 3508 839 3584 primo
852 3510 965 3584 probat
979 3513 1113 3569 mortem
1129 3507 1267 3568 bominis
1286 3524 1351 3569 non
1367 3506 1556 3568 necessitate
1575 3510 1700 3567 naturae
1714 3512 1918 3568 consecutam
1932 3525 2002 3570 esse
2014 3553 2022 3578 ,
2035 3507 2090 3570 sed
2104 3509 2217 3571 merito

584 3586 707 3724 peceati
723 3605 731 3643 ι
751 3594 817 3645 tuns
832 3589 927 3648 etiam
942 3595 1071 3666 peceato
1087 3587 1162 3648 Adae
1177 3590 1275 3647 totam
1289 3586 1357 3665 ejus
1373 3586 1505 3663 stirpem
1519 3585 1710 3663 obligatam
1724 3589 1820 3662 atque
1831 3588 1872 3646 ob
1883 3586 1915 3647 ib
1926 3588 2081 3665 baptizari
2096 3606 2219 3665 persua

597 3682 634 3724 os
646 3710 654 3733 ,
668 3670 705 3725 ut
716 3665 883 3744 originalis
907 3667 1028 3746 peccati
1051 3668 1273 3728 remissionem
1294 3666 1463 3744 accipiant.
1476 3665 1613 3743 Legerat
1630 3665 1727 3726 unius
1747 3664 1912 3745 eujusdam
1928 3685 1968 3727 ex
1983 3667 2163 3747 Pelagianis
2177 3668 2220 3729 li-

584 3745 679 3805 brum
691 3788 698 3814 ,
709 3762 746 3805 ea
758 3748 974 3807 continentem
988 3764 1060 3823 quur
1073 3748 1113 3807 ab
1128 3748 1222 3825 liujus
1234 3744 1481 3822 operisexorclio
1492 3744 1643 3821 usquead
1659 3749 1755 3821 eaput
1768 3745 1967 3824 trigesimum
1980 3754 2132 3823 quartum
2142 3748 2217 3809 libri

585 3823 678 3913 primi
696 3824 811 3884 reiellit
824 3824 939 3905 (lnsro,
955 3825 992 3886 de
1003 3826 1204 3885 Peccatorurn
1215 3825 1353 3891 Meritis,
1368 3842 1401 3885 n.
1417 3822 1481 3902 63).
1498 3824 1534 3882 ln
1547 3823 1629 3882 libro
1645 3823 1785 3884 secundo
1797 3824 1888 3885 docet
1896 3824 2219 3901 primum,tromioem

585 3919 619 3961 rn
643 3902 702 3962 bac
718 3904 781 3964 rita
796 3904 866 3965 sine
882 3911 1011 3982 peccato
1025 3921 1096 3964 esso
1111 3923 1206 3983 posse
1220 3922 1277 3980 per
1290 3904 1347 3964 Dei
1363 3903 1499 3982 gratiam
1524 3906 1556 3962 ct
1576 3901 1715 3962 liberum
1740 3903 1840 3979 ipsius
1869 3903 2008 3963 bominis
2035 3905 2216 3966 arbitrium.

583 3981 701 4041 Postea
715 3987 888 4053 monstrat,
906 4000 969 4043 non
982 4000 1053 4043 csse
1070 3987 1176 4043 tamen
1191 3998 1386 4060 quemquam
1399 3982 1433 4041 in
1460 3980 1520 4040 bac
1534 3979 1598 4041 vita
1612 3981 1681 4041 sine
1696 3981 1763 4040 ullo
1776 3997 1908 4058 prorsus
1930 3987 2072 4057 peccato
2091 3983 2218 4053 'semim

584 4060 658 4120 ideo
669 4077 733 4120 non
748 4078 836 4134 esse,
849 4063 926 4139 quia
940 4079 1034 4122 nemo
1051 4067 1099 4122 est
1114 4062 1168 4138 qui
1182 4063 1305 4122 tantum
1321 4061 1413 4133 velit,
1427 4063 1585 4136 quantum
1602 4077 1654 4120 res
1670 4058 1786 4136 exigit,
1801 4059 1876 4119 dum
1891 4060 1939 4120 vel
1956 4059 2031 4121 latet
2043 4061 2128 4138 quod
2142 4061 2220 4139 jus-

583 4146 654 4198 tum
668 4148 732 4208 est,
749 4140 798 4200 rel
810 4157 873 4199 non
888 4140 1023 4201 delectat
1038 4139 1152 4200 lacere.
1168 4141 1290 4213 Quarto
1302 4139 1429 4199 demum
1442 4139 1530 4207 loco,
1545 4138 1670 4198 nullum
1686 4154 1839 4215 prorsus,
1856 4144 1992 4215 excepto
2013 4157 2079 4200 uno
2094 4141 2220 4202 biedia·

582 4217 663 4278 dore
676 4217 816 4288 Christo,
835 4237 925 4289 esse,
942 4220 990 4279 vel
1003 4218 1099 4279 luisse
1110 4263 1117 4286 ,
1129 4220 1178 4280 rel
1193 4218 1334 4277 loturum
1349 4234 1420 4278 esse
1435 4216 1596 4276 bominem
1611 4218 1651 4276 ab
1663 4215 1749 4275 omni
1764 4219 1894 4291 peceato
1909 4216 2095 4278 immunem.
2105 4219 2218 4279 Paucis

584 4303 659 4373 post
676 4296 786 4358 diebus
801 4315 898 4375 quam
910 4298 1092 4376 superiores
1105 4297 1185 4358 duos
1196 4297 1295 4357 libros
1311 4292 1516 4367 absolvisset,
1532 4295 1749 4372 expositiones
1762 4295 1881 4373 Pelagii
1894 4294 1927 4354 in
1943 4295 2077 4356 Paulum
2092 4300 2217 4367 nactus,

584 4376 619 4435 in
631 4376 670 4436 iis
685 4376 993 4454 argumentationem
1008 4376 1180 4453 quamdam
1192 4391 1308 4435 novam
1323 4374 1476 4435 adversus
1490 4373 1648 4453 originale
1663 4377 1829 4451 peccatum
1842 4373 1980 4450 reperit,
1999 4391 2097 4451 quarn
2114 4375 2173 4453 ipsi
2186 4376 2219 4436 in

584 4459 724 4514 urentem
742 4472 806 4515 non
821 4460 952 4517 venerat
970 4471 1065 4532 posse
1078 4455 1255 4533 excogitari
1277 4469 1473 4531 equoquam
1486 4471 1494 4511 ι
1506 4469 1579 4529 quae
1591 4451 1719 4530 quidem
1736 4469 1755 4514 a
1771 4451 1899 4531 Pelagio
1914 4469 1979 4513 non
1994 4471 2035 4513 ex
2062 4470 2122 4515 sua
2148 4471 2228 4532 per·

584 4550 667 4594 sona
679 4577 687 4602 ,
699 4533 752 4594 sed
769 4539 924 4612 tanquam
938 4537 979 4595 e'x
994 4535 1099 4596 aliena
1114 4535 1304 4611 [torrebatur.
1317 4533 1400 4606 Quia
1410 4546 1486 4592 vero
1500 4532 1623 4609 priores
1639 4531 1702 4590 duo
1719 4530 1793 4590 libri
1807 4530 1846 4592 ad
1861 4530 1990 4591 modum
2005 4539 2097 4592 erant
2111 4531 2221 4611 legiti-

584 4630 673 4671 mum
689 4612 829 4689 perducti
840 4658 849 4684 ‚
862 4619 892 4673 et
904 4613 972 4692 jam
982 4618 1069 4674 certo
1085 4612 1146 4673 fine
1157 4611 1317 4684 conclusi,
1330 4610 1447 4672 idcireo
1459 4610 1538 4669 nibil
1549 4610 1612 4670 illis
1623 4609 1802 4671 addendum
1817 4614 1918 4679 ratus,
1930 4610 2097 4687 epistolam
2107 4611 2146 4670 de
2158 4611 2220 4673 bac

586 4708 620 4751 re
635 4692 797 4767 propriam
812 4692 850 4752 ad
865 4692 1011 4753 nunidem
1027 4691 1250 4754 Marcellinum
1263 4691 1403 4751 seribere
1419 4690 1519 4751 satius
1534 4689 1674 4767 putavit,
1685 4704 1784 4765 quam
1795 4687 1878 4748 tertii
1894 4687 1966 4747 libri
1982 4689 2220 4751 instarduobus

586 4770 697 4847 primis
711 4772 878 4831 annexuit.

625 4872 782 4934 Libellum
793 4891 811 4935 a
822 4874 969 4937 Coelestio
980 4877 1102 4955 synodo
1119 4876 1365 4955 Carthaginensi
1380 4876 1524 4936 oblatum
1537 4875 1620 4936 baud
1636 4877 1772 4937 obscure
1787 4876 1950 4938 indicatio
1969 4877 2050 4939 libro
2066 4875 2218 4939 seeundo

584 4952 706 5011 Verum
717 4953 835 5014 elarius
851 4954 1019 5031 profitetur
1034 4958 1097 5017 alio
1111 4955 1183 5016 loco
1198 4955 1349 5034 (listroct.
1364 4954 1457 5028 tion,
1470 4972 1537 5046 cop.
1549 4955 1613 5036 33),
1627 4973 1661 5017 se
1678 4960 1751 5033 post
1764 4955 1841 5016 illud
1857 4956 2038 5036 episcopale
2046 4956 2216 5036 judicium,

586 5047 653 5108 quo
670 5028 836 5092 Ccelestius
861 5036 1226 5095 excommunicationem
1247 5039 1428 5106 meruerat,
1452 5034 1619 5111 scripsisse
1642 5035 1703 5096 hoe
1720 5052 1821 5112 opus,
1837 5051 1924 5097 anno
1940 5036 2086 5098 videlicet
2099 5034 2216 5096 Christi

585 5108 904 5187 quadringentesimo
930 5112 1128 5184 duodecimo,
1145 5114 1213 5172 Non
1240 5119 1346 5173 tamen
1372 5117 1430 5173 aut
1457 5113 1636 5192 Pelagium,
1669 5118 1725 5174 aut
1750 5113 1954 5189 Ccelestium,
1977 5115 2155 5177 aulalium
2180 5132 2217 5173 ex

586 5188 777 5250 acls’ersariis
797 5191 981 5268 quempiam
997 5193 1141 5251 nouunat
1152 5192 1183 5250 in
1198 5191 1307 5267 primis
1319 5192 1427 5264 libris,
1444 5209 1500 5269 spe
1513 5192 1664 5252 nimirum
1676 5192 1789 5253 ductus
1805 5210 1860 5254 eos
1874 5195 1913 5255 ad
1930 5212 2041 5256 sanam
2055 5193 2147 5253 fidem
2161 5191 2220 5254 bac

587 5266 805 5328 moderatione
829 5270 1011 5331 revocandi.
1041 5271 1126 5344 Quia
1150 5270 1246 5331 etiam
1271 5271 1421 5331 intortio
1446 5271 1547 5344 libro,
1564 5288 1637 5331 curn
1664 5271 1718 5332 illa
1741 5272 1990 5352 redarguitquco
2014 5273 2161 5350 Pelagius
2185 5269 2217 5330 in

586 5351 653 5404 suis
666 5349 903 5484 qpmmentariis
920 5354 1030 5410 contra
1049 5354 1214 5427 peceatum
1236 5349 1394 5429 originale
1409 5350 1603 5426 protulerat,
1629 5368 1703 5409 erem
1729 5367 1793 5410 eron
1818 5352 1942 5412 dubitat
1956 5349 2219 5411 honorificentius

587 5442 668 5501 appe
694 5444 760 5485 are.

626 5525 750 5587 Laudat
772 5527 988 5606 Hieronymus
1018 5531 1189 5608 Augustini
1206 5532 1244 5592 acl
1271 5532 1603 5603 blarcellinum,eum
1634 5536 1689 5612 qui
1716 5541 1843 5612 posteo,
1865 5541 1900 5594 ut
1924 5535 1989 5607 ait,
2018 5533 2075 5595 snb
2101 5533 2223 5597 invidio

588 5605 766 5683 tyrannidis
792 5606 990 5668 lleroclionor
1018 5608 1055 5669 ab
1084 5610 1236 5670 hereticis
1257 5609 1454 5699 (Donatistis
1480 5611 1633 5690 scilicet),
1653 5630 1740 5673 anno
1754 5613 2070 5692 quadringentesimo
2097 5612 2221 5675 decimo

589 5684 699 5754 tertio,
717 5684 864 5745 innocens
880 5704 974 5746 cesus
995 5697 1055 5756 ost,
1071 5689 1148 5750 duos
1163 5688 1260 5750 libros
1288 5689 1324 5750 de
1351 5690 1532 5772 Insontibus
1560 5690 1776 5770 baptizandis,-
1799 5701 1826 5753 et
1851 5694 1977 5753 tertium
2004 5690 2045 5751 od
2072 5691 2218 5756 eumdem.

587 5771 698 5822 contro
714 5782 763 5823 eos
777 5764 832 5843 qni
844 5764 971 5831 dicunt,
988 5766 1082 5827 Posse
1097 5764 1249 5829 bominem
1264 5769 1329 5830 sine
1345 5780 1470 5848 peccato
1486 5789 1560 5838 esse,
1588 5772 1617 5832 si
1642 5770 1729 5838 sciit,
1761 5769 1873 5848 ubsque
1900 5769 1957 5831 Dei
1979 5771 2082 5848 qratia
2099 5771 2213 5852 tlnsro.

589 5841 727 5919 Appcnd.
744 5851 836 5921 parte
851 5842 896 5922 2).
912 5845 1001 5907 Dicta
1014 5847 1172 5924 exprimo
1188 5847 1272 5908 libro
1284 5849 1431 5925 quaedum
1454 5858 1640 5926 retorquere
1651 5850 1683 5910 iu
1703 5850 1918 5926 Augustinum
1937 5850 2042 5926 ipsum
2061 5850 2220 5912 nitebatur

586 5919 733 6062 quqlqaqus
749 5920 865 6061 qlnsro,
873 5935 992 6078 6oppono
1006 5926 1186 5996 tutta-nun,
1201 5926 1255 5988 lib.
1270 5925 1300 6002 5,
1314 5944 1347 5986 n.
1359 5925 1397 5987 bi
1410 5949 1418 6003 ;
1433 5926 1487 5988 lib.
1503 5929 1534 6001 o,
1548 5947 1580 5988 u.
1596 5928 1653 6000 os;
1668 5937 1695 5987 et
1709 5927 1820 6005 Operis
1831 5928 2002 6009 imperfecti
2019 5937 2131 5990 contro
2142 5947 2222 5990 eum·

614 6046 621 6058 ,
661 6046 668 6068 ,
731 6021 861 6081 .,eop.
931 6047 938 6062 .

627 6100 725 6160 Porro
738 6099 814 6161 dum
829 6103 998 6180 epistolam
1011 6104 1098 6166 illam
1111 6106 1150 6167 ad
1164 6105 1386 6168 Marcellinum
1399 6106 1525 6167 duobus
1537 6106 1628 6166 libris
1644 6106 1683 6168 de
1699 6106 1863 6183 Baptismo
1874 6108 2085 6169 Parvulorum
2101 6107 2223 6187 adinn-

588 6178 724 6257 gendam
740 6180 897 6243 scriberet
912 6188 1041 6245 sanctus
1054 6186 1174 6246 Doctor
1195 6185 1321 6264 (Epist.
1337 6185 1415 6260 139,
1430 6204 1463 6245 n.
1479 6186 1531 6265 3),
1550 6185 1645 6246 simul
1667 6187 1765 6246 etiam
1781 6193 1857 6247 tune
1871 6187 1904 6247 in
1920 6188 2070 6249 rrranibus
2087 6187 2224 6248 babebat

589 6259 720 6328 librum,
739 6277 798 6330 seu
812 6262 981 6339 epistolam
996 6263 1035 6324 ad
1052 6263 1253 6326 Honoratum
1269 6264 1394 6343 (Epist.
1412 6263 1486 6340 lib)
1501 6308 1509 6333 ,
1524 6263 1562 6324 de
1577 6265 1810 6341 quaestionibus
1826 6268 1919 6327 abeo
1935 6267 2107 6345 propositis
2122 6265 2222 6342 quin·

589 6355 670 6413 que;
684 6339 804 6419 quibus
821 6347 947 6403 sextam
962 6343 1039 6421 ipse,
1061 6353 1093 6406 ut
1109 6360 1209 6407 noros
1224 6344 1388 6407 lioreticos
1402 6345 1513 6425 gratia
1528 6345 1583 6405 liei
1602 6344 1750 6410 inimicos
1771 6346 2006 6426 impugnaret,
2019 6343 2240 6417 amissisemus
