5592 7350
509 939 558 994 223

510 1049 608 1110 amitit
623 1049 677 1106 mei
692 1059 772 1122 atque
784 1051 943 1119 uoluntatis,
958 1064 1066 1105 necesse
1080 1056 1121 1104 est
1142 1062 1183 1103 tac
1197 1058 1303 1116 semper

510 1140 578 1211 loqui
602 1155 704 1212 posset
730 1149 757 1196 et
781 1142 803 1196 si
825 1141 936 1196 tolneto
961 1155 1014 1215 non
1040 1154 1117 1210 posse
1141 1138 1211 1209 loqui
1249 1152 1302 1191 aen

511 1246 617 1305 possam
633 1240 790 1287 tamennon
804 1231 985 1302 posseloqui,
1000 1230 1049 1285 nisi
1070 1228 1138 1284 forte
1152 1244 1194 1283 me
1243 1242 1303 1283 ram

511 1324 572 1380 lllud
584 1324 715 1393 adimam,
729 1340 782 1396 qne
795 1324 921 1395 loquendi
936 1323 1040 1393 impleri
1055 1321 1170 1377 officium
1185 1331 1280 1392 potest.
1292 1339 1302 1373 ι

511 1417 588 1473 lltdta
603 1400 714 1487 quidem
737 1417 788 1471 dlci
814 1424 931 1485 possent,
953 1414 1060 1484 quibus,
1083 1413 1105 1468 si
1120 1413 1201 1478 t‘elit,
1225 1411 1305 1467 bomo

512 1508 610 1563 adimat
634 1507 686 1562 sibi
717 1506 920 1577 possibilitatem
946 1503 1081 1573 loquendi,
1101 1518 1156 1557 non
1180 1501 1305 1572 adempto

513 1600 557 1655 illo
572 1598 762 1667 membraque
777 1598 919 1667 loquimar.
939 1596 1013 1650 Velut
1026 1594 1048 1649 si
1063 1593 1160 1664 aliquid
1176 1593 1221 1647 flat
1235 1593 1305 1647 unde

512 1706 562 1745 rttx
588 1691 646 1759 ipsa
674 1689 791 1754 tolmtur,
817 1688 887 1756 loqui
913 1701 990 1739 tremo
1015 1686 1114 1755 poterit
1137 1682 1306 1738 manentibus

514 1780 641 1835 membris
663 1797 670 1832 :
694 1794 748 1833 nou
772 1779 843 1834 enim
858 1793 908 1831 aaa
933 1775 1048 1830 bominis
1071 1773 1220 1829 membrum
1243 1780 1304 1826 est:

514 1881 609 1927 renato
631 1885 697 1925 sane
720 1870 809 1939 aliquo
828 1868 958 1922 interiore
979 1865 1099 1920 membro
1114 1865 1121 1896 ¹
1134 1863 1191 1919 fleri
1208 1871 1305 1933 potest,

514 1977 565 2016 aon
587 1960 725 2031 adempto.
748 1959 799 2014 Sed
815 1974 848 2013 ae
862 1957 943 2012 aerbo
961 1971 1083 2026 premere
1103 1953 1209 2020 ridear,
1230 1953 1308 2007 niilti-

513 2068 565 2122 que
577 2051 750 2106 contentiose
768 2050 885 2114 dicatur,
900 2048 984 2102 Etiam
997 2061 1094 2101 vexare
1110 2045 1227 2099 adimere
1247 2054 1305 2097 est:

514 2157 659 2212 possumus
672 2140 779 2211 quidem
795 2139 820 2193 id
832 2140 938 2194 efficere
951 2148 977 2193 et
992 2153 1040 2192 ore
1053 2137 1184 2208 aliquibus
1197 2135 1308 2190 vinealis

513 2234 552 2288 sic
565 2232 661 2286 clattso
681 2241 760 2301 atque
774 2231 910 2294 obscrato,
924 2238 953 2284 at
972 2230 998 2285 id
1018 2229 1121 2299 aperire
1142 2228 1251 2283 minime
1264 2243 1309 2282 ta·

513 2322 639 2387 leamas,
659 2338 746 2393 neque
760 2330 787 2376 ut
807 2323 941 2391 aperiatur
962 2323 1093 2376 innostra
1115 2322 1149 2376 sit
1166 2329 1307 2390 potestate,

514 2427 575 2467 cam
595 2414 623 2466 in
644 2420 777 2482 potestate
791 2411 871 2466 fuerit
891 2420 918 2464 ut
938 2410 1105 2464 clandetetnr
1122 2422 1246 2465 manaae
1267 2410 1308 2464 in-

515 2503 640 2573 tegritate
655 2513 685 2556 ct
699 2502 811 2555 sanitate
827 2501 1018 2555 membrorum.

550 2592 667 2649 CAPUT
683 2590 773 2646 xuvt.
783 2592 871 2647 -5d.
882 2590 1024 2646 Necessitas
1033 2607 1083 2645 aon
1093 2599 1188 2663 pttpnnt
1198 2608 1255 2647 cam
1266 2609 1310 2646 nr·

517 2683 1309 2756 litrioeolantotia.Scdquidadnoslllideamusqniletinde

517 2784 643 2832 contem
655 2793 662 2829 :
674 2775 919 2829 tVoitattaliscttim
928 2774 1168 2846 arbitrio,sinquit,
1181 2796 1189 2827 t
1202 2790 1234 2831 ae
1244 2775 1311 2831 deli·

517 2867 657 2922 horatione
671 2866 788 2936 privatur
798 2906 805 2930 ,
815 2864 941 2935 quidquid
955 2865 1067 2919 naturali
1081 2866 1240 2921 necessitate
1250 2881 1311 2922 con·

518 2960 693 3029 mingitur.»
711 2958 743 3012 Et
756 2956 800 3012 bie
818 2956 943 3011 nonnulla
955 2956 1067 3025 quaestio
1079 2965 1129 3011 cst.
1149 2957 1200 3013 Per
1210 2956 1281 3012 enim
1299 2961 1309 2990 ¹

518 3052 663 3107 absnrdam
688 3059 740 3112 est,
766 3048 879 3104 ntideo
904 3048 1023 3104 dicamas
1047 3064 1099 3103 nun
1122 3049 1256 3119 pertinere
1277 3050 1309 3103 ad

520 3142 682 3197 veluntatem
703 3148 822 3195 nostram
841 3138 911 3209 qnod
933 3138 1003 3193 beati
1023 3139 1230 3204 essevolumus,
1249 3141 1310 3211 qnia

520 3233 546 3286 id
562 3232 675 3287 omnino
689 3230 760 3285 nolle
782 3246 834 3283 non
855 3244 1006 3299 passumus,
1027 3229 1117 3284 neseio
1129 3245 1180 3300 qna
1195 3240 1222 3285 et
1242 3230 1309 3285 bona

520 3323 710 3377 construetione
741 3329 841 3375 naturae
865 3339 872 3376 :
895 3336 944 3376 aec
970 3321 1057 3376 dicere
1082 3320 1225 3387 attdetans,
1252 3323 1311 3376 ideo

522 3413 603 3467 fleam
625 3428 679 3467 non
693 3412 865 3477 uoluntatem,
880 3411 926 3466 sed
948 3411 1132 3467 necessitatem
1152 3410 1251 3466 babae
1266 3413 1310 3481 ja-

522 3506 611 3569 stitia,
623 3505 685 3573 qaia
699 3518 751 3557 nou
768 3511 856 3572 potest
869 3502 936 3557 aelle
948 3516 1068 3571 peceare.

554 3595 670 3653 CAPUT
690 3594 793 3651 xtltt.
813 3624 849 3635 -
870 3595 914 3650 55.
936 3593 1008 3647 Ideot
1032 3603 1154 3648 tractatur
1175 3609 1311 3665 arpttrrtcn·

523 3698 582 3742 ιιιιιι.
596 3687 734 3743 Attendite
746 3687 826 3742 etiam
840 3701 899 3756 qam
912 3693 1075 3755 sequautur:
1091 3704 1100 3736 t
1114 3685 1179 3750 lloc,
1194 3704 1204 3738 ι
1218 3685 1311 3754 iaqait,

526 3800 534 3832 ι
547 3791 573 3836 et
586 3780 622 3835 de
634 3779 737 3843 attditu,
749 3777 872 3844 odoratu,
888 3777 929 3830 ael
945 3776 1001 3831 visu
1017 3776 1107 3830 sentiri
1122 3775 1248 3847 possibile
1261 3786 1311 3840 cst,

523 3871 591 3939 qnod
604 3869 717 3936 audire,
730 3867 855 3931 odorari,
871 3867 962 3921 ridere
983 3866 1120 3935 potestatis
1142 3874 1239 3920 nostra>
1259 3867 1312 3932 sit;

524 3973 681 4028 passerem
700 3958 803 4020 andire,
820 3958 863 4012 tel
878 3955 995 4021 odorari,
1012 3955 1054 4010 tel
1068 3955 1156 4010 ridere
1176 3957 1313 4025 potestatis

524 4060 623 4104 nestrae
634 4064 688 4104 non
700 4048 745 4114 sit,
758 4048 803 4103 sed
817 4050 842 4102 in
855 4048 967 4102 naturali
981 4047 1139 4102 necessitate
1149 4046 1287 4100 consistat.
1302 4066 1310 4098 ι

526 4142 575 4194 dut
589 4154 640 4210 ego
656 4154 711 4194 nott
733 4139 852 4209 intelligo
866 4138 927 4209 qaid
940 4137 1020 4204 dicat,
1036 4149 1081 4193 aut
1094 4138 1160 4207 ipse.
1174 4137 1314 4205 Quomodo

522 4231 593 4284 enim
610 4232 636 4284 in
650 4238 782 4300 potestate
794 4240 883 4283 nostra
899 4245 950 4283 non
966 4238 1007 4283 est
1019 4228 1124 4282 videndi
1140 4228 1313 4297 possibilitas,

521 4323 544 4377 si
568 4323 598 4376 ia
621 4331 753 4394 poa-state
777 4332 867 4377 nostra
889 4331 1003 4376 est-non
1028 4320 1132 4376 videndi
1157 4323 1312 4386 necessitas,

520 4414 584 4482 qaia
608 4413 634 4466 ia
659 4421 788 4482 potestate
812 4422 852 4467 est
871 4413 987 4478 cacitas,
1001 4426 1051 4482 qna
1072 4412 1097 4467 id
1119 4413 1204 4481 ipsunt
1225 4413 1315 4469 nidere

522 4520 604 4575 pesse
633 4506 728 4571 nobis,
756 4506 779 4559 si
803 4508 941 4568 volumus,
966 4505 1140 4561 adimamus?
1175 4507 1315 4575 Quomodo

522 4606 613 4651 satem
641 4597 668 4651 in
688 4605 820 4668 potestate
846 4605 935 4651 nostra
963 4607 1002 4652 est
1025 4596 1122 4662 nidere,
1147 4598 1170 4652 si
1192 4599 1312 4663 aelianus,

519 4703 583 4742 cam
604 4687 685 4742 ctiam
705 4687 777 4741 saltn
797 4688 946 4758 integritate
968 4696 1068 4741 natura.
1087 4689 1206 4758 corporis
1224 4688 1315 4743 oculo-

520 4795 637 4849 rttmque
659 4789 822 4845 nostratum,
845 4794 894 4834 nec
913 4779 1033 4834 tolentes
1055 4778 1146 4834 videre
1168 4779 1312 4849 possimus,

519 4872 580 4922 sire
601 4883 651 4938 per
670 4878 774 4922 noctem
794 4868 1009 4937 luminibusque
1025 4865 1315 4922 forinsecusedbiben-

521 4969 565 5015 lar
584 4961 727 5030 ademptis,
748 4962 803 5013 site
825 4975 873 5014 nos
893 4959 1031 5030 qaisquam
1051 4960 1076 5014 in
1100 4959 1239 5015 tenebroso
1256 4960 1315 5015 loco

520 5051 615 5120 aliquo
633 5049 771 5104 includatf
792 5049 856 5104 ftetn
876 5049 898 5103 si
918 5050 988 5120 qaod
1010 5049 1100 5104 audite
1121 5064 1260 5120 possumus
1274 5051 1314 5104 acl

522 5157 577 5195 non
602 5156 760 5210 possamus,
777 5141 803 5194 in
822 5147 910 5194 nostra
926 5147 1057 5209 potestate
1078 5154 1131 5194 non
1150 5148 1209 5205 est,
1225 5140 1271 5195 scd
1288 5140 1313 5194 ia

521 5243 628 5287 nattrrae
649 5233 857 5297 constrictione;
881 5231 950 5302 quod
970 5247 1033 5286 aeto
1054 5232 1177 5289 audimus
1196 5234 1236 5288 tel
1263 5247 1314 5289 nnn

520 5325 659 5390 andimus,
675 5325 726 5379 boc
738 5334 779 5379 est
792 5325 905 5394 proprie
921 5324 1062 5379 volutantis
1076 5345 1083 5380 :
1100 5341 1147 5381 cur
1161 5341 1212 5380 aon
1225 5334 1315 5382 atten-

520 5415 572 5478 dit,
588 5425 685 5485 quanta
696 5415 835 5470 audiamus
848 5415 933 5478 inniti,
942 5430 1001 5486 quau
1016 5415 1192 5484 penetrantia
1206 5432 1316 5472 sensnm

522 5519 644 5560 acetrum
659 5508 738 5561 etiam
753 5507 862 5563 auribus
875 5506 1024 5572 obturatis,
1038 5507 1115 5562 sicuti
1137 5519 1177 5563 ost
1195 5508 1231 5564 de
1251 5524 1316 5579 pto-

522 5599 600 5652 sitno
621 5613 702 5653 serrat
720 5600 828 5663 stridor,
848 5599 889 5654 rel
903 5599 1044 5670 grunnitus
1057 5601 1134 5654 suis?
1159 5600 1314 5672 Quanquam

522 5689 660 5743 obturatio
677 5691 781 5744 aurium
800 5689 932 5755 ostendit,
953 5704 1006 5745 non
1029 5688 1055 5743 in
1074 5699 1206 5759 potestate
1225 5701 1314 5746 nostra

522 5794 597 5844 esse,
610 5781 709 5848 apertis
723 5780 832 5834 attribue
845 5794 897 5834 noa
912 5781 1022 5836 audire:
1037 5780 1100 5836 facit
1110 5781 1191 5834 etiam
1202 5781 1316 5837 fortasse

524 5873 587 5925 talis
604 5873 736 5926 obturatio
755 5888 814 5941 qaae
837 5873 922 5940 ipsam
943 5888 1050 5928 sensam
1072 5882 1191 5928 nostrum
1205 5874 1314 5940 adimat,

524 5972 552 6014 at
571 5962 598 6014 in
619 5971 707 6016 nostra
729 5971 860 6032 potestate
881 5963 912 6016 sit
937 5964 1015 6016 etiam
1037 5962 1130 6017 audire
1152 5979 1203 6017 aon
1225 5979 1314 6036 posse.

554 6118 564 6148 ¹
578 6121 603 6163 tn
615 6114 787 6166 rolemieorum
800 6115 1038 6167 edsstionelarisiensi
1051 6117 1106 6165 anni
1125 6116 1193 6174 toll,
1206 6116 1271 6183 loqui
1278 6133 1293 6168 n
1303 6136 1316 6154 ··

524 6190 563 6225 nte
583 6177 667 6238 interit
687 6177 836 6227 morentiae
855 6177 968 6227 rtatrtbrds
985 6179 1041 6236 (non
1062 6176 1126 6227 cnftn
1148 6192 1193 6228 eoa
1214 6179 1316 6232 leontio.¹

524 6239 658 6350 ramirez-m
669 6246 715 6301 en)
730 6251 739 6289 :
751 6237 777 6289 t'd
788 6240 851 6302 (parad
866 6246 949 6290 nemto
961 6252 1017 6288 sitite
1029 6237 1108 6302 aliquo
1118 6239 1229 6291 interim-t·
1244 6255 1315 6289 atna-

557 6364 565 6391 ¹
579 6364 615 6410 Sic
628 6375 676 6410 tat.
689 6368 714 6411 cl
724 6369 775 6409 tiss.
791 6368 817 6410 ,lt
829 6367 864 6410 ft.
879 6373 903 6410 ct
912 6368 976 6420 lotz,
989 6375 1063 6425 perqa
1072 6376 1103 6410 oa
1116 6362 1186 6412 rttt‘rtt.

1222 933 1320 986 leEfl
1340 930 1442 993 UNUS·
1470 889 1472 894 Ι

1358 1047 1394 1102 tte
1407 1046 1518 1102 odormu
1532 1054 1620 1103 autem
1631 1043 1705 1117 annal
1713 1047 1785 1114 dicit,
1797 1062 1886 1103 nonne
1898 1062 1991 1119 parum
2004 1046 2114 1105 attendit
2124 1050 2159 1118 ¹„

1360 1155 1369 1189 t
1388 1154 1441 1193 noa
1456 1152 1516 1193 esse
1530 1138 1555 1191 in
1579 1152 1669 1193 nostra
1683 1144 1813 1207 potestate
1826 1151 1904 1208 posse
1915 1137 2022 1194 odorari
2037 1138 2147 1195 acinon

1357 1242 1445 1297 posse,
1466 1228 1513 1283 sed
1535 1228 1561 1282 in
1583 1239 1672 1283 nostra
1694 1236 1824 1297 potestate
1844 1243 1915 1296 esse,
1939 1248 1950 1283 s
1973 1228 2024 1285 boc
2044 1236 2098 1298 est,
2120 1233 2149 1285 ln

1357 1316 1440 1372 libera
1463 1318 1606 1383 volontate,
1626 1319 1758 1374 redonari
1781 1318 1821 1374 tel
1844 1334 1897 1374 non
1920 1320 2026 1375 odorari
2042 1338 2048 1375 ι
2064 1336 2146 1378 reum

1357 1406 1427 1461 inter
1448 1406 1544 1462 odores
1566 1422 1660 1478 grates
1683 1418 1710 1463 et
1731 1410 1860 1465 molestos
1883 1409 1988 1480 qnando
2010 1412 2147 1466 cottstitutl

1357 1497 1498 1566 fuerimus,
1516 1499 1538 1553 si
1551 1500 1611 1569 qais
1624 1516 1673 1554 tros
1687 1500 1740 1556 illie
1753 1501 1876 1557 manibus
1895 1502 1981 1572 ligatis
1993 1504 2145 1570 constituat,

1357 1601 1463 1644 seruata
1492 1606 1599 1661 prorsus
1627 1592 1776 1661 integritate
1798 1607 1830 1647 ac
1851 1592 1936 1648 salute
1964 1594 2145 1651 membrorum

1359 1680 1470 1734 telimas
1493 1697 1545 1735 non
1570 1682 1686 1748 odorari,
1711 1696 1760 1737 nec
1782 1681 1891 1736 omnino
1915 1682 2063 1752 pessimum
2085 1684 2147 1754 qais

1358 1785 1418 1826 cum
1445 1772 1566 1841 spiritum
1592 1772 1691 1827 ducere
1717 1772 1858 1842 copinam
1886 1772 1964 1827 simul
1988 1782 2015 1828 et
2037 1773 2146 1829 odorem

1358 1878 1437 1932 qoem
1453 1863 1584 1928 nolumus,
1602 1862 1752 1917 traftimusi

1394 1951 1507 2007 cenot
1523 1952 1637 2007 xalta.
1650 1953 1736 2009 -56.
1747 1952 1842 2008 Gratloe
1851 1955 2007 2024 adjuterium
2021 1954 2048 2009 in
2057 1964 2148 2011 nemra
2181 1997 2183 2004 .

1359 2044 1465 2114 incepta.
1481 2044 1554 2121 Sicut
1567 2060 1631 2114 erqo
1652 2045 1709 2100 istae
1729 2044 1914 2105 similitudines
1936 2031 2098 2111 falsae'sunt,
2114 2047 2148 2101 ita

1359 2140 1387 2188 et
1402 2134 1464 2189 illud
1479 2134 1587 2205 propter
1605 2135 1675 2206 quod
1699 2151 1745 2191 eas
1767 2138 1849 2191 soluit
1871 2136 2008 2205 adbibere.
2025 2137 2151 2208 Sequitur

1360 2226 1431 2280 enim
1445 2235 1472 2281 et
1486 2226 1549 2282 dicit
1565 2245 1572 2281 z
1591 2244 1601 2279 t
1618 2226 1703 2283 Simili
1719 2242 1783 2298 ergo
1801 2226 1880 2283 modo
1898 2228 1932 2284 de
1952 2244 2004 2284 non
2025 2231 2151 2299 peccandi

1361 2319 1536 2387 possibilitate
1563 2318 1762 2391 intelligendam
1776 2308 1841 2387 est,
1867 2319 1937 2389 quod
1965 2334 2018 2375 non
2042 2336 2153 2391 peceare
2177 2366 2181 2374 .

1361 2418 1483 2464 nostram
1496 2409 1542 2477 sit,
1557 2424 1637 2481 posse
1649 2426 1713 2466 aero
1726 2424 1779 2465 non
1794 2425 1908 2481 peccam
1922 2426 1974 2466 noa
1992 2421 2123 2467 nostram.
2141 2432 2159 2465 l.

1361 2498 1388 2553 Si
1412 2499 1446 2555 de
1472 2500 1574 2571 integra
1597 2511 1624 2556 et
1647 2484 1850 2557 sana'bommts
1873 2512 1966 2556 natura
1989 2502 2165 2573 toqueretur„

1361 2606 1440 2660 quam
1453 2590 1533 2646 modo
1545 2606 1598 2645 aon
1610 2590 1739 2646 babemus
1750 2590 1815 2663 (Spe
1826 2592 1894 2647 enim
1906 2591 1969 2645 suini
1983 2593 2043 2663 [acti
2055 2609 2165 2658 samua:

1363 2690 1517 2749 sperantem
1537 2697 1594 2752 qaoe
1606 2681 1703 2736 uidetur
1721 2697 1771 2735 non
1792 2691 1827 2735 est
1846 2698 1903 2752 sper
1918 2697 1927 2735 .·
1940 2682 1963 2736 si
1982 2692 2065 2737 nutent
2087 2686 2153 2753 qaod

1362 2787 1413 2825 non
1437 2772 1550 2826 videntne
1575 2788 1715 2844 sperantes,
1742 2789 1786 2842 per
1811 2773 1957 2843 patientiam
1981 2785 2154 2845 exspectantes

1363 2858 1451 2934 [Reor.
1464 2878 1519 2928 nn,
1534 2862 1580 2929 st,
1593 2860 1666 2934 2¹51),
1677 2877 1727 2917 nee
1745 2863 1784 2917 sic
1801 2873 1873 2919 recte
1888 2862 1997 2930 diceret,
2011 2864 2082 2935 qnod
2101 2880 2166 2920 tran.
2211 2934 2213 2938 Ι
2246 2859 2250 2869 “

1363 2967 1475 3022 peecare
1493 2963 1614 3009 nostram
1638 2953 1820 3010 tantummodo
1837 2955 1882 3023 sit,
1903 2956 2026 3027 quamvis
2044 2971 2158 3028 peccare

1363 3053 1589 3103 nostrnmesset:
1612 3055 1715 3102 namet
1732 3055 1794 3103 tnnc
1812 3048 2080 3119 esset¹adjutorlum
2096 3050 2154 3117 Dei,
2229 3079 2231 3084 ,
2278 3046 2282 3054 '

1363 3148 1390 3194 et
1404 3148 1528 3209 tanquam
1542 3139 1632 3195 lamen
1646 3139 1718 3194 sanis
1731 3139 1816 3195 oculis
1828 3155 1881 3211 qno
1898 3140 1980 3210 adjuti
1994 3141 2110 3208 videant,
2125 3156 2156 3197 sc

1363 3232 1495 3303 praeberet
1507 3232 1518 3265 ¹
1531 3232 1692 3288 solentibus.
1716 3231 1782 3299 Quia
1795 3247 1859 3288 aero
1877 3232 1911 3287 de
1935 3233 1984 3288 bae
1996 3233 2048 3288 trita
2062 3232 2155 3303 dispu-

1364 3335 1412 3390 tat,
1426 3325 1471 3380 nbl
1490 3339 1587 3394 corpus
1601 3323 1671 3395 qaod
1685 3323 1873 3393 corrumpitur,
1889 3331 2016 3394 aggravat
2027 3323 2154 3390 animata,

1364 3424 1391 3470 ct
1409 3414 1536 3484 deprimit
1556 3421 1661 3468 terrena
1683 3412 1839 3467 inhabitatio
1862 3427 1969 3467 sensam
1984 3412 2066 3467 tuulta
2081 3414 2155 3483 eogi-

1365 3513 1464 3559 tantem
1479 3503 1557 3577 (Sap.
1572 3519 1613 3571 tx,
1627 3502 1693 3574 t5);
1717 3502 1800 3556 utitor
1816 3516 1868 3572 quo
1890 3501 1982 3567 corde,
1998 3502 2077 3558 etiam
2097 3504 2172 3558 sine·⁴

1364 3594 1496 3663 adjutorio
1510 3592 1649 3647 medicine
1663 3590 1808 3646 salvatoris
1822 3590 1918 3658 nostri,
1941 3599 2062 3655 nostrum
2082 3601 2171 3662 putet·

1364 3701 1424 3742 esse
1448 3700 1501 3741 non
1522 3699 1644 3755 peceare,
1668 3699 1746 3754 posse
1767 3698 1831 3738 aero
1851 3699 1903 3737 non
1925 3699 2036 3752 peccare
2056 3694 2157 3740 naturae

1365 3795 1426 3834 esse
1439 3778 1592 3842 contendat,
1614 3792 1694 3847 quam
1709 3777 1748 3831 sic
1770 3785 1880 3846 apparet
1902 3791 1961 3832 esse
1977 3777 2093 3832 vitiatam
2106 3819 2114 3841 ,
2129 3787 2158 3833 ut

1367 3870 1418 3925 ltoc
1437 3870 1547 3939 maioris
1558 3869 1615 3924 titii
1628 3868 1663 3923 sit
1679 3884 1732 3923 aon
1746 3867 1846 3922 ridere.

1401 3959 1514 4016 CAPUT
1527 3959 1620 4014 attx.
1632 3959 1719 4014 -57,
1731 3960 1925 4028 Ontnipoteatt'oe
1933 3958 1982 4013 Dei
1992 3960 2056 4014 nibil
2068 3959 2158 4014 adiurit

1366 4051 1435 4120 qttod
1445 4066 1490 4105 nec
1500 4067 1613 4120 peceare,
1625 4067 1670 4105 nec
1682 4050 1756 4115 niori,
1766 4066 1811 4104 nec
1822 4050 1931 4120 scipstna
1942 4052 2155 4123 acciderepotest.

1371 4162 1379 4196 ι
1397 4143 1463 4211 Qttia
1479 4159 1533 4199 noa
1548 4157 1669 4213 peecare,
1687 4160 1698 4195 ι
1713 4142 1809 4211 inquit,
1827 4160 1836 4194 t
1853 4150 1974 4197 nostrum
1987 4151 2045 4206 est,
2061 4157 2158 4212 possa·

1368 4249 1429 4288 mus
1449 4249 1559 4303 peecare
1578 4242 1605 4288 et
1624 4247 1677 4288 non
1691 4247 1812 4303 peceare.
1830 4251 1840 4285 ι
1855 4232 1943 4300 Quid,
1959 4233 1981 4286 si
1995 4233 2063 4287 alius
2076 4232 2158 4298 dieat,

1367 4325 1433 4392 Quia
1449 4325 1520 4379 nolle
1535 4323 1725 4391 infelicitatem,
1738 4331 1859 4378 nostrum
1873 4330 1930 4388 est,
1944 4336 2084 4393 pessumas
2097 4336 2157 4376 eant

1367 4427 1395 4472 et
1416 4417 1486 4472 nolle
1500 4425 1528 4472 et
1541 4416 1629 4472 aelle‘.¹
1648 4415 1682 4470 Et
1704 4425 1793 4470 tamen
1815 4430 1873 4470 eam
1887 4414 1955 4469 telle
1973 4415 2083 4469 omnino
2104 4429 2158 4469 nan

1369 4523 1518 4577 pussutnus.
1544 4507 1609 4576 Quis
1628 4507 1699 4562 enim
1724 4506 1778 4562 ullo
1801 4505 1882 4566 modo
1902 4505 1971 4562 telle
1994 4520 2054 4561 esse
2074 4505 2169 4575 possit.

1368 4598 1469 4661 infelix,
1493 4598 1595 4652 etiamsi
1619 4596 1689 4652 aliud
1707 4596 1717 4628 ¹
1738 4596 1794 4652 vult
1816 4596 1861 4652 ubi
1889 4611 1949 4652 eam
1975 4603 2003 4651 et
2023 4587 2163 4651 nolentem

1368 4687 1509 4741 infelicitas
1522 4687 1719 4758 consequaturl
1738 4687 1848 4752 Deinde,
1864 4687 1925 4757 quia
1939 4686 1986 4742 fici
2001 4686 2084 4742 multo
2098 4702 2157 4741 ma-

1367 4780 1409 4847 gis
1422 4786 1463 4832 est
1478 4794 1529 4831 non
1554 4793 1681 4847 peceare,
1698 4793 1759 4831 nuta
1778 4777 1933 4833 audebimus
1949 4793 2009 4833 cum
2030 4778 2118 4833 dicere
2132 4787 2164 4833 et.

1369 4888 1479 4944 peecare
1493 4887 1570 4941 posse
1582 4879 1609 4926 et
1623 4885 1675 4924 non
1689 4870 1818 4941 peceare?
1828 4870 1904 4927 dbsit
1916 4886 1931 4926 a
1946 4872 2023 4927 nobis
2036 4879 2064 4926 at
2074 4872 2169 4942 fleam,

1369 4979 1480 5034 peceare
1494 4977 1573 5033 posse
1588 4962 1717 5018 dieamus.
1737 4961 1797 5016 Nou
1809 4962 1896 5030 enim,
1913 4971 1941 5017 ut
1961 4962 2033 5016 stulti
2053 4970 2158 5031 putant,

1369 5054 1429 5109 ideo
1445 5069 1499 5109 non
1514 5055 1565 5108 erit
1579 5052 1765 5122 omnipotens,
1780 5053 1841 5123 qaia
1856 5068 1906 5107 aec
1930 5052 2001 5107 morl-
2013 5059 2116 5121 potest,
2132 5063 2159 5108 et

1369 5162 1467 5217 anegare
1489 5161 1520 5202 se
1540 5146 1627 5216 ipsum
1651 5160 1703 5200 non
1724 5154 1812 5217 petest
1831 5139 2067 5218 (illiberali).
2091 5144 2166 5213 Quid,

1369 5250 1411 5293 est
1424 5254 1487 5309 ergo
1502 5238 1573 5309 quod
1586 5238 1713 5309 loquitur,
1729 5247 1756 5293 et
1772 5238 1867 5308 qttibus
1886 5238 2047 5294 locutionum
2061 5236 2160 5306 regalis

1368 5338 1481 5385 conatur
1496 5329 1669 5400 persuadere,
1680 5328 1750 5399 quod
1766 5343 1819 5382 nou
1833 5328 1888 5382 tult
1900 5328 2092 5383 consideraret
2105 5326 2160 5380 dd.-

1365 5418 1422 5474 bac
1442 5419 1515 5473 addit
1534 5427 1561 5473 ct
1580 5418 1664 5473 dicit:
1683 5436 1692 5468 t
1709 5417 1774 5484 Quia
1791 5432 1855 5472 tero
1868 5432 1951 5485 posse
1971 5432 2022 5471 non
2037 5429 2164 5484 peccare,

1369 5520 1490 5563 nostram
1513 5524 1567 5563 nou
1588 5518 1650 5573 est;
1676 5517 1703 5563 ct
1723 5507 1920 5562 siaolttetimus
1935 5522 1987 5560 non
2008 5519 2086 5576 posse
2106 5522 2160 5562 non
2189 5570 2191 5574 .

1368 5619 1490 5674 peceare,
1514 5617 1567 5657 non
1590 5616 1731 5672 possamus
1753 5616 1805 5654 non
1829 5614 1907 5669 posse
1930 5613 1982 5650 non
2008 5612 2162 5665 peccares

1371 5696 1470 5751 intorte
1485 5696 1536 5750 boc
1554 5694 1630 5758 dixit,
1646 5702 1674 5748 et
1693 5693 1753 5748 ideo
1767 5692 1939 5746 subobscure.
1954 5688 2006 5743 Sed
2021 5689 2056 5743 ita
2072 5701 2161 5759 posset

1370 5789 1421 5844 diei
1437 5787 1561 5858 planias:
1578 5787 1644 5854 Quia
1663 5799 1741 5854 posse
1759 5797 1812 5837 nen
1826 5795 1950 5852 peceare,
1972 5789 2161 5867 nostrumnon

1371 5891 1432 5946 est;
1453 5898 1499 5935 sea
1516 5880 1644 5944 telimas,
1661 5891 1707 5930 sen
1727 5875 1859 5940 nolimus,
1872 5888 2016 5943 possumus
2030 5888 2082 5928 non
2098 5889 2160 5943 pcc-

1370 5992 1441 6030 cace.
1458 5973 1514 6026 Nam
1533 5972 1603 6025 enirn
1616 5970 1671 6033 ait,
1685 5969 1738 6021 Sea
1752 5966 1880 6029 amiratus,
1897 5981 1943 6020 sea
1957 5966 2072 6020 nolimus
2085 6006 2090 6018 .
2109 5981 2159 6019 aon

1402 6118 1409 6148 ¹
1422 6114 1533 6178 clerique
1541 6108 1748 6181 ttss.‚qtn'ddict'f,
1756 6107 1803 6158 nisi
1811 6108 1969 6173 putantquod
1980 6109 2039 6160 dtct'l
2050 6107 2160 6157 attendit.

1403 6179 1413 6209 ¹
1426 6184 1449 6225 ln
1459 6176 1527 6224 libris
1539 6175 1619 6232 editis,
1632 6180 1654 6223 ct
1666 6172 1698 6221 tlt
1708 6177 1775 6221 essct.

1403 6239 1573 6297 ¹tenebatur,
1586 6248 1611 6284 se
1626 6233 1743 6294 arnone.
1762 6239 1866 6282 buotntn
1876 6236 2039 6285 latitaturum
2052 6231 2161 6283 ealitotn

1370 6301 1514 6350 anctoritate
1525 6298 1683 6353 restituimus,
1694 6307 1719 6344 se
1730 6297 1855 6356 praeberet.

1404 6369 1473 6410 ’litto
1485 6358 1586 6409 tanum
1597 6367 1658 6419 ιιι,
1670 6354 1772 6419 oltqttt'd.
