5592 7350
574 875 607 931 ii
1307 871 1498 927 rttAElattu.
2187 885 2220 940 tn]

575 988 725 1070 responsi
740 977 825 1050 dcdlt
840 1008 846 1047 ι
867 988 982 1048 Dantur
1002 985 1167 1047 seeundum
1179 987 1359 1047 sententiam
1376 985 1469 1049 beate
1482 993 1633 1053 memorie
1643 993 1841 1071 praeessetis
1851 995 1899 1057 tui
1913 996 2090 1061 innocentii
2103 999 2217 1079 (lessio,

576 1068 781 1132 contradunt
797 1068 964 1146 Epistulas
980 1066 1233 1204 Pelopianarum.
1249 1083 1282 1125 n.
1298 1065 1342 1145 6).
1358 1066 1571 1140 Quinetiam,
1587 1090 1617 1131 se
1633 1074 1751 1139 amnia,
1771 1091 1838 1153 quaa
1854 1075 1945 1135 Sedes
1960 1075 2017 1138 illa
2036 1076 2216 1140 damnarer.

575 1147 1017 1226 alumnaturumessepremisit
1036 1146 1045 1226 (
1068 1146 1153 1225 nfra,
1167 1144 1342 1205 dePecento
1352 1145 1515 1223 originali,
1525 1165 1557 1207 n.
1571 1147 1615 1227 8).
1633 1150 1692 1211 Sed
1702 1155 1807 1212 menen
1821 1154 1960 1219 instante
1977 1154 2118 1228 Zosimo‚
2133 1163 2216 1219 uloa

574 1244 649 1303 quie
667 1227 711 1286 illi
730 1243 749 1287 a
764 1227 902 1286 diacono
914 1226 1050 1286 Paulino
1068 1224 1196 1285 lucrant
1210 1224 1347 1303 objecta.
1366 1223 1544 1297 damnaret,
1559 1228 1714 1290 damnare
1729 1231 1842 1292 noluit.
1853 1233 2072 1312 Interrogatus
2087 1255 2219 1314 quoquo

576 1306 634 1366 luit
649 1306 687 1367 de
703 1306 753 1365 bis
769 1323 842 1382 quta
858 1305 889 1364 in
906 1324 979 1365 eum
998 1304 1123 1366 Herotis
1138 1307 1169 1364 ct
1181 1303 1294 1364 Lazari
1314 1304 1439 1375 litterae,
1455 1322 1474 1365 a
1491 1305 1739 1385 Carthaginensi
1755 1313 2020 1388 synodollomanr
2037 1314 2215 1376 destinata.

575 1386 791 1464 objectabant.
818 1384 875 1444 llle
900 1403 976 1444 vero
996 1385 1111 1444 borum
1132 1382 1270 1442 alterum
1292 1382 1351 1442 sibi
1372 1399 1412 1444 ne
1434 1392 1641 1461 conspectum
1663 1387 1809 1464 quidem,
1827 1390 1887 1449 nisi
1910 1391 2031 1462 obiter;
2057 1394 2216 1461 alterum,

576 1465 727 1603 Herptem
743 1463 901 1619 sitl2t¹)licet,
917 1465 1001 1540 qnod
1017 1479 1110 1525 secus
1129 1460 1169 1521 tle
1181 1479 1215 1522 se
1234 1460 1386 1538 opinatus
1398 1467 1501 1535 esset,
1522 1465 1598 1529 satis
1612 1466 1673 1526 sibi
1691 1465 1816 1540 iecisse,
1832 1471 1996 1547 respondit
2012 1471 2128 1551 (lasea,
2146 1475 2218 1551 aa·

598 1562 632 1603 en
660 1587 668 1601 .
707 1551 775 1603 orte
827 1586 833 1600 .
876 1586 878 1590 -
1803 1587 1808 1597 .

575 1562 596 1623 ρ
613 1562 808 1699 Quassquant
826 1620 916 1688 illud,
933 1618 1017 1696 quad
1034 1635 1100 1696 prae
1117 1635 1152 1679 se
1166 1617 1287 1679 serebat
1301 1616 1480 1689 Caelestius,
1497 1620 1530 1680 in
1545 1620 1694 1683 Sanctam
1708 1622 1820 1685 Sedern
1834 1625 2037 1702 obsequium,
2054 1627 2215 1688 Zosimnm

577 1702 741 1762 induceret
763 1704 799 1765 ut
823 1700 932 1760 mitius
955 1717 1027 1759 cum
1050 1698 1106 1757 illo
1126 1702 1254 1775 ageret:
1275 1696 1301 1757 is
1324 1703 1428 1758 tannen
1451 1698 1556 1774 ipsum
1577 1703 1921 1764 excommunicationis
1947 1706 2082 1765 vinculis
2097 1705 2215 1781 quibus

576 1778 748 1840 innodatus
762 1787 843 1844 erat.
859 1777 1092 1839 absolvendum
1104 1794 1175 1837 esse
1191 1793 1254 1836 non
1270 1776 1479 1837 existimarit.
1496 1780 1534 1838 At
1559 1778 1793 1857 ejusjudieium
1807 1782 1966 1843 cautionis
1981 1799 2078 1843 eausa
2090 1783 2215 1844 duobus

576 1858 741 1919 mensibus
759 1857 936 1935 ampliavit,
952 1863 987 1917 ut
1003 1856 1155 1916 nimirum
1171 1854 1272 1932 perid
1288 1855 1402 1931 spatii,
1424 1860 1491 1915 lum
1509 1855 1657 1918 Coelestio
1672 1859 1775 1922 redire
1793 1860 1831 1921 ad
1848 1877 1960 1920 sanam
1975 1868 2113 1921 mentem
2134 1862 2215 1921 licc-

576 1944 632 2007 ret,
648 1944 718 1996 tum
735 1937 915 2005 Africanis,
932 1937 1050 2013 quibus
1066 1934 1153 1994 illius
1171 1949 1270 1995 eausa
1284 1934 1386 2009 magis
1404 1939 1474 1994 erat
1490 1943 1670 2013 comperta,
1688 1938 1865 1999 rescribere
1890 1938 2013 2015 (Infra,
2031 1940 2067 1999 de
2083 1940 2215 1999 Peccata

575 2016 743 2094 originali,
771 2034 803 2076 n.
819 2015 864 2094 8).
881 2017 1001 2076 Verum
1023 2033 1057 2075 se
1079 2013 1181 2091 magis
1197 2012 1392 2090 precipitem
1408 2012 1440 2071 in
1466 2030 1564 2075 causa
1579 2015 1708 2076 Herotis
1726 2023 1757 2076 et
1778 2017 1891 2077 Lazari
1917 2019 2071 2095 prabuil3
2096 2018 2213 2096 quippe

574 2113 654 2171 quos
668 2095 822 2157 absentes
847 2098 879 2154 el
899 2095 1085 2172 episcopatu
1103 2098 1134 2152 et
1156 2091 1383 2153 communione
1409 2092 1565 2167 privavit,
1586 2101 1654 2154 stro
1672 2093 1809 2155 leestii
1832 2095 2131 2167 criminationibus,
2148 2097 2217 2157 sive

575 2173 707 2235 Patrocli
724 2178 791 2234 tum
809 2174 962 2252 temporis
977 2172 1084 2234 sedem
1097 2170 1317 2231 Arelatensem
1335 2185 1394 2245 pro
1408 2169 1526 2230 Herote
1541 2172 1728 2249 occupantis
1751 2174 1961 2250 querimoniis
1978 2181 2153 2252 permotus.

610 2252 794 2313 Constituto
809 2254 840 2312 in
856 2271 931 2314 eum
947 2252 1075 2311 modum
1091 2248 1175 2326 quod
1189 2248 1228 2309 ad
1242 2247 1427 2309 Coelestiurn
1445 2250 1619 2322 attinebat,
1636 2251 1665 2310 id
1684 2253 1814 2313 Aurelio
1827 2254 2014 2331 ceterisque
2030 2253 2113 2313 Alcis
2129 2254 2216 2314 arnti-

574 2331 700 2392 stitibus
718 2349 776 2410 per
790 2330 913 2392 litteras
943 2328 1151 2409 significarit.
1170 2328 1289 2403 quibus
1311 2331 1440 2387 sanetus
1460 2328 1531 2388 illos
1552 2331 1705 2405 praesnles
1723 2332 1868 2392 subirato
1882 2333 1990 2395 animo
2005 2334 2046 2393 ob
2067 2332 2216 2410 praecipi-

575 2415 671 2470 tatum
687 2410 828 2472 Ccelestii
848 2409 1003 2489 judicium
1027 2407 1226 2487 perstringit.
1247 2406 1374 2467 Litterae
1394 2406 1510 2467 Zosimi
1535 2409 1573 2469 ad
1592 2408 1759 2470 Africanos
1774 2410 1836 2471 bae
1854 2410 1892 2471 de
1914 2430 1948 2472 re
1964 2412 2043 2472 datm
2064 2412 2215 2472 eonsules

576 2489 780 2567 consignatos
798 2490 927 2561 nabent,
947 2504 1011 2548 non
1026 2503 1180 2556 anensem,
1198 2502 1256 2546 nce
1272 2484 1367 2544 diem.
1387 2483 1467 2545 Cum
1484 2492 1591 2547 autem
1608 2488 1772 2566 negotium
1794 2489 1932 2550 Coelestli
1948 2490 2097 2566 deinceps
2116 2509 2217 2567 repe-

575 2569 673 2627 riatur
689 2584 765 2627 cunr
778 2569 895 2646 Pelagii
915 2566 1042 2645 negotio
1056 2563 1282 2643 conjunctum,
1298 2563 1375 2624 satis
1394 2565 1546 2624 credibile
1569 2566 1726 2632 videatur,
1743 2566 1773 2626 id
1793 2584 1857 2627 non
1873 2570 1975 2628 multo
1989 2573 2064 2629 ante
2079 2568 2215 2630 undeci-

575 2663 656 2706 mum
669 2646 824 2708 calendas
839 2647 978 2707 octobris
992 2662 1058 2722 quo
1072 2641 1123 2704 dic
1141 2641 1286 2705 Zosimus
1302 2641 1341 2702 ad
1361 2641 1490 2702 eosdem
1506 2643 1635 2720 scripsit
1653 2644 1692 2703 de
1707 2646 1853 2723 Pelagio,
1867 2646 2050 2724 contigisse.
2070 2647 2149 2707 Nam
2172 2666 2215 2707 ex

573 2724 666 2802 liujus
681 2724 746 2785 diei
766 2731 859 2801 nota,
874 2724 1011 2786 Ctnlestii
1027 2738 1159 2784 eausam
1179 2720 1246 2798 jam
1268 2720 1340 2780 inde
1356 2738 1375 2781 a
1394 2739 1505 2781 mense
1520 2720 1613 2799 junio
1635 2727 1692 2782 aut
1708 2722 1790 2801 julio
1811 2730 1972 2801 peractam
1994 2724 2163 2803 colligere,
2179 2729 2216 2787 ut

572 2811 644 2866 ante
660 2803 851 2880 buncdiem
870 2804 937 2883 iam
959 2802 1039 2862 dnos
1059 2800 1250 2862 constitutos
1275 2817 1402 2859 menses
1420 2798 1582 2861 effluxisse
1602 2817 1804 2876 asseramus,
1820 2819 2026 2894 nequaquam
2045 2821 2214 2866 necessum
2308 2802 2310 2804 ’

573 2888 629 2942 est.
643 2882 914 2961 Quandoquidem
927 2880 1062 2959 epistola
1078 2880 1133 2941 illa
1147 2877 1316 2939 undecimo
1329 2876 1479 2939 calendas
1495 2880 1635 2940 octobris
1650 2880 1736 2951 data,
1752 2882 1881 2942 nonnisi
1903 2883 1944 2942 ob
1961 2899 2080 2941 novum
2102 2899 2215 2941 emer-

572 2966 697 3038 gentem
711 2977 824 3022 oasum
839 2963 936 3022 missa
951 2960 1020 3023 luit.
1035 2958 1089 3019 Sin
1107 2963 1215 3021 autern
1236 2974 1425 3017 concessum
1441 2958 1580 3034 spatium
1596 2965 1745 3019 exactum
1759 2959 1825 3038 jam
1839 2960 1969 3029 luisset,
1983 2959 2081 3020 dubio
2103 2961 2215 3037 procul

572 3046 626 3099 aut
638 3040 873 3102 Goelestiumin
889 3038 1149 3102 communionem
1164 3035 1358 3097 restituisset
1370 3034 1529 3109 Zosimus,
1543 3038 1629 3117 quod
1644 3054 1850 3115 nequaqnam
1864 3038 1896 3099 in
1915 3039 2051 3115 epistola
2065 3056 2124 3099 sua
2140 3041 2216 3099 reti·

572 3119 711 3191 cuissct3
728 3124 786 3182 ant
805 3120 919 3180 saltem
934 3118 1093 3195 exposito,
1109 3115 1320 3193 quamobrem
1343 3115 1478 3175 necdum
1503 3133 1577 3176 eum
1593 3117 1805 3188 restituisset,
1830 3117 1859 3177 id
1883 3118 2078 3196 postulasset
2099 3118 2214 3179 merito

570 3199 690 3275 apponi
711 3199 785 3261 sibi.
806 3198 897 3273 Quod
910 3197 995 3259 enim
1007 3196 1099 3267 dicit,
1112 3191 1172 3255 dat
1183 3191 1310 3253 Heras?
1323 3190 1378 3254 ubi
1388 3192 1556 3254 Lucanus?
1570 3196 1625 3256 ubi
1638 3194 1689 3256 illi
1701 3194 1932 3257 adolescentes?
1945 3201 2004 3257 ete.
2019 3196 2134 3275 (Infra,
2151 3198 2217 3274 dp·

571 3277 660 3357 prud.
675 3285 770 3357 porte
782 3278 828 3356 2),
843 3278 892 3339 bis
915 3276 1020 3337 verbis
1034 3272 1249 3413 significatum
1265 3271 1380 3345 noluit,
1395 3289 1450 3332 cos
1470 3290 1512 3332 ex
1530 3274 1700 3335 Palaestina
1719 3274 1804 3337 intra
1825 3275 1906 3336 duos
1930 3293 2057 3337 menses
2080 3277 2214 3336 Romam

573 3356 682 3417 renire
696 3356 858 3421 debuisse.
879 3374 952 3418 cnm
972 3354 1049 3433 ipsis
1064 3354 1071 3373 '
1091 3351 1271 3428 imasioque
1284 3354 1315 3410 el
1327 3350 1447 3411 tacebo
1462 3368 1526 3412 non
1541 3358 1625 3412 esset
1638 3352 1817 3430 quidquam
1836 3372 1908 3415 rum
1927 3354 2065 3416 Coelestii
2085 3355 2215 3433 negotio

572 3436 830 3498 communetsed
848 3436 918 3496 rult
935 3433 1074 3503 eosdem,
1091 3428 1361 3508 quemadmodum
1381 3428 1414 3492 in
1436 3428 1615 3492 litterarum
1632 3431 1716 3491 serie
1736 3432 1813 3492 satis
1831 3432 1991 3509 explicat,
2014 3432 2045 3492 id
2068 3431 2213 3494 loturum

573 3514 743 3590 prouidere
758 3514 954 3593 oportuisse,
976 3517 1013 3574 ut
1033 3510 1073 3573 ad
1087 3512 1268 3571 Romanum
1292 3506 1434 3568 tribunal
1448 3508 1565 3587 Pelagii
1587 3524 1685 3569 causa
1705 3507 1901 3580 deterretur;
1917 3510 2063 3589 adeoque
2077 3510 2164 3585 ipsos
2180 3512 2213 3577 in

573 3592 667 3669 culpa
683 3610 776 3665 esse,
798 3593 884 3671 quod
909 3608 948 3654 eo
973 3608 1037 3651 non
1058 3588 1222 3651 venissent
1243 3587 1432 3647 intentatam
1452 3588 1494 3647 ab
1512 3605 1548 3648 se
1571 3588 1810 3653 accusationem
1838 3590 2054 3668 prosecuturi.
2079 3589 2215 3650 Videtur

571 3670 668 3735 etiam
685 3671 886 3753 iungendum
906 3671 1022 3736 Zosimi
1043 3667 1157 3730 litteris
1172 3665 1358 3728 mandatum
1379 3663 1457 3727 illud
1472 3684 1566 3744 ,qno
1583 3665 1770 3738 Paulinum,
1789 3667 1828 3730 ad
1848 3686 1981 3731 causam
2000 3667 2085 3809 apud
2107 3687 2141 3731 se
2162 3669 2215 3730 di-

571 3750 706 3811 cendam
721 3751 829 3814 rocari
843 3752 996 3830 jubebat:
1009 3747 1096 3826 quod
1113 3745 1242 3824 quidem
1260 3745 1389 3806 nonnisi
1406 3752 1524 3823 quarto
1537 3763 1641 3809 nonas
1664 3748 1848 3809 novembris
1861 3748 1997 3809 Paulino
2042 3748 2213 3827 artbagine

572 3827 634 3891 iuit
649 3831 721 3892 viva
736 3847 812 3891 soce
828 3830 1052 3893 denuntiatum
1069 3824 1255 3888 aBasillsco
1269 3823 1503 3902 hypodiacono,
1524 3843 1621 3902 quem
1645 3824 1727 3885 idem
1751 3827 1895 3902 pontilcx
1912 3845 1985 3887 cum
2003 3827 2082 3888 actis
2101 3843 2214 3887 earum

572 3926 680 3969 rerum
693 3925 767 3986 quta
778 3910 886 3970 Romae
899 3926 997 3986 super
1009 3904 1156 3967 Coelestio
1169 3909 1266 3994 gestae
1280 3901 1419 3973 lucrant,
1432 3904 1564 3965 miserat
1577 3922 1585 3964 ε
1599 3921 1672 3981 quaa
1683 3904 1828 3966 videlicet
1840 3910 1912 3967 acta
1925 3905 1958 3966 in
1972 3904 2112 3967 Africam
2124 3907 2166 3967 ab
2178 3924 2213 3966 se

572 3986 688 4065 dirigi,
709 3988 743 4047 in
763 3988 897 4065 epistola
919 4003 978 4048 sua
997 3986 1132 4062 ipsemet
1152 3981 1448 4061 stgnilicat·(1bid.).

574 4065 642 4125 XV.
666 4066 721 4128 Pel
763 4067 788 4127 ii
807 4067 940 4144 epistota
961 4072 988 4126 et
1010 4062 1082 4143 fidei
1101 4079 1159 4140 pro
1176 4061 1265 4127 essia,
1288 4059 1450 4121 destinate
1467 4060 1590 4140 quidem
1606 4061 1647 4122 ad
1666 4063 1898 4132 Innocentium,
1917 4063 1970 4123 sed
1991 4062 2116 4124 Zosimo
2134 4063 2213 4125 red-

612 4144 708 4284 45²3.
720 4084 786 4205 ῗῗίο
808 4145 931 4224 Pelagii
951 4160 1071 4225 quaque
1089 4139 1241 4217 ambiguis
1255 4136 1356 4201 uubis
1372 4138 1434 4200 sibi
1446 4141 1573 4218 patitur
1598 4141 1727 4220 imponi,
1747 4142 1872 4221 ejusque
1887 4139 1993 4221 'pratia
2014 4142 2049 4203 in
2073 4143 2213 4223 Africam

611 4241 672 4287 tct't
696 4235 734 4283 tt.

612 4303 786 4380 Postquam
801 4302 899 4381 igitur
912 4301 1058 4363 Zosimus
1074 4315 1134 4377 pro
1150 4296 1297 4359 Coelestio
1311 4296 1485 4374 scripserat
1497 4298 1531 4358 in
1548 4298 1706 4372 lllrieam,
1730 4298 1756 4359 is
1772 4298 1894 4360 litteras
1910 4316 1929 4360 a
1943 4298 2072 4378 Praylio
2088 4302 2212 4378 accepit

573 4381 697 4442 ierosol
722 4381 843 4442 milano
859 4382 1098 4459 posttoannem
1113 4377 1277 4454 episeopo,
1295 4377 1351 4453 qui
1369 4376 1487 4455 Pelagii
1501 4395 1630 4439 causam
1648 4394 1745 4454 quam
1760 4377 1995 4439 studiosissime
2009 4379 2213 4441 commenda-

575 4461 635 4520 bat.
653 4400 802 4539 Pefagius
820 4460 889 4538 ipse
902 4477 993 4521 snam
1009 4474 1139 4534 quoque
1154 4455 1336 4533 epistolum,
1351 4470 1416 4530 qua
1432 4454 1560 4517 ltmrosis
1579 4457 1699 4517 crimen
1715 4458 1757 4517 ab
1770 4474 1804 4517 se
1825 4458 2010 4534 depelleret,
2027 4457 2211 4528 addiderat;

576 4539 726 4617 adjuncta
743 4544 776 4600 et
789 4538 860 4600 lidei
874 4538 1087 4617 professione,
1109 4535 1144 4594 in
1161 4549 1228 4612 qua
1243 4534 1379 4601 sincere,
1396 4533 1472 4610 quid
1492 4534 1645 4606 crederet,
1668 4534 1788 4612 quidve
1802 4541 1981 4613 respueret,
1997 4537 2162 4597 declarare
2177 4556 2212 4597 se

576 4619 779 4696 predicabat.
800 4618 974 4695 Utramque
988 4614 1145 4693 dirigebat
1158 4612 1197 4673 ad
1211 4611 1447 4681 lnnocentiutn,
1464 4616 1574 4688 utpote
1586 4630 1668 4690 quas
1685 4615 1774 4673 obitu
1787 4614 1929 4689 ejusdem
1948 4614 2104 4693 pontificis
2123 4633 2211 4675 non-

576 4697 648 4758 dum
662 4696 776 4758 andito
790 4697 964 4774 scripserat
980 4694 1096 4775 (Infra.
1111 4691 1148 4752 de
1161 4691 1266 4771 pretia
1277 4689 1408 4757 Christi,
1425 4708 1457 4749 n.
1472 4691 1527 4761 323
1541 4701 1569 4751 et
1588 4691 1623 4751 de
1636 4692 1766 4752 Peccata
1783 4692 1946 4767 originali.
1961 4711 1993 4751 n.
2009 4693 2057 4770 llll
2075 4713 2082 4750 :
2101 4711 2211 4753 verum

577 4794 648 4836 eum
663 4776 696 4837 in
711 4775 798 4836 illius
814 4776 919 4838 locum
931 4775 998 4853 jam
1012 4771 1164 4834 salicetus
1179 4769 1291 4831 luisset
1305 4768 1464 4840 Zosimus,
1479 4769 1554 4830 bule
1564 4770 1675 4847 utique
1689 4769 1751 4830 itte
1764 4771 1892 4831 reddite
1904 4777 1990 4830 sunt.
2002 4770 2125 4832 lnteriit
2141 4773 2213 4849 qni·

577 4853 645 4914 dem
660 4853 833 4933 Pelagiana
848 4854 957 4917 istltaee
970 4851 1123 4930 epistola;
1139 4849 1194 4911 scd
1207 4866 1247 4908 er
1265 4847 1361 4910 variis
1376 4847 1466 4916 loeis,
1485 4865 1567 4925 quos
1585 4848 1784 4926 alrrgustinus
1800 4867 1841 4909 en
1854 4849 1964 4909 eadem
1982 4851 2141 4927 producit,
2160 4851 2213 4912 in·

578 4934 638 4994 telli
663 4934 742 5005 itur,
760 4933 902 4995 Pontifici
919 4951 992 4995 eum
1006 4946 1182 5008 exponere,
1195 4928 1266 4988 Dua
1282 4945 1342 4986 esse
1355 4924 1390 4985 de
1403 4926 1515 5004 qaibm
1529 4946 1596 4986 eum
1609 4926 1746 4988 ltoirtines
1757 4927 2072 5006 infumareeonantur
2083 4951 2093 4988 .·
2104 4950 2210 4998 unitim,

576 4953 661 5090 quer}
672 5019 762 5089 aequ
777 5012 919 5090 paruulis
933 5009 1088 5089 Baptisnu'
1104 5014 1338 5072 sacramentum,
1356 5012 1382 5065 et
1398 5003 1509 5084 absque
1524 5006 1732 5085 redemptione
1746 5004 1878 5073 Cluislt',
1895 5007 2051 5086 aliquibus
2067 5010 2213 5069 celarum

577 5108 670 5169 regna
682 5091 872 5169 promittam
886 5090 985 5156 uliud,
998 5087 1082 5168 qued
1095 5086 1141 5146 t'tn
1155 5086 1250 5150 dieat,
1267 5102 1357 5163 pesse
1372 5081 1522 5143 bominem
1539 5085 1639 5146 uitare
1651 5092 1821 5174 peecatum,
1836 5095 1871 5146 ut
1885 5085 1946 5148 Dei
1959 5087 2104 5148 excludat
2120 5090 2213 5150 auri.

578 5169 661 5236 lium,
679 5178 709 5229 et
732 5170 768 5229 in
790 5178 911 5230 tautum
925 5168 1021 5230 libero
1044 5165 1178 5245 confidat
1194 5163 1338 5230 arbitrio,
1365 5170 1398 5223 ut
1415 5165 1525 5240 gratiae
1548 5165 1690 5243 repttdtet
1705 5163 1897 5228 od'utarium
1918 5167 2032 5246 (lasau
2049 5168 2086 5227 de
2100 5167 2214 5232 Gratia

578 5248 705 5316 Cltriui.
722 5266 755 5307 u.
772 5247 835 5339 32)
851 5248 898 5310 lbi
912 5246 1148 5313 cumdinisset,
1162 5242 1375 5322 Nunquamne
1389 5243 1436 5303 uel
1451 5243 1577 5321 impium
1591 5242 1723 5321 aliquem
1736 5183 1913 5305 lteretieum
1928 5246 2066 5314 audisse,
2083 5247 2138 5325 qui
2155 5247 2212 5309 bue

579 5326 614 5385 de
627 5326 771 5403 pareatis
786 5327 901 5388 deceret
913 5348 922 5395 ,·
936 5325 1048 5386 deinde
1062 5321 1196 5400 subjecit
1212 5327 1309 5399 alque
1326 5321 1390 5387 ait:
1408 5321 1487 5394 (latis
1503 5323 1584 5382 enirn
1597 5322 1643 5382 ita
1656 5323 1838 5399 evangelicu
1851 5324 1995 5385 lectionis
2011 5325 2140 5402 ignarus
2157 5335 2200 5396 est

579 5406 631 5496 qui
644 5406 702 5466 boe
715 5423 782 5466 non
796 5406 888 5467 mado
904 5407 1061 5485 affirmare
1077 5410 1215 5469 conetur,
1234 5400 1287 5461 sed
1302 5400 1357 5479 qui
1370 5399 1417 5461 uel
1432 5399 1541 5461 leciter
1557 5400 1669 5467 elicere,
1692 5410 1747 5460 out
1763 5401 1854 5460 etiam
1870 5404 1983 5464 sentire
1998 5402 2124 5480 pessit?
2147 5405 2195 5464 lle

579 5484 647 5544 inde
661 5486 732 5564 quis
748 5494 809 5544 tam
822 5485 947 5562 impius,
988 5484 1021 5542 ui
1034 5478 1186 5560 purvulas
1202 5488 1338 5538 consortes
1357 5477 1605 5556 unguiculorum
1628 5498 1689 5539 esse
1703 5478 1787 5547 eelit,
1807 5480 1879 5540 dum
1895 5501 1944 5541 eus
1962 5480 2117 5559 baptizari
2135 5491 2163 5540 et
2179 5483 2214 5553 in

579 5562 840 5625 cunctaremur·
853 5563 955 5624 uetat?
968 5501 1173 5637 Ylursumque
1187 5564 1259 5636 post
1278 5557 1501 5635 interpositum
1517 5576 1557 5619 ex
1572 5559 1746 5637 Evangelio
1762 5559 1990 5630 testimoninm,
2001 5559 2147 5638 adjunxit
2163 5561 2215 5620 di«

580 5659 652 5704 tens
668 5661 676 5701 ι
693 5641 772 5718 Quia
787 5641 841 5704 ille
856 5648 917 5702 tam
932 5642 1047 5720 impius
1061 5647 1117 5703 est,
1131 5636 1186 5716 qui
1200 5635 1363 5716 cuiuslibet
1376 5637 1478 5697 utatis
1485 5637 1621 5715 pervide
1638 5636 1804 5698 interdicat
1823 5657 2009 5698 communem
2023 5637 2151 5698 immani
2162 5659 2213 5727 pe·

581 5721 662 5781 nerii
675 5721 927 5800 redemptionem,
943 5727 971 5780 a
988 5721 1216 5796 inperpetuum
1233 5724 1343 5776 eertum
1365 5733 1402 5775 ue
1415 5716 1509 5776 uitam
1525 5715 1646 5776 renasci
1661 5724 1738 5776 vetet
1755 5734 1832 5783 eum,
1855 5717 1910 5796 qui
1923 5726 2015 5776 aetus
2029 5718 2069 5778 sit
2092 5715 2133 5776 ad
2157 5736 2213 5774 rn-

583 5809 692 5860 eertorn
705 5798 822 5880 [Insrm
839 5800 876 5861 de
890 5800 1022 5860 Peccata
1039 5795 1200 5874 originali,
1212 5812 1267 5854 un.
1284 5732 1422 5875 90,ζηῖ
1439 5795 1562 5870 Quibus
1582 5795 1707 5857 tametsi
1724 5795 1810 5856 clare
1826 5795 2049 5873 explicateque
2070 5796 2213 5874 profiteri

583 5879 711 5958 originis
726 5887 893 5957 peccatum
915 5878 1087 5945 rideretur,
1106 5890 1171 5933 non
1186 5877 1293 5935 tamen
1315 5874 1375 5951 ipsi
1394 5873 1530 5935 deerant
1547 5876 1696 5953 ambages
1712 5873 1869 5950 quaedam,
1885 5890 2021 5950 quarum
2041 5891 2102 5954 ope
2115 5879 2214 5953 verba

584 5957 687 6019 illaad
702 5958 848 6024 heresim
863 5975 954 6020 suam
965 5952 1236 6018 accommodabat.
1251 5951 1329 6014 Nam
1339 5953 1378 6012 do
1390 5952 1452 6015 ista
1466 5952 1644 6030 questione
1657 5954 1701 6014 ita
1716 5951 1828 6013 solitus
1842 5954 2112 6033 cratrespondere
2127 5973 2213 6033 quaa

584 6037 724 6098 rentibus
738 6056 745 6094 ε
757 6039 832 6099 Sine
849 6036 885 6098 ba
909 6039 998 6099 tiemo
1011 6031 1138 6113 paruuli
1151 6032 1327 6099 morientes,
1341 6050 1402 6111 quo
1417 6051 1483 6092 non
1498 6039 1579 6100 eant,
1593 6031 1677 6100 seia-r
1693 6049 1753 6110 qua
1771 6040 1843 6092 eant
1857 6032 1960 6093 nescio
1975 6031 2085 6111 (laid.
2101 6053 2134 6094 n.
2148 6033 2212 6112 23),

586 6113 618 6173 nt
631 6114 714 6193 quod
730 6133 829 6192 super
839 6054 949 6178 eaKem
966 6133 999 6175 re
1013 6115 1044 6173 in
1060 6111 1280 6200 diospolitana
1290 6110 1414 6190 synodo
1425 6112 1464 6174 ad
1477 6110 1601 6190 objecta
1616 6110 1676 6171 sibi
1692 6109 1847 6172 catholice
1869 6112 2094 6190 responderat,
2108 6113 2214 6175 delore

585 6193 621 6254 tls
633 6194 948 6273 interpretationibus
969 6191 1167 6254 rescindebat
1182 6189 1290 6267 tlara..
1304 6209 1338 6249 n.
1355 6189 1417 6270 lo).

621 6273 708 6348 Quod
726 6275 766 6336 ad
784 6280 906 6353 negatte
921 6273 1030 6350 gratita
1047 6271 1179 6338 crimen,
1196 6276 1267 6346 post
1282 6270 1398 6332 multas
1417 6269 1450 6328 in
1465 6273 1668 6330 accusatores
1687 6285 1762 6328 suos
1777 6271 2014 6348 querimonias.
2032 6272 2077 6332 sic
2092 6271 2213 6333 diluere

587 6352 743 6418 nitebatur
758 6373 766 6413 ε
793 6354 887 6426 Ecce,
913 6353 1027 6430 inquit.
1044 6348 1129 6428 capud
1141 6342 1369 6410 beatitudinem
1388 6357 1471 6429 tuam
1488 6347 1618 6429 epistole
1636 6351 1694 6412 ista
1709 6367 1754 6410 ate
1769 6361 1896 6432 pitrqct,
1913 6352 1948 6413 in
1963 6350 2028 6433 quo
2039 6369 2120 6431 pus-e
2134 6363 2235 6426 nuptu
