<?xml version="1.0" encoding="UTF-8"?>
<!DOCTYPE html PUBLIC "-//W3C//DTD XHTML 1.0 Transitional//EN"
    "http://www.w3.org/TR/xhtml1/DTD/xhtml1-transitional.dtd">
<html xmlns="http://www.w3.org/1999/xhtml" xml:lang="en" lang="en">
 <head>
  <title>
</title>
<meta http-equiv="Content-Type" content="text/html;charset=utf-8" />
  <meta name='ocr-system' content='tesseract 3.04.00' />
  <meta name='ocr-capabilities' content='ocr_page ocr_carea ocr_par ocr_line ocrx_word'/>
</head>
<body>
  <div class='ocr_page' id='page_1' title='image "./patrologiaecurs04goog/patrologiaecurs04goog_0023.png"; bbox 0 0 5592 7350; ppageno 0'>
   <div class='ocr_carea' id='block_1_1' title="bbox 563 900 2210 975">
    <p class='ocr_par' dir='ltr' id='par_1_1' title="bbox 563 900 2210 975">
     <span class='ocr_line' id='line_1_1' title="bbox 563 900 2210 975; baseline -0.026 0"><span class='ocrx_word' id='word_1_1' title='bbox 563 911 601 965; x_wconf 72' lang='lat'>³⁷</span> <span class='ocrx_word' id='word_1_2' title='bbox 1282 900 1474 955; x_wconf 68' lang='lat' dir='ltr'>etrarrrsa.</span> <span class='ocrx_word' id='word_1_3' title='bbox 2175 916 2210 975; x_wconf 52' lang='grc' dir='ltr'>ω</span> 
     </span>
    </p>
   </div>
   <div class='ocr_carea' id='block_1_2' title="bbox 559 1016 2207 3535">
    <p class='ocr_par' dir='ltr' id='par_1_2' title="bbox 563 1016 2206 1246">
     <span class='ocr_line' id='line_1_2' title="bbox 565 1016 2205 1104; baseline 0.002 -16"><span class='ocrx_word' id='word_1_4' title='bbox 565 1026 759 1102; x_wconf 74' lang='lat' dir='ltr'>eorriasiqne</span> <span class='ocrx_word' id='word_1_5' title='bbox 776 1028 965 1098; x_wconf 86' lang='lat' dir='ltr'>temperare.</span> <span class='ocrx_word' id='word_1_6' title='bbox 982 1017 1063 1077; x_wconf 74' lang='lat' dir='ltr'>iiiuc</span> <span class='ocrx_word' id='word_1_7' title='bbox 1079 1016 1243 1076; x_wconf 77' lang='lat' dir='ltr'>sententiae</span> <span class='ocrx_word' id='word_1_8' title='bbox 1258 1031 1427 1075; x_wconf 83' lang='lat' dir='ltr'>assensere</span> <span class='ocrx_word' id='word_1_9' title='bbox 1442 1031 1566 1086; x_wconf 90' lang='lat' dir='ltr'>omnes,</span> <span class='ocrx_word' id='word_1_10' title='bbox 1581 1018 1757 1095; x_wconf 88' lang='lat' dir='ltr'>gratiisque</span> <span class='ocrx_word' id='word_1_11' title='bbox 1772 1022 1837 1082; x_wconf 88' lang='lat' dir='ltr'>Deo</span> <span class='ocrx_word' id='word_1_12' title='bbox 1850 1023 1991 1095; x_wconf 77' lang='lat' dir='ltr'>redditis,</span> <span class='ocrx_word' id='word_1_13' title='bbox 2008 1042 2046 1088; x_wconf 88' lang='lat' dir='ltr'>ac</span> <span class='ocrx_word' id='word_1_14' title='bbox 2059 1044 2137 1104; x_wconf 89' lang='lat' dir='ltr'>pace</span> <span class='ocrx_word' id='word_1_15' title='bbox 2154 1031 2205 1092; x_wconf 84' lang='lat' dir='ltr'>in-</span> 
     </span>
     <span class='ocr_line' id='line_1_3' title="bbox 566 1091 2206 1185; baseline -0.001 -22"><span class='ocrx_word' id='word_1_16' title='bbox 566 1109 670 1165; x_wconf 73' lang='lat' dir='ltr'>vicem</span> <span class='ocrx_word' id='word_1_17' title='bbox 685 1102 771 1170; x_wconf 77' lang='lat' dir='ltr'>daria,</span> <span class='ocrx_word' id='word_1_18' title='bbox 788 1106 822 1159; x_wconf 93' lang='lat' dir='ltr'>ut</span> <span class='ocrx_word' id='word_1_19' title='bbox 837 1115 907 1158; x_wconf 90' lang='lat' dir='ltr'>eam</span> <span class='ocrx_word' id='word_1_20' title='bbox 921 1097 1056 1157; x_wconf 87' lang='lat' dir='ltr'>certiore</span> <span class='ocrx_word' id='word_1_21' title='bbox 1074 1095 1254 1155; x_wconf 88' lang='lat' dir='ltr'>testimonio</span> <span class='ocrx_word' id='word_1_22' title='bbox 1268 1091 1510 1166; x_wconf 85' lang='lat' dir='ltr'>confirmarent,</span> <span class='ocrx_word' id='word_1_23' title='bbox 1525 1097 1664 1155; x_wconf 86' lang='lat' dir='ltr'>orationi</span> <span class='ocrx_word' id='word_1_24' title='bbox 1679 1117 1713 1157; x_wconf 91' lang='lat' dir='ltr'>so</span> <span class='ocrx_word' id='word_1_25' title='bbox 1727 1098 1901 1176; x_wconf 89' lang='lat' dir='ltr'>dederunt;</span> <span class='ocrx_word' id='word_1_26' title='bbox 1920 1105 2111 1183; x_wconf 89' lang='lat' dir='ltr'>solutusque</span> <span class='ocrx_word' id='word_1_27' title='bbox 2125 1126 2206 1185; x_wconf 83' lang='lat' dir='ltr'>pos-</span> 
     </span>
     <span class='ocr_line' id='line_1_4' title="bbox 563 1184 1036 1246; baseline -0.027 0"><span class='ocrx_word' id='word_1_28' title='bbox 563 1195 671 1246; x_wconf 88' lang='lat' dir='ltr'>tremo</span> <span class='ocrx_word' id='word_1_29' title='bbox 687 1188 735 1242; x_wconf 91' lang='lat' dir='ltr'>cst</span> <span class='ocrx_word' id='word_1_30' title='bbox 746 1184 831 1240; x_wconf 92' lang='lat' dir='ltr'>totus</span> <span class='ocrx_word' id='word_1_31' title='bbox 847 1184 1036 1239; x_wconf 82' lang='lat' dir='ltr'>conventus.</span> 
     </span>
    </p>

    <p class='ocr_par' dir='ltr' id='par_1_3' title="bbox 559 1251 2207 2753">
     <span class='ocr_line' id='line_1_5' title="bbox 608 1251 2207 1337; baseline 0.001 -14"><span class='ocrx_word' id='word_1_32' title='bbox 608 1261 737 1323; x_wconf 75' lang='lat' dir='ltr'>Exactis</span> <span class='ocrx_word' id='word_1_33' title='bbox 753 1266 865 1337; x_wconf 80' lang='lat' dir='ltr'>postea</span> <span class='ocrx_word' id='word_1_34' title='bbox 880 1254 1094 1334; x_wconf 89' lang='lat' dir='ltr'>quadraginta</span> <span class='ocrx_word' id='word_1_35' title='bbox 1113 1256 1234 1330; x_wconf 78' lang='lat' dir='ltr'>septem</span> <span class='ocrx_word' id='word_1_36' title='bbox 1248 1251 1383 1327; x_wconf 90' lang='lat' dir='ltr'>diebus,</span> <span class='ocrx_word' id='word_1_37' title='bbox 1400 1271 1473 1315; x_wconf 89' lang='lat' dir='ltr'>cum</span> <span class='ocrx_word' id='word_1_38' title='bbox 1489 1252 1592 1329; x_wconf 93' lang='lat' dir='ltr'>primo</span> <span class='ocrx_word' id='word_1_39' title='bbox 1606 1254 1830 1317; x_wconf 81' lang='lat' dir='ltr'>Encaeniorum</span> <span class='ocrx_word' id='word_1_40' title='bbox 1845 1260 1895 1320; x_wconf 93' lang='lat' dir='ltr'>die</span> <span class='ocrx_word' id='word_1_41' title='bbox 1911 1259 2047 1323; x_wconf 81' lang='lat' dir='ltr'>Orosius</span> <span class='ocrx_word' id='word_1_42' title='bbox 2062 1263 2101 1324; x_wconf 92' lang='lat' dir='ltr'>de</span> <span class='ocrx_word' id='word_1_43' title='bbox 2116 1282 2207 1329; x_wconf 84' lang='lat' dir='ltr'>moro</span> 
     </span>
     <span class='ocr_line' id='line_1_6' title="bbox 564 1332 2206 1410; baseline -0.015 -5"><span class='ocrx_word' id='word_1_44' title='bbox 564 1343 605 1404; x_wconf 87' lang='lat' dir='ltr'>ad</span> <span class='ocrx_word' id='word_1_45' title='bbox 621 1343 779 1402; x_wconf 88' lang='lat' dir='ltr'>loannem</span> <span class='ocrx_word' id='word_1_46' title='bbox 794 1334 1015 1396; x_wconf 89' lang='lat' dir='ltr'>deducendum</span> <span class='ocrx_word' id='word_1_47' title='bbox 1032 1332 1188 1399; x_wconf 90' lang='lat' dir='ltr'>venisset,</span> <span class='ocrx_word' id='word_1_48' title='bbox 1214 1349 1271 1407; x_wconf 90' lang='lat' dir='ltr'>pro</span> <span class='ocrx_word' id='word_1_49' title='bbox 1286 1332 1390 1393; x_wconf 76' lang='lat' dir='ltr'>antica</span> <span class='ocrx_word' id='word_1_50' title='bbox 1406 1333 1601 1392; x_wconf 90' lang='lat' dir='ltr'>salutatione</span> <span class='ocrx_word' id='word_1_51' title='bbox 1614 1342 1767 1410; x_wconf 84' lang='lat' dir='ltr'>exceptas</span> <span class='ocrx_word' id='word_1_52' title='bbox 1782 1339 1823 1396; x_wconf 88' lang='lat' dir='ltr'>ab</span> <span class='ocrx_word' id='word_1_53' title='bbox 1838 1339 1892 1397; x_wconf 77' lang='lat' dir='ltr'>illo</span> <span class='ocrx_word' id='word_1_54' title='bbox 1909 1340 1966 1401; x_wconf 72' lang='lat' dir='ltr'>sup</span> <span class='ocrx_word' id='word_1_55' title='bbox 1981 1340 2067 1402; x_wconf 66' lang='lat' dir='ltr'>hisce</span> <span class='ocrx_word' id='word_1_56' title='bbox 2084 1346 2206 1406; x_wconf 55' lang='lat' dir='ltr'>gesbi„</span> 
     </span>
     <span class='ocr_line' id='line_1_7' title="bbox 565 1408 2207 1495; baseline -0.004 -16"><span class='ocrx_word' id='word_1_57' title='bbox 565 1422 673 1495; x_wconf 73' lang='lat' dir='ltr'>(letare</span> <span class='ocrx_word' id='word_1_58' title='bbox 689 1418 730 1478; x_wconf 89' lang='lat' dir='ltr'>ad</span> <span class='ocrx_word' id='word_1_59' title='bbox 744 1436 788 1475; x_wconf 81' lang='lat' dir='ltr'>tae</span> <span class='ocrx_word' id='word_1_60' title='bbox 802 1415 899 1477; x_wconf 84' lang='lat' dir='ltr'>venis.</span> <span class='ocrx_word' id='word_1_61' title='bbox 917 1414 1005 1473; x_wconf 84' lang='lat' dir='ltr'>boma</span> <span class='ocrx_word' id='word_1_62' title='bbox 1023 1411 1077 1490; x_wconf 84' lang='lat' dir='ltr'>qrti</span> <span class='ocrx_word' id='word_1_63' title='bbox 1097 1408 1339 1487; x_wconf 78' lang='lat' dir='ltr'>blasphemasti?</span> <span class='ocrx_word' id='word_1_64' title='bbox 1360 1410 1405 1469; x_wconf 81' lang='lat' dir='ltr'>Ad</span> <span class='ocrx_word' id='word_1_65' title='bbox 1426 1429 1497 1486; x_wconf 69' lang='lat' dir='ltr'>quae</span> <span class='ocrx_word' id='word_1_66' title='bbox 1516 1412 1682 1486; x_wconf 89' lang='lat' dir='ltr'>perculsus</span> <span class='ocrx_word' id='word_1_67' title='bbox 1702 1413 1854 1486; x_wconf 81' lang='lat' dir='ltr'>Orosius,</span> <span class='ocrx_word' id='word_1_68' title='bbox 1871 1435 1909 1478; x_wconf 91' lang='lat' dir='ltr'>ac</span> <span class='ocrx_word' id='word_1_69' title='bbox 1925 1421 2045 1481; x_wconf 89' lang='lat' dir='ltr'>nullius</span> <span class='ocrx_word' id='word_1_70' title='bbox 2063 1424 2207 1487; x_wconf 66' lang='lat' dir='ltr'>reindui,</span> 
     </span>
     <span class='ocr_line' id='line_1_8' title="bbox 565 1488 2205 1576; baseline -0.005 -15"><span class='ocrx_word' id='word_1_71' title='bbox 565 1501 628 1561; x_wconf 83' lang='lat' dir='ltr'>sibi</span> <span class='ocrx_word' id='word_1_72' title='bbox 646 1497 812 1563; x_wconf 90' lang='lat' dir='ltr'>conscius,</span> <span class='ocrx_word' id='word_1_73' title='bbox 830 1493 921 1553; x_wconf 87' lang='lat' dir='ltr'>illum</span> <span class='ocrx_word' id='word_1_74' title='bbox 943 1490 1085 1569; x_wconf 83' lang='lat' dir='ltr'>rogavit,</span> <span class='ocrx_word' id='word_1_75' title='bbox 1103 1488 1281 1566; x_wconf 87' lang='lat' dir='ltr'>eujusmodi</span> <span class='ocrx_word' id='word_1_76' title='bbox 1308 1488 1557 1566; x_wconf 81' lang='lat' dir='ltr'>blasphemiam,</span> <span class='ocrx_word' id='word_1_77' title='bbox 1576 1491 1781 1565; x_wconf 82' lang='lat' dir='ltr'>quandonam</span> <span class='ocrx_word' id='word_1_78' title='bbox 1805 1512 1842 1554; x_wconf 87' lang='lat' dir='ltr'>aa</span> <span class='ocrx_word' id='word_1_79' title='bbox 1864 1514 1929 1573; x_wconf 87' lang='lat' dir='ltr'>quo</span> <span class='ocrx_word' id='word_1_80' title='bbox 1951 1505 2029 1558; x_wconf 91' lang='lat' dir='ltr'>teste</span> <span class='ocrx_word' id='word_1_81' title='bbox 2048 1504 2205 1576; x_wconf 72' lang='lat' dir='ltr'>prolatam</span> 
     </span>
     <span class='ocr_line' id='line_1_9' title="bbox 566 1566 2205 1656; baseline 0.001 -17"><span class='ocrx_word' id='word_1_82' title='bbox 566 1578 627 1639; x_wconf 80' lang='lat' dir='ltr'>sibi</span> <span class='ocrx_word' id='word_1_83' title='bbox 649 1575 850 1653; x_wconf 89' lang='lat' dir='ltr'>impingeret.</span> <span class='ocrx_word' id='word_1_84' title='bbox 876 1571 949 1647; x_wconf 78' lang='lat' dir='ltr'>Epo</span> <span class='ocrx_word' id='word_1_85' title='bbox 975 1579 1020 1633; x_wconf 89' lang='lat' dir='ltr'>te.</span> <span class='ocrx_word' id='word_1_86' title='bbox 1046 1567 1215 1645; x_wconf 84' lang='lat' dir='ltr'>subjunxit</span> <span class='ocrx_word' id='word_1_87' title='bbox 1238 1566 1436 1645; x_wconf 80' lang='lat' dir='ltr'>Episcopus,</span> <span class='ocrx_word' id='word_1_88' title='bbox 1455 1568 1563 1627; x_wconf 86' lang='lat' dir='ltr'>audivi</span> <span class='ocrx_word' id='word_1_89' title='bbox 1585 1568 1703 1630; x_wconf 70' lang='lat' dir='ltr'>dixisse</span> <span class='ocrx_word' id='word_1_90' title='bbox 1726 1572 1800 1650; x_wconf 84' lang='lat' dir='ltr'>quin</span> <span class='ocrx_word' id='word_1_91' title='bbox 1815 1590 1869 1633; x_wconf 85' lang='lat' dir='ltr'>nec</span> <span class='ocrx_word' id='word_1_92' title='bbox 1888 1594 1955 1634; x_wconf 80' lang='lat' dir='ltr'>euru</span> <span class='ocrx_word' id='word_1_93' title='bbox 1972 1577 2030 1637; x_wconf 79' lang='lat' dir='ltr'>Ilei</span> <span class='ocrx_word' id='word_1_94' title='bbox 2045 1579 2205 1656; x_wconf 83' lang='lat' dir='ltr'>adjutorio</span> 
     </span>
     <span class='ocr_line' id='line_1_10' title="bbox 563 1643 2206 1735; baseline -0.005 -18"><span class='ocrx_word' id='word_1_95' title='bbox 563 1656 743 1735; x_wconf 80' lang='lat' dir='ltr'>possitesse</span> <span class='ocrx_word' id='word_1_96' title='bbox 765 1652 853 1710; x_wconf 78' lang='lat' dir='ltr'>bouso</span> <span class='ocrx_word' id='word_1_97' title='bbox 876 1650 942 1708; x_wconf 87' lang='lat' dir='ltr'>siae</span> <span class='ocrx_word' id='word_1_98' title='bbox 963 1655 1099 1724; x_wconf 86' lang='lat' dir='ltr'>peccata.</span> <span class='ocrx_word' id='word_1_99' title='bbox 1119 1646 1179 1705; x_wconf 82' lang='lat' dir='ltr'>iiic</span> <span class='ocrx_word' id='word_1_100' title='bbox 1203 1643 1338 1706; x_wconf 87' lang='lat' dir='ltr'>Orosius</span> <span class='ocrx_word' id='word_1_101' title='bbox 1366 1648 1629 1725; x_wconf 86' lang='lat' dir='ltr'>presbyterorum</span> <span class='ocrx_word' id='word_1_102' title='bbox 1656 1649 1860 1728; x_wconf 91' lang='lat' dir='ltr'>aliorumque</span> <span class='ocrx_word' id='word_1_103' title='bbox 1884 1655 2027 1713; x_wconf 93' lang='lat' dir='ltr'>omnium</span> <span class='ocrx_word' id='word_1_104' title='bbox 2048 1659 2102 1732; x_wconf 82' lang='lat' dir='ltr'>qui</span> <span class='ocrx_word' id='word_1_105' title='bbox 2130 1666 2206 1721; x_wconf 71' lang='lat' dir='ltr'>tunc</span> 
     </span>
     <span class='ocr_line' id='line_1_11' title="bbox 566 1724 2204 1812; baseline -0.01 -16"><span class='ocrx_word' id='word_1_106' title='bbox 566 1735 714 1800; x_wconf 85' lang='lat' dir='ltr'>aderant,</span> <span class='ocrx_word' id='word_1_107' title='bbox 726 1735 839 1791; x_wconf 85' lang='lat' dir='ltr'>testem</span> <span class='ocrx_word' id='word_1_108' title='bbox 851 1726 1080 1789; x_wconf 90' lang='lat' dir='ltr'>conscientiam</span> <span class='ocrx_word' id='word_1_109' title='bbox 1095 1724 1272 1801; x_wconf 89' lang='lat' dir='ltr'>appellans,</span> <span class='ocrx_word' id='word_1_110' title='bbox 1286 1742 1319 1783; x_wconf 90' lang='lat' dir='ltr'>se</span> <span class='ocrx_word' id='word_1_111' title='bbox 1330 1724 1507 1801; x_wconf 81' lang='lat' dir='ltr'>quidquam</span> <span class='ocrx_word' id='word_1_112' title='bbox 1522 1743 1667 1801; x_wconf 89' lang='lat' dir='ltr'>unquam</span> <span class='ocrx_word' id='word_1_113' title='bbox 1680 1728 1800 1789; x_wconf 78' lang='lat' dir='ltr'>dixisse</span> <span class='ocrx_word' id='word_1_114' title='bbox 1812 1731 1993 1809; x_wconf 84' lang='lat' dir='ltr'>hujusmodi</span> <span class='ocrx_word' id='word_1_115' title='bbox 2007 1740 2204 1812; x_wconf 49' lang='lat' dir='ltr'>pernegavit,</span> 
     </span>
     <span class='ocr_line' id='line_1_12' title="bbox 566 1803 2205 1886; baseline -0.001 -12"><span class='ocrx_word' id='word_1_116' title='bbox 566 1813 604 1874; x_wconf 84' lang='lat' dir='ltr'>Et</span> <span class='ocrx_word' id='word_1_117' title='bbox 620 1818 707 1873; x_wconf 85' lang='lat' dir='ltr'>certe</span> <span class='ocrx_word' id='word_1_118' title='bbox 721 1810 747 1869; x_wconf 92' lang='lat' dir='ltr'>si</span> <span class='ocrx_word' id='word_1_119' title='bbox 767 1808 872 1867; x_wconf 87' lang='lat' dir='ltr'>verbis</span> <span class='ocrx_word' id='word_1_120' title='bbox 890 1807 958 1865; x_wconf 89' lang='lat' dir='ltr'>istis</span> <span class='ocrx_word' id='word_1_121' title='bbox 977 1806 1009 1863; x_wconf 88' lang='lat' dir='ltr'>in</span> <span class='ocrx_word' id='word_1_122' title='bbox 1023 1803 1295 1881; x_wconf 79' lang='lat' dir='ltr'>ierosolymitano</span> <span class='ocrx_word' id='word_1_123' title='bbox 1310 1808 1470 1863; x_wconf 85' lang='lat' dir='ltr'>conventu</span> <span class='ocrx_word' id='word_1_124' title='bbox 1490 1803 1601 1863; x_wconf 86' lang='lat' dir='ltr'>luisset</span> <span class='ocrx_word' id='word_1_125' title='bbox 1616 1823 1713 1875; x_wconf 89' lang='lat' dir='ltr'>usus,</span> <span class='ocrx_word' id='word_1_126' title='bbox 1733 1825 1939 1886; x_wconf 90' lang='lat' dir='ltr'>nequaqnam</span> <span class='ocrx_word' id='word_1_127' title='bbox 1957 1812 2097 1873; x_wconf 72' lang='lat' dir='ltr'>latrones</span> <span class='ocrx_word' id='word_1_128' title='bbox 2112 1833 2205 1873; x_wconf 85' lang='lat' dir='ltr'>eom-</span> 
     </span>
     <span class='ocr_line' id='line_1_13' title="bbox 567 1881 2204 1967; baseline -0.003 -18"><span class='ocrx_word' id='word_1_129' title='bbox 567 1892 727 1951; x_wconf 88' lang='lat' dir='ltr'>missurus</span> <span class='ocrx_word' id='word_1_130' title='bbox 748 1892 836 1955; x_wconf 90' lang='lat' dir='ltr'>erat,</span> <span class='ocrx_word' id='word_1_131' title='bbox 853 1885 931 1962; x_wconf 89' lang='lat' dir='ltr'>quin</span> <span class='ocrx_word' id='word_1_132' title='bbox 956 1901 1029 1944; x_wconf 92' lang='lat' dir='ltr'>eum</span> <span class='ocrx_word' id='word_1_133' title='bbox 1053 1883 1159 1941; x_wconf 90' lang='lat' dir='ltr'>statim</span> <span class='ocrx_word' id='word_1_134' title='bbox 1184 1881 1380 1957; x_wconf 84' lang='lat' dir='ltr'>corriperet,</span> <span class='ocrx_word' id='word_1_135' title='bbox 1400 1900 1438 1942; x_wconf 92' lang='lat' dir='ltr'>ac</span> <span class='ocrx_word' id='word_1_136' title='bbox 1462 1883 1556 1941; x_wconf 90' lang='lat' dir='ltr'>simut</span> <span class='ocrx_word' id='word_1_137' title='bbox 1572 1890 1704 1960; x_wconf 89' lang='lat' dir='ltr'>paterne</span> <span class='ocrx_word' id='word_1_138' title='bbox 1717 1886 1920 1956; x_wconf 86' lang='lat' dir='ltr'>admoneret,</span> <span class='ocrx_word' id='word_1_139' title='bbox 1938 1907 1977 1949; x_wconf 91' lang='lat' dir='ltr'>ne</span> <span class='ocrx_word' id='word_1_140' title='bbox 1994 1891 2024 1949; x_wconf 93' lang='lat' dir='ltr'>in</span> <span class='ocrx_word' id='word_1_141' title='bbox 2043 1901 2204 1967; x_wconf 81' lang='lat' dir='ltr'>posterum</span> 
     </span>
     <span class='ocr_line' id='line_1_14' title="bbox 566 1960 2205 2042; baseline -0.01 -11"><span class='ocrx_word' id='word_1_142' title='bbox 566 1970 748 2031; x_wconf 90' lang='lat' dir='ltr'>orationem</span> <span class='ocrx_word' id='word_1_143' title='bbox 782 1965 862 2026; x_wconf 89' lang='lat' dir='ltr'>adeo</span> <span class='ocrx_word' id='word_1_144' title='bbox 897 1963 1110 2040; x_wconf 88' lang='lat' dir='ltr'>periculosam</span> <span class='ocrx_word' id='word_1_145' title='bbox 1146 1960 1205 2021; x_wconf 89' lang='lat' dir='ltr'>sibi</span> <span class='ocrx_word' id='word_1_146' title='bbox 1234 1967 1397 2037; x_wconf 89' lang='lat' dir='ltr'>pateretur</span> <span class='ocrx_word' id='word_1_147' title='bbox 1423 1960 1581 2020; x_wconf 85' lang='lat' dir='ltr'>excidere.</span> <span class='ocrx_word' id='word_1_148' title='bbox 1611 1963 1721 2039; x_wconf 81' lang='lat' dir='ltr'>Neque</span> <span class='ocrx_word' id='word_1_149' title='bbox 1754 1964 1822 2023; x_wconf 88' lang='lat' dir='ltr'>ulto</span> <span class='ocrx_word' id='word_1_150' title='bbox 1853 1973 1944 2042; x_wconf 90' lang='lat' dir='ltr'>pacto</span> <span class='ocrx_word' id='word_1_151' title='bbox 1972 1978 2041 2030; x_wconf 90' lang='lat' dir='ltr'>erat</span> <span class='ocrx_word' id='word_1_152' title='bbox 2065 1971 2205 2031; x_wconf 79' lang='lat' dir='ltr'>audien.</span> 
     </span>
     <span class='ocr_line' id='line_1_15' title="bbox 568 2038 2203 2121; baseline -0.001 -13"><span class='ocrx_word' id='word_1_153' title='bbox 568 2050 651 2116; x_wconf 85' lang='lat' dir='ltr'>dus,</span> <span class='ocrx_word' id='word_1_154' title='bbox 675 2063 750 2106; x_wconf 92' lang='lat' dir='ltr'>cum</span> <span class='ocrx_word' id='word_1_155' title='bbox 771 2050 843 2121; x_wconf 90' lang='lat' dir='ltr'>post</span> <span class='ocrx_word' id='word_1_156' title='bbox 862 2048 991 2102; x_wconf 79' lang='lat' dir='ltr'>exactos</span> <span class='ocrx_word' id='word_1_157' title='bbox 1016 2045 1098 2100; x_wconf 91' lang='lat' dir='ltr'>totos</span> <span class='ocrx_word' id='word_1_158' title='bbox 1124 2038 1337 2117; x_wconf 88' lang='lat' dir='ltr'>quadraginta</span> <span class='ocrx_word' id='word_1_159' title='bbox 1362 2044 1483 2115; x_wconf 86' lang='lat' dir='ltr'>sepiem</span> <span class='ocrx_word' id='word_1_160' title='bbox 1510 2040 1576 2099; x_wconf 91' lang='lat' dir='ltr'>dies</span> <span class='ocrx_word' id='word_1_161' title='bbox 1607 2041 1675 2118; x_wconf 84' lang='lat' dir='ltr'>ejus</span> <span class='ocrx_word' id='word_1_162' title='bbox 1700 2042 1906 2120; x_wconf 80' lang='lat' dir='ltr'>blasphemiae</span> <span class='ocrx_word' id='word_1_163' title='bbox 1926 2065 1997 2106; x_wconf 79' lang='lat' dir='ltr'>euin</span> <span class='ocrx_word' id='word_1_164' title='bbox 2020 2056 2203 2119; x_wconf 85' lang='lat' dir='ltr'>accusaret,</span> 
     </span>
     <span class='ocr_line' id='line_1_16' title="bbox 568 2118 2204 2205; baseline -0.001 -19"><span class='ocrx_word' id='word_1_165' title='bbox 568 2143 664 2203; x_wconf 89' lang='lat' dir='ltr'>quam</span> <span class='ocrx_word' id='word_1_166' title='bbox 680 2126 722 2183; x_wconf 90' lang='lat' dir='ltr'>ab</span> <span class='ocrx_word' id='word_1_167' title='bbox 738 2123 794 2182; x_wconf 88' lang='lat' dir='ltr'>ilio</span> <span class='ocrx_word' id='word_1_168' title='bbox 810 2120 944 2198; x_wconf 88' lang='lat' dir='ltr'>prolerri</span> <span class='ocrx_word' id='word_1_169' title='bbox 961 2137 1026 2179; x_wconf 94' lang='lat' dir='ltr'>non</span> <span class='ocrx_word' id='word_1_170' title='bbox 1042 2120 1125 2179; x_wconf 89' lang='lat' dir='ltr'>alius</span> <span class='ocrx_word' id='word_1_171' title='bbox 1143 2118 1315 2194; x_wconf 90' lang='lat' dir='ltr'>qnisquam</span> <span class='ocrx_word' id='word_1_172' title='bbox 1331 2118 1601 2178; x_wconf 84' lang='lat' dir='ltr'>animadverterat</span> <span class='ocrx_word' id='word_1_173' title='bbox 1613 2138 1620 2176; x_wconf 75' lang='grc' dir='ltr'><strong><em>ε</em></strong></span> <span class='ocrx_word' id='word_1_174' title='bbox 1634 2122 1677 2180; x_wconf 90' lang='lat' dir='ltr'>ita</span> <span class='ocrx_word' id='word_1_175' title='bbox 1691 2126 1726 2179; x_wconf 91' lang='lat' dir='ltr'>ut</span> <span class='ocrx_word' id='word_1_176' title='bbox 1739 2122 1820 2180; x_wconf 92' lang='lat' dir='ltr'>idem</span> <span class='ocrx_word' id='word_1_177' title='bbox 1836 2130 1867 2183; x_wconf 91' lang='lat' dir='ltr'>et</span> <span class='ocrx_word' id='word_1_178' title='bbox 1883 2132 2051 2185; x_wconf 90' lang='lat' dir='ltr'>accusator</span> <span class='ocrx_word' id='word_1_179' title='bbox 2062 2133 2092 2187; x_wconf 91' lang='lat' dir='ltr'>et</span> <span class='ocrx_word' id='word_1_180' title='bbox 2104 2128 2204 2205; x_wconf 75' lang='lat' dir='ltr'>iudex</span> 
     </span>
     <span class='ocr_line' id='line_1_17' title="bbox 571 2197 2203 2282; baseline 0.001 -18"><span class='ocrx_word' id='word_1_181' title='bbox 571 2212 653 2264; x_wconf 88' lang='lat' dir='ltr'>esset</span> <span class='ocrx_word' id='word_1_182' title='bbox 667 2203 741 2280; x_wconf 77' lang='lat' dir='ltr'>ejus</span> <span class='ocrx_word' id='word_1_183' title='bbox 757 2199 911 2267; x_wconf 90' lang='lat' dir='ltr'>criminis,</span> <span class='ocrx_word' id='word_1_184' title='bbox 930 2199 1022 2276; x_wconf 84' lang='lat' dir='ltr'>cujus</span> <span class='ocrx_word' id='word_1_185' title='bbox 1035 2198 1167 2257; x_wconf 89' lang='lat' dir='ltr'>unicum</span> <span class='ocrx_word' id='word_1_186' title='bbox 1181 2215 1214 2256; x_wconf 91' lang='lat' dir='ltr'>se</span> <span class='ocrx_word' id='word_1_187' title='bbox 1233 2201 1344 2274; x_wconf 87' lang='lat' dir='ltr'>testem</span> <span class='ocrx_word' id='word_1_188' title='bbox 1363 2203 1472 2273; x_wconf 91' lang='lat' dir='ltr'>posset</span> <span class='ocrx_word' id='word_1_189' title='bbox 1484 2197 1643 2274; x_wconf 81' lang='lat' dir='ltr'>allegare3</span> <span class='ocrx_word' id='word_1_190' title='bbox 1661 2201 1786 2260; x_wconf 88' lang='lat' dir='ltr'>tametsi</span> <span class='ocrx_word' id='word_1_191' title='bbox 1805 2201 1901 2260; x_wconf 89' lang='lat' dir='ltr'>homo</span> <span class='ocrx_word' id='word_1_192' title='bbox 1925 2204 2023 2264; x_wconf 90' lang='lat' dir='ltr'>latine</span> <span class='ocrx_word' id='word_1_193' title='bbox 2050 2206 2203 2282; x_wconf 90' lang='lat' dir='ltr'>ignarus,</span> 
     </span>
     <span class='ocr_line' id='line_1_18' title="bbox 573 2276 2204 2359; baseline 0 -20"><span class='ocrx_word' id='word_1_194' title='bbox 573 2282 642 2341; x_wconf 89' lang='lat' dir='ltr'>dicti</span> <span class='ocrx_word' id='word_1_195' title='bbox 657 2281 762 2342; x_wconf 89' lang='lat' dir='ltr'>iatine</span> <span class='ocrx_word' id='word_1_196' title='bbox 783 2278 898 2357; x_wconf 88' lang='lat' dir='ltr'>prolati</span> <span class='ocrx_word' id='word_1_197' title='bbox 922 2293 1129 2353; x_wconf 87' lang='lat' dir='ltr'>nequaquam</span> <span class='ocrx_word' id='word_1_198' title='bbox 1154 2293 1213 2352; x_wconf 90' lang='lat' dir='ltr'>pro</span> <span class='ocrx_word' id='word_1_199' title='bbox 1239 2280 1319 2335; x_wconf 88' lang='lat' dir='ltr'>teste</span> <span class='ocrx_word' id='word_1_200' title='bbox 1340 2276 1454 2336; x_wconf 91' lang='lat' dir='ltr'>idoneo</span> <span class='ocrx_word' id='word_1_201' title='bbox 1480 2276 1645 2336; x_wconf 87' lang='lat' dir='ltr'>habendus</span> <span class='ocrx_word' id='word_1_202' title='bbox 1671 2284 1772 2351; x_wconf 91' lang='lat' dir='ltr'>esset;</span> <span class='ocrx_word' id='word_1_203' title='bbox 1789 2298 1848 2340; x_wconf 91' lang='lat' dir='ltr'>nec</span> <span class='ocrx_word' id='word_1_204' title='bbox 1869 2282 1897 2340; x_wconf 92' lang='lat' dir='ltr'>ei</span> <span class='ocrx_word' id='word_1_205' title='bbox 1924 2283 2099 2359; x_wconf 89' lang='lat' dir='ltr'>quidquam</span> <span class='ocrx_word' id='word_1_206' title='bbox 2116 2284 2204 2345; x_wconf 85' lang='lat' dir='ltr'>aliud</span> 
     </span>
     <span class='ocr_line' id='line_1_19' title="bbox 567 2354 2201 2439; baseline 0.002 -21"><span class='ocrx_word' id='word_1_207' title='bbox 567 2360 732 2420; x_wconf 81' lang='lat' dir='ltr'>affirmare</span> <span class='ocrx_word' id='word_1_208' title='bbox 747 2360 868 2424; x_wconf 90' lang='lat' dir='ltr'>liceret,</span> <span class='ocrx_word' id='word_1_209' title='bbox 887 2356 949 2415; x_wconf 91' lang='lat' dir='ltr'>nisi</span> <span class='ocrx_word' id='word_1_210' title='bbox 966 2355 1008 2414; x_wconf 92' lang='lat' dir='ltr'>ita</span> <span class='ocrx_word' id='word_1_211' title='bbox 1025 2372 1059 2415; x_wconf 91' lang='lat' dir='ltr'>se</span> <span class='ocrx_word' id='word_1_212' title='bbox 1074 2373 1114 2414; x_wconf 86' lang='lat' dir='ltr'>ex</span> <span class='ocrx_word' id='word_1_213' title='bbox 1133 2371 1189 2415; x_wconf 89' lang='lat' dir='ltr'>ore</span> <span class='ocrx_word' id='word_1_214' title='bbox 1204 2354 1386 2431; x_wconf 79' lang='lat' dir='ltr'>interpretis</span> <span class='ocrx_word' id='word_1_215' title='bbox 1403 2354 1562 2414; x_wconf 88' lang='lat' dir='ltr'>didicisse.</span> <span class='ocrx_word' id='word_1_216' title='bbox 1578 2355 1611 2415; x_wconf 91' lang='lat' dir='ltr'>ld</span> <span class='ocrx_word' id='word_1_217' title='bbox 1625 2357 1766 2430; x_wconf 88' lang='lat' dir='ltr'>quidem,</span> <span class='ocrx_word' id='word_1_218' title='bbox 1784 2364 1892 2434; x_wconf 86' lang='lat' dir='ltr'>postea</span> <span class='ocrx_word' id='word_1_219' title='bbox 1911 2359 1991 2421; x_wconf 92' lang='lat' dir='ltr'>iorte</span> <span class='ocrx_word' id='word_1_220' title='bbox 2007 2369 2201 2439; x_wconf 90' lang='lat' dir='ltr'>corruptus,</span> 
     </span>
     <span class='ocr_line' id='line_1_20' title="bbox 561 2432 2203 2511; baseline 0.005 -16"><span class='ocrx_word' id='word_1_221' title='bbox 561 2437 691 2499; x_wconf 83' lang='lat' dir='ltr'>dixisse</span> <span class='ocrx_word' id='word_1_222' title='bbox 716 2436 839 2496; x_wconf 88' lang='lat' dir='ltr'>ridetur</span> <span class='ocrx_word' id='word_1_223' title='bbox 855 2435 1014 2510; x_wconf 78' lang='lat' dir='ltr'>interpres</span> <span class='ocrx_word' id='word_1_224' title='bbox 1028 2477 1036 2503; x_wconf 92' lang='lat'>,</span> <span class='ocrx_word' id='word_1_225' title='bbox 1050 2450 1088 2494; x_wconf 89' lang='lat' dir='ltr'>ac</span> <span class='ocrx_word' id='word_1_226' title='bbox 1110 2432 1308 2508; x_wconf 89' lang='lat' dir='ltr'>postulasse,</span> <span class='ocrx_word' id='word_1_227' title='bbox 1325 2438 1359 2491; x_wconf 90' lang='lat' dir='ltr'>nt</span> <span class='ocrx_word' id='word_1_228' title='bbox 1383 2434 1443 2492; x_wconf 90' lang='lat' dir='ltr'>sibi</span> <span class='ocrx_word' id='word_1_229' title='bbox 1468 2434 1522 2509; x_wconf 89' lang='lat' dir='ltr'>qui</span> <span class='ocrx_word' id='word_1_230' title='bbox 1544 2434 1709 2494; x_wconf 89' lang='lat' dir='ltr'>mendacio</span> <span class='ocrx_word' id='word_1_231' title='bbox 1731 2453 1791 2495; x_wconf 92' lang='lat' dir='ltr'>suo</span> <span class='ocrx_word' id='word_1_232' title='bbox 1815 2437 1907 2496; x_wconf 86' lang='lat' dir='ltr'>fidem</span> <span class='ocrx_word' id='word_1_233' title='bbox 1926 2438 2086 2511; x_wconf 88' lang='lat' dir='ltr'>iacerent,</span> <span class='ocrx_word' id='word_1_234' title='bbox 2107 2447 2203 2503; x_wconf 87' lang='lat' dir='ltr'>testes</span> 
     </span>
     <span class='ocr_line' id='line_1_21' title="bbox 582 2512 2204 2595; baseline 0.001 -18"><span class='ocrx_word' id='word_1_235' title='bbox 582 2519 763 2577; x_wconf 84' lang='lat' dir='ltr'>raeberent.</span> <span class='ocrx_word' id='word_1_236' title='bbox 777 2516 869 2574; x_wconf 90' lang='lat' dir='ltr'>Paret</span> <span class='ocrx_word' id='word_1_237' title='bbox 892 2514 1010 2582; x_wconf 90' lang='lat' dir='ltr'>etiam,</span> <span class='ocrx_word' id='word_1_238' title='bbox 1027 2512 1211 2571; x_wconf 89' lang='lat' dir='ltr'>testimonio</span> <span class='ocrx_word' id='word_1_239' title='bbox 1238 2527 1298 2569; x_wconf 93' lang='lat' dir='ltr'>suo</span> <span class='ocrx_word' id='word_1_240' title='bbox 1322 2512 1581 2571; x_wconf 85' lang='lat' dir='ltr'>criminationem</span> <span class='ocrx_word' id='word_1_241' title='bbox 1607 2513 1816 2575; x_wconf 85' lang='lat' dir='ltr'>confirmasse</span> <span class='ocrx_word' id='word_1_242' title='bbox 1842 2516 2022 2594; x_wconf 87' lang='lat' dir='ltr'>Pelagium,</span> <span class='ocrx_word' id='word_1_243' title='bbox 2037 2536 2131 2595; x_wconf 90' lang='lat' dir='ltr'>quem</span> <span class='ocrx_word' id='word_1_244' title='bbox 2148 2521 2204 2583; x_wconf 76' lang='lat' dir='ltr'>itta</span> 
     </span>
     <span class='ocr_line' id='line_1_22' title="bbox 559 2535 2201 2669; baseline 0.001 -15"><span class='ocrx_word' id='word_1_245' title='bbox 559 2535 655 2654; x_wconf 66' lang='lat' dir='ltr'>lmud</span> <span class='ocrx_word' id='word_1_246' title='bbox 672 2593 767 2652; x_wconf 88' lang='lat' dir='ltr'>dubie</span> <span class='ocrx_word' id='word_1_247' title='bbox 779 2591 882 2652; x_wconf 89' lang='lat' dir='ltr'>Orosii</span> <span class='ocrx_word' id='word_1_248' title='bbox 900 2592 996 2651; x_wconf 87' lang='lat' dir='ltr'>verba</span> <span class='ocrx_word' id='word_1_249' title='bbox 1014 2591 1187 2664; x_wconf 89' lang='lat' dir='ltr'>respiciunt</span> <span class='ocrx_word' id='word_1_250' title='bbox 1204 2608 1211 2646; x_wconf 90' lang='lat'>:</span> <span class='ocrx_word' id='word_1_251' title='bbox 1228 2587 1376 2647; x_wconf 82' lang='lat' dir='ltr'>Canador</span> <span class='ocrx_word' id='word_1_252' title='bbox 1391 2590 1562 2665; x_wconf 70' lang='lat' dir='ltr'>expetirere,</span> <span class='ocrx_word' id='word_1_253' title='bbox 1578 2589 1611 2648; x_wconf 87' lang='lat' dir='ltr'>lti</span> <span class='ocrx_word' id='word_1_254' title='bbox 1625 2592 1680 2668; x_wconf 86' lang='lat' dir='ltr'>qui</span> <span class='ocrx_word' id='word_1_255' title='bbox 1698 2592 1743 2651; x_wconf 88' lang='lat' dir='ltr'>itu</span> <span class='ocrx_word' id='word_1_256' title='bbox 1755 2612 1812 2651; x_wconf 86' lang='lat' dir='ltr'>aas</span> <span class='ocrx_word' id='word_1_257' title='bbox 1827 2596 2024 2669; x_wconf 68' lang='lat' dir='ltr'>suspendisse</span> <span class='ocrx_word' id='word_1_258' title='bbox 2038 2607 2201 2665; x_wconf 82' lang='lat' dir='ltr'>asserunt,</span> 
     </span>
     <span class='ocr_line' id='line_1_23' title="bbox 560 2666 2199 2753; baseline -0.001 -21"><span class='ocrx_word' id='word_1_259' title='bbox 560 2671 705 2750; x_wconf 71' lang='lat' dir='ltr'>garruliter</span> <span class='ocrx_word' id='word_1_260' title='bbox 723 2671 784 2749; x_wconf 83' lang='lat' dir='ltr'>ipsi</span> <span class='ocrx_word' id='word_1_261' title='bbox 806 2671 1015 2747; x_wconf 79' lang='lat' dir='ltr'>interrogasse</span> <span class='ocrx_word' id='word_1_262' title='bbox 1038 2669 1214 2735; x_wconf 85' lang='lat' dir='ltr'>videantur,</span> <span class='ocrx_word' id='word_1_263' title='bbox 1230 2671 1290 2727; x_wconf 88' lang='lat' dir='ltr'>etc.</span> <span class='ocrx_word' id='word_1_264' title='bbox 1306 2667 1359 2729; x_wconf 79' lang='lat' dir='ltr'>Ait</span> <span class='ocrx_word' id='word_1_265' title='bbox 1385 2668 1466 2727; x_wconf 86' lang='lat' dir='ltr'>enirn</span> <span class='ocrx_word' id='word_1_266' title='bbox 1486 2686 1504 2726; x_wconf 90' lang='lat' dir='ltr'>a</span> <span class='ocrx_word' id='word_1_267' title='bbox 1527 2666 1616 2729; x_wconf 83' lang='lat' dir='ltr'>nadis</span> <span class='ocrx_word' id='word_1_268' title='bbox 1639 2688 1700 2728; x_wconf 87' lang='lat' dir='ltr'>esse</span> <span class='ocrx_word' id='word_1_269' title='bbox 1721 2688 1899 2749; x_wconf 83' lang='lat' dir='ltr'>responsum</span> <span class='ocrx_word' id='word_1_270' title='bbox 1918 2672 2199 2753; x_wconf 67' lang='lat' dir='ltr'>(lrtsra‚1ippeud.</span> 
     </span>
    </p>

    <p class='ocr_par' dir='ltr' id='par_1_4' title="bbox 561 2749 2203 3535">
     <span class='ocr_line' id='line_1_24' title="bbox 588 2749 792 2814; baseline 0 -6"><span class='ocrx_word' id='word_1_271' title='bbox 588 2749 689 2808; x_wconf 66' lang='lat' dir='ltr'>erteP</span> <span class='ocrx_word' id='word_1_272' title='bbox 708 2797 714 2814; x_wconf 91' lang='lat'>,</span> <span class='ocrx_word' id='word_1_273' title='bbox 733 2755 792 2809; x_wconf 90' lang='lat' dir='ltr'>etc.</span> 
     </span>
     <span class='ocr_line' id='line_1_25' title="bbox 563 2751 2202 2907; baseline -0.007 -17"><span class='ocrx_word' id='word_1_274' title='bbox 563 2770 585 2828; x_wconf 58' lang='grc' dir='ltr'>ρ</span> <span class='ocrx_word' id='word_1_275' title='bbox 604 2751 723 2889; x_wconf 78' lang='lat' dir='ltr'>Oroslo</span> <span class='ocrx_word' id='word_1_276' title='bbox 738 2828 816 2888; x_wconf 87' lang='lat' dir='ltr'>satis</span> <span class='ocrx_word' id='word_1_277' title='bbox 832 2844 895 2886; x_wconf 90' lang='lat' dir='ltr'>non</span> <span class='ocrx_word' id='word_1_278' title='bbox 913 2825 982 2891; x_wconf 87' lang='lat' dir='ltr'>luit,</span> <span class='ocrx_word' id='word_1_279' title='bbox 999 2830 1109 2886; x_wconf 87' lang='lat' dir='ltr'>eontra</span> <span class='ocrx_word' id='word_1_280' title='bbox 1125 2826 1259 2885; x_wconf 83' lang='lat' dir='ltr'>loannis</span> <span class='ocrx_word' id='word_1_281' title='bbox 1275 2824 1531 2885; x_wconf 84' lang='lat' dir='ltr'>criminationem</span> <span class='ocrx_word' id='word_1_282' title='bbox 1546 2826 1651 2885; x_wconf 89' lang='lat' dir='ltr'>verbis</span> <span class='ocrx_word' id='word_1_283' title='bbox 1667 2827 1875 2898; x_wconf 76' lang='lat' dir='ltr'>reclamasse3</span> <span class='ocrx_word' id='word_1_284' title='bbox 1893 2830 1945 2889; x_wconf 91' lang='lat' dir='ltr'>sed</span> <span class='ocrx_word' id='word_1_285' title='bbox 1962 2829 2095 2907; x_wconf 86' lang='lat' dir='ltr'>insuper</span> <span class='ocrx_word' id='word_1_286' title='bbox 2109 2832 2202 2893; x_wconf 74' lang='lat' dir='ltr'>inno.</span> 
     </span>
     <span class='ocr_line' id='line_1_26' title="bbox 562 2903 2201 2982; baseline -0.004 -18"><span class='ocrx_word' id='word_1_287' title='bbox 562 2909 704 2967; x_wconf 86' lang='lat' dir='ltr'>rentiam</span> <span class='ocrx_word' id='word_1_288' title='bbox 721 2924 814 2967; x_wconf 92' lang='lat' dir='ltr'>suam</span> <span class='ocrx_word' id='word_1_289' title='bbox 832 2905 905 2966; x_wconf 91' lang='lat' dir='ltr'>stilo</span> <span class='ocrx_word' id='word_1_290' title='bbox 925 2921 1130 2982; x_wconf 80' lang='lat' dir='ltr'>propugnare</span> <span class='ocrx_word' id='word_1_291' title='bbox 1146 2903 1205 2963; x_wconf 90' lang='lat' dir='ltr'>sibi</span> <span class='ocrx_word' id='word_1_292' title='bbox 1223 2905 1442 2964; x_wconf 89' lang='lat' dir='ltr'>necessarium</span> <span class='ocrx_word' id='word_1_293' title='bbox 1458 2904 1550 2962; x_wconf 77' lang='lat' dir='ltr'>drmit</span> <span class='ocrx_word' id='word_1_294' title='bbox 1565 2924 1571 2960; x_wconf 93' lang='lat'>:</span> <span class='ocrx_word' id='word_1_295' title='bbox 1590 2905 1784 2980; x_wconf 76' lang='lat' dir='ltr'>gavisusque</span> <span class='ocrx_word' id='word_1_296' title='bbox 1800 2907 1895 2965; x_wconf 90' lang='lat' dir='ltr'>etiam</span> <span class='ocrx_word' id='word_1_297' title='bbox 1910 2914 1969 2977; x_wconf 85' lang='lat' dir='ltr'>est,</span> <span class='ocrx_word' id='word_1_298' title='bbox 1985 2910 2126 2968; x_wconf 76' lang='lat' dir='ltr'>obtutam</span> <span class='ocrx_word' id='word_1_299' title='bbox 2141 2910 2201 2972; x_wconf 70' lang='lat' dir='ltr'>sibi</span> 
     </span>
     <span class='ocr_line' id='line_1_27' title="bbox 561 2982 2202 3062; baseline 0.003 -19"><span class='ocrx_word' id='word_1_300' title='bbox 561 2988 771 3047; x_wconf 85' lang='lat' dir='ltr'>occasionem</span> <span class='ocrx_word' id='word_1_301' title='bbox 798 2984 969 3061; x_wconf 89' lang='lat' dir='ltr'>impietatis</span> <span class='ocrx_word' id='word_1_302' title='bbox 998 2984 1112 3059; x_wconf 85' lang='lat' dir='ltr'>Pelagii</span> <span class='ocrx_word' id='word_1_303' title='bbox 1144 2984 1175 3041; x_wconf 92' lang='lat' dir='ltr'>in</span> <span class='ocrx_word' id='word_1_304' title='bbox 1203 2985 1308 3042; x_wconf 91' lang='lat' dir='ltr'>lucem</span> <span class='ocrx_word' id='word_1_305' title='bbox 1334 2982 1550 3059; x_wconf 78' lang='lat' dir='ltr'>proferendae,</span> <span class='ocrx_word' id='word_1_306' title='bbox 1568 2988 1655 3042; x_wconf 86' lang='lat' dir='ltr'>ratas</span> <span class='ocrx_word' id='word_1_307' title='bbox 1685 3001 1746 3041; x_wconf 93' lang='lat' dir='ltr'>nnn</span> <span class='ocrx_word' id='word_1_308' title='bbox 1777 2985 1845 3044; x_wconf 90' lang='lat' dir='ltr'>sine</span> <span class='ocrx_word' id='word_1_309' title='bbox 1869 2985 1977 3047; x_wconf 84' lang='lat' dir='ltr'>divina</span> <span class='ocrx_word' id='word_1_310' title='bbox 2002 2989 2202 3062; x_wconf 88' lang='lat' dir='ltr'>providentia</span> 
     </span>
     <span class='ocr_line' id='line_1_28' title="bbox 563 3061 2201 3146; baseline -0.002 -24"><span class='ocrx_word' id='word_1_311' title='bbox 563 3064 697 3134; x_wconf 71' lang='lat' dir='ltr'>iactum,</span> <span class='ocrx_word' id='word_1_312' title='bbox 715 3071 749 3123; x_wconf 87' lang='lat' dir='ltr'>ut</span> <span class='ocrx_word' id='word_1_313' title='bbox 767 3064 990 3123; x_wconf 81' lang='lat' dir='ltr'>lraercticorum</span> <span class='ocrx_word' id='word_1_314' title='bbox 1014 3061 1208 3138; x_wconf 84' lang='lat' dir='ltr'>procacitate</span> <span class='ocrx_word' id='word_1_315' title='bbox 1226 3062 1346 3120; x_wconf 90' lang='lat' dir='ltr'>malum</span> <span class='ocrx_word' id='word_1_316' title='bbox 1367 3061 1433 3138; x_wconf 73' lang='lat' dir='ltr'>Jam</span> <span class='ocrx_word' id='word_1_317' title='bbox 1456 3077 1549 3136; x_wconf 82' lang='lat' dir='ltr'>mqtro</span> <span class='ocrx_word' id='word_1_318' title='bbox 1567 3063 1738 3136; x_wconf 82' lang='lat' dir='ltr'>patientius</span> <span class='ocrx_word' id='word_1_319' title='bbox 1756 3065 1925 3123; x_wconf 79' lang='lat' dir='ltr'>ttrleratum</span> <span class='ocrx_word' id='word_1_320' title='bbox 1943 3065 2090 3142; x_wconf 85' lang='lat' dir='ltr'>delegere</span> <span class='ocrx_word' id='word_1_321' title='bbox 2105 3085 2201 3146; x_wconf 76' lang='lat' dir='ltr'>coge-</span> 
     </span>
     <span class='ocr_line' id='line_1_29' title="bbox 565 3139 2202 3222; baseline -0.001 -19"><span class='ocrx_word' id='word_1_322' title='bbox 565 3149 673 3213; x_wconf 88' lang='lat' dir='ltr'>retur,</span> <span class='ocrx_word' id='word_1_323' title='bbox 689 3148 722 3203; x_wconf 93' lang='lat' dir='ltr'>et</span> <span class='ocrx_word' id='word_1_324' title='bbox 740 3142 837 3202; x_wconf 90' lang='lat' dir='ltr'>simul</span> <span class='ocrx_word' id='word_1_325' title='bbox 858 3158 921 3199; x_wconf 90' lang='lat' dir='ltr'>non</span> <span class='ocrx_word' id='word_1_326' title='bbox 939 3158 1081 3200; x_wconf 85' lang='lat' dir='ltr'>errorem</span> <span class='ocrx_word' id='word_1_327' title='bbox 1104 3140 1196 3198; x_wconf 90' lang='lat' dir='ltr'>modo</span> <span class='ocrx_word' id='word_1_328' title='bbox 1222 3140 1433 3216; x_wconf 82' lang='lat' dir='ltr'>impugnare,</span> <span class='ocrx_word' id='word_1_329' title='bbox 1450 3139 1535 3215; x_wconf 87' lang='lat' dir='ltr'>quod</span> <span class='ocrx_word' id='word_1_330' title='bbox 1561 3140 1716 3199; x_wconf 86' lang='lat' dir='ltr'>hactenns</span> <span class='ocrx_word' id='word_1_331' title='bbox 1739 3143 1871 3202; x_wconf 84' lang='lat' dir='ltr'>Aurelio</span> <span class='ocrx_word' id='word_1_332' title='bbox 1887 3146 2088 3221; x_wconf 74' lang='lat' dir='ltr'>Augustino,</span> <span class='ocrx_word' id='word_1_333' title='bbox 2105 3152 2202 3222; x_wconf 81' lang='lat' dir='ltr'>atque</span> 
     </span>
     <span class='ocr_line' id='line_1_30' title="bbox 564 3218 2203 3300; baseline -0.007 -19"><span class='ocrx_word' id='word_1_334' title='bbox 564 3222 765 3300; x_wconf 81' lang='lat' dir='ltr'>Hieronymo</span> <span class='ocrx_word' id='word_1_335' title='bbox 780 3220 926 3280; x_wconf 84' lang='lat' dir='ltr'>sniiicere</span> <span class='ocrx_word' id='word_1_336' title='bbox 944 3219 1048 3278; x_wconf 87' lang='lat' dir='ltr'>risum</span> <span class='ocrx_word' id='word_1_337' title='bbox 1065 3218 1179 3286; x_wconf 85' lang='lat' dir='ltr'>lucrat,</span> <span class='ocrx_word' id='word_1_338' title='bbox 1204 3219 1258 3277; x_wconf 90' lang='lat' dir='ltr'>sed</span> <span class='ocrx_word' id='word_1_339' title='bbox 1274 3219 1359 3294; x_wconf 84' lang='lat' dir='ltr'>ipsas</span> <span class='ocrx_word' id='word_1_340' title='bbox 1376 3235 1506 3293; x_wconf 87' lang='lat' dir='ltr'>quoque.</span> <span class='ocrx_word' id='word_1_341' title='bbox 1522 3218 1744 3278; x_wconf 72' lang='lat' dir='ltr'>haereticorum</span> <span class='ocrx_word' id='word_1_342' title='bbox 1768 3238 1923 3296; x_wconf 84' lang='lat' dir='ltr'>personas</span> <span class='ocrx_word' id='word_1_343' title='bbox 1941 3221 2063 3298; x_wconf 69' lang='lat' dir='ltr'>(titan.</span> <span class='ocrx_word' id='word_1_344' title='bbox 2088 3224 2203 3284; x_wconf 86' lang='lat' dir='ltr'>Enim.</span> 
     </span>
     <span class='ocr_line' id='line_1_31' title="bbox 565 3296 2201 3377; baseline -0.008 -18"><span class='ocrx_word' id='word_1_345' title='bbox 565 3318 644 3360; x_wconf 87' lang='lat' dir='ltr'>rero</span> <span class='ocrx_word' id='word_1_346' title='bbox 669 3302 822 3361; x_wconf 86' lang='lat' dir='ltr'>cernebat</span> <span class='ocrx_word' id='word_1_347' title='bbox 848 3299 1008 3376; x_wconf 85' lang='lat' dir='ltr'>Pelagium</span> <span class='ocrx_word' id='word_1_348' title='bbox 1036 3314 1073 3357; x_wconf 88' lang='lat' dir='ltr'>ae</span> <span class='ocrx_word' id='word_1_349' title='bbox 1100 3296 1281 3356; x_wconf 76' lang='lat' dir='ltr'>Calestium</span> <span class='ocrx_word' id='word_1_350' title='bbox 1309 3296 1437 3356; x_wconf 77' lang='lat' dir='ltr'>heresis</span> <span class='ocrx_word' id='word_1_351' title='bbox 1453 3298 1621 3357; x_wconf 78' lang='lat' dir='ltr'>sotericus</span> <span class='ocrx_word' id='word_1_352' title='bbox 1637 3298 1743 3371; x_wconf 88' lang='lat' dir='ltr'>palam</span> <span class='ocrx_word' id='word_1_353' title='bbox 1760 3299 2058 3377; x_wconf 62' lang='lat' dir='ltr'>ubiqtrespargmp,</span> <span class='ocrx_word' id='word_1_354' title='bbox 2076 3320 2201 3363; x_wconf 58' lang='lat' dir='ltr'>nocuo„</span> 
     </span>
     <span class='ocr_line' id='line_1_32' title="bbox 563 3375 2197 3513; baseline 0.001 -75"><span class='ocrx_word' id='word_1_355' title='bbox 563 3395 690 3440; x_wconf 86' lang='lat' dir='ltr'>sacram</span> <span class='ocrx_word' id='word_1_356' title='bbox 707 3378 814 3438; x_wconf 91' lang='lat' dir='ltr'>sedem</span> <span class='ocrx_word' id='word_1_357' title='bbox 829 3376 976 3437; x_wconf 75' lang='lat' dir='ltr'>Ecclesiae</span> <span class='ocrx_word' id='word_1_358' title='bbox 989 3376 1277 3513; x_wconf 55' lang='lat' dir='ltr'>lerosopymitanaa,</span> <span class='ocrx_word' id='word_1_359' title='bbox 1295 3375 1325 3433; x_wconf 93' lang='lat' dir='ltr'>in</span> <span class='ocrx_word' id='word_1_360' title='bbox 1342 3391 1440 3450; x_wconf 85' lang='lat' dir='ltr'>qnam</span> <span class='ocrx_word' id='word_1_361' title='bbox 1456 3375 1662 3450; x_wconf 85' lang='lat' dir='ltr'>irrepserant,</span> <span class='ocrx_word' id='word_1_362' title='bbox 1679 3379 1876 3451; x_wconf 88' lang='lat' dir='ltr'>usqueadeo</span> <span class='ocrx_word' id='word_1_363' title='bbox 1892 3384 1999 3439; x_wconf 88' lang='lat' dir='ltr'>tenere</span> <span class='ocrx_word' id='word_1_364' title='bbox 2020 3381 2197 3452; x_wconf 88' lang='lat' dir='ltr'>obsessam,</span> 
     </span>
     <span class='ocr_line' id='line_1_33' title="bbox 563 3451 2201 3535; baseline 0 -17"><span class='ocrx_word' id='word_1_365' title='bbox 563 3464 601 3518; x_wconf 90' lang='lat' dir='ltr'>ut</span> <span class='ocrx_word' id='word_1_366' title='bbox 619 3458 769 3535; x_wconf 75' lang='lat' dir='ltr'>potentiae</span> <span class='ocrx_word' id='word_1_367' title='bbox 781 3474 848 3516; x_wconf 84' lang='lat' dir='ltr'>sute</span> <span class='ocrx_word' id='word_1_368' title='bbox 866 3461 986 3515; x_wconf 91' lang='lat' dir='ltr'>terrare</span> <span class='ocrx_word' id='word_1_369' title='bbox 999 3473 1090 3515; x_wconf 87' lang='lat' dir='ltr'>veros</span> <span class='ocrx_word' id='word_1_370' title='bbox 1117 3454 1226 3525; x_wconf 79' lang='lat' dir='ltr'>adeles,</span> <span class='ocrx_word' id='word_1_371' title='bbox 1250 3472 1289 3513; x_wconf 88' lang='lat' dir='ltr'>ne</span> <span class='ocrx_word' id='word_1_372' title='bbox 1306 3451 1345 3513; x_wconf 90' lang='lat' dir='ltr'>ad</span> <span class='ocrx_word' id='word_1_373' title='bbox 1361 3453 1447 3511; x_wconf 91' lang='lat' dir='ltr'>iiiam</span> <span class='ocrx_word' id='word_1_374' title='bbox 1470 3459 1682 3522; x_wconf 86' lang='lat' dir='ltr'>recurrerent,</span> <span class='ocrx_word' id='word_1_375' title='bbox 1697 3454 1866 3529; x_wconf 89' lang='lat' dir='ltr'>probibere</span> <span class='ocrx_word' id='word_1_376' title='bbox 1889 3474 1923 3515; x_wconf 87' lang='lat' dir='ltr'>sn</span> <span class='ocrx_word' id='word_1_377' title='bbox 1945 3474 2040 3534; x_wconf 88' lang='lat' dir='ltr'>posse</span> <span class='ocrx_word' id='word_1_378' title='bbox 2064 3459 2201 3519; x_wconf 84' lang='lat' dir='ltr'>conlide-</span> 
     </span>
    </p>
   </div>
   <div class='ocr_carea' id='block_1_3' title="bbox 567 3531 2201 3695">
    <p class='ocr_par' dir='ltr' id='par_1_5' title="bbox 567 3531 2201 3695">
     <span class='ocr_line' id='line_1_34' title="bbox 567 3531 2200 3613; baseline -0.006 -19"><span class='ocrx_word' id='word_1_379' title='bbox 567 3545 701 3596; x_wconf 75' lang='lat' dir='ltr'>rentzse</span> <span class='ocrx_word' id='word_1_380' title='bbox 716 3536 821 3613; x_wconf 90' lang='lat' dir='ltr'>ipsum</span> <span class='ocrx_word' id='word_1_381' title='bbox 833 3537 921 3604; x_wconf 84' lang='lat' dir='ltr'>vero,</span> <span class='ocrx_word' id='word_1_382' title='bbox 937 3535 991 3610; x_wconf 90' lang='lat' dir='ltr'>qui</span> <span class='ocrx_word' id='word_1_383' title='bbox 1006 3539 1117 3593; x_wconf 88' lang='lat' dir='ltr'>contra</span> <span class='ocrx_word' id='word_1_384' title='bbox 1131 3536 1299 3610; x_wconf 82' lang='lat' dir='ltr'>pugnaret,</span> <span class='ocrx_word' id='word_1_385' title='bbox 1317 3531 1391 3607; x_wconf 92' lang='lat' dir='ltr'>pelli</span> <span class='ocrx_word' id='word_1_386' title='bbox 1406 3549 1444 3588; x_wconf 85' lang='lat' dir='ltr'>ex</span> <span class='ocrx_word' id='word_1_387' title='bbox 1461 3532 1613 3599; x_wconf 85' lang='lat' dir='ltr'>Ecclesia,</span> <span class='ocrx_word' id='word_1_388' title='bbox 1630 3532 1661 3589; x_wconf 90' lang='lat' dir='ltr'>iu</span> <span class='ocrx_word' id='word_1_389' title='bbox 1674 3532 1765 3609; x_wconf 87' lang='lat' dir='ltr'>cnjus</span> <span class='ocrx_word' id='word_1_390' title='bbox 1780 3533 1853 3594; x_wconf 90' lang='lat' dir='ltr'>sinu</span> <span class='ocrx_word' id='word_1_391' title='bbox 1870 3535 2010 3594; x_wconf 87' lang='lat' dir='ltr'>aleretur</span> <span class='ocrx_word' id='word_1_392' title='bbox 2024 3536 2200 3598; x_wconf 85' lang='lat' dir='ltr'>iuraretur.</span> 
     </span>
     <span class='ocr_line' id='line_1_35' title="bbox 568 3609 2201 3695; baseline -0.003 -20"><span class='ocrx_word' id='word_1_393' title='bbox 568 3632 633 3693; x_wconf 87' lang='lat' dir='ltr'>qae</span> <span class='ocrx_word' id='word_1_394' title='bbox 659 3615 844 3687; x_wconf 80' lang='lat' dir='ltr'>hereticus,</span> <span class='ocrx_word' id='word_1_395' title='bbox 864 3614 920 3690; x_wconf 87' lang='lat' dir='ltr'>qui</span> <span class='ocrx_word' id='word_1_396' title='bbox 943 3612 1044 3673; x_wconf 90' lang='lat' dir='ltr'>instar</span> <span class='ocrx_word' id='word_1_397' title='bbox 1059 3612 1205 3683; x_wconf 72' lang='lat' dir='ltr'>(loliatb,</span> <span class='ocrx_word' id='word_1_398' title='bbox 1224 3610 1361 3670; x_wconf 79' lang='lat' dir='ltr'>famulos</span> <span class='ocrx_word' id='word_1_399' title='bbox 1383 3610 1440 3668; x_wconf 89' lang='lat' dir='ltr'>Dei</span> <span class='ocrx_word' id='word_1_400' title='bbox 1455 3609 1494 3667; x_wconf 92' lang='lat' dir='ltr'>ad</span> <span class='ocrx_word' id='word_1_401' title='bbox 1512 3627 1652 3688; x_wconf 86' lang='lat' dir='ltr'>pugnam</span> <span class='ocrx_word' id='word_1_402' title='bbox 1664 3610 1730 3688; x_wconf 83' lang='lat' dir='ltr'>jam</span> <span class='ocrx_word' id='word_1_403' title='bbox 1754 3611 1808 3670; x_wconf 83' lang='lat' dir='ltr'>diu</span> <span class='ocrx_word' id='word_1_404' title='bbox 1833 3620 2033 3689; x_wconf 86' lang='lat' dir='ltr'>provacaret,</span> <span class='ocrx_word' id='word_1_405' title='bbox 2051 3616 2201 3695; x_wconf 79' lang='lat' dir='ltr'>ignavam</span> 
     </span>
    </p>
   </div>
   <div class='ocr_carea' id='block_1_4' title="bbox 558 3691 2222 6451">
    <p class='ocr_par' dir='ltr' id='par_1_6' title="bbox 565 3691 2199 3910">
     <span class='ocr_line' id='line_1_36' title="bbox 566 3691 2199 3769; baseline 0.003 -16"><span class='ocrx_word' id='word_1_406' title='bbox 566 3695 613 3755; x_wconf 89' lang='lat' dir='ltr'>eis</span> <span class='ocrx_word' id='word_1_407' title='bbox 630 3695 824 3756; x_wconf 86' lang='lat' dir='ltr'>timiditatem</span> <span class='ocrx_word' id='word_1_408' title='bbox 838 3694 1051 3768; x_wconf 82' lang='lat' dir='ltr'>exprobrans.</span> <span class='ocrx_word' id='word_1_409' title='bbox 1067 3693 1223 3767; x_wconf 82' lang='lat' dir='ltr'>Scriptum</span> <span class='ocrx_word' id='word_1_410' title='bbox 1239 3693 1347 3767; x_wconf 91' lang='lat' dir='ltr'>itaque</span> <span class='ocrx_word' id='word_1_411' title='bbox 1359 3691 1389 3749; x_wconf 91' lang='lat' dir='ltr'>in</span> <span class='ocrx_word' id='word_1_412' title='bbox 1405 3691 1562 3768; x_wconf 72' lang='lat' dir='ltr'>apologias</span> <span class='ocrx_word' id='word_1_413' title='bbox 1576 3691 1709 3750; x_wconf 83' lang='lat' dir='ltr'>sormam</span> <span class='ocrx_word' id='word_1_414' title='bbox 1721 3692 1874 3768; x_wconf 79' lang='lat' dir='ltr'>vulgarit,</span> <span class='ocrx_word' id='word_1_415' title='bbox 1886 3694 1969 3769; x_wconf 91' lang='lat' dir='ltr'>qnod</span> <span class='ocrx_word' id='word_1_416' title='bbox 1981 3697 2199 3757; x_wconf 87' lang='lat' dir='ltr'>sacerdotibus</span> 
     </span>
     <span class='ocr_line' id='line_1_37' title="bbox 565 3769 2199 3910; baseline 0.002 -78"><span class='ocrx_word' id='word_1_417' title='bbox 565 3772 651 3910; x_wconf 51' lang='lat' dir='ltr'>glane</span> <span class='ocrx_word' id='word_1_418' title='bbox 665 3774 744 3832; x_wconf 90' lang='lat' dir='ltr'>enim</span> <span class='ocrx_word' id='word_1_419' title='bbox 758 3789 814 3832; x_wconf 88' lang='lat' dir='ltr'>eos</span> <span class='ocrx_word' id='word_1_420' title='bbox 831 3773 921 3832; x_wconf 92' lang='lat' dir='ltr'>titulo</span> <span class='ocrx_word' id='word_1_421' title='bbox 934 3816 942 3840; x_wconf 92' lang='lat'>,</span> <span class='ocrx_word' id='word_1_422' title='bbox 956 3769 1123 3831; x_wconf 77' lang='lat' dir='ltr'>breuissimi</span> <span class='ocrx_word' id='word_1_423' title='bbox 1139 3770 1326 3836; x_wconf 82' lang='lat' dir='ltr'>sacerdotes,</span> <span class='ocrx_word' id='word_1_424' title='bbox 1347 3786 1514 3843; x_wconf 89' lang='lat' dir='ltr'>nunquam</span> <span class='ocrx_word' id='word_1_425' title='bbox 1529 3787 1592 3826; x_wconf 91' lang='lat' dir='ltr'>non</span> <span class='ocrx_word' id='word_1_426' title='bbox 1612 3770 1798 3848; x_wconf 83' lang='lat' dir='ltr'>cornpellat)</span> <span class='ocrx_word' id='word_1_427' title='bbox 1816 3771 1988 3848; x_wconf 83' lang='lat' dir='ltr'>inscripsit.</span> <span class='ocrx_word' id='word_1_428' title='bbox 2015 3775 2124 3850; x_wconf 88' lang='lat' dir='ltr'>Neque</span> <span class='ocrx_word' id='word_1_429' title='bbox 2140 3793 2199 3836; x_wconf 88' lang='lat' dir='ltr'>nos</span> 
     </span>
    </p>

    <p class='ocr_par' dir='ltr' id='par_1_7' title="bbox 563 3847 2201 4248">
     <span class='ocr_line' id='line_1_38' title="bbox 591 3847 2201 3929; baseline 0.002 -18"><span class='ocrx_word' id='word_1_430' title='bbox 591 3853 842 3921; x_wconf 84' lang='lat' dir='ltr'>ubitaverimus,</span> <span class='ocrx_word' id='word_1_431' title='bbox 878 3851 956 3928; x_wconf 89' lang='lat' dir='ltr'>quin</span> <span class='ocrx_word' id='word_1_432' title='bbox 984 3848 1181 3928; x_wconf 84' lang='lat' dir='ltr'>intelligendi</span> <span class='ocrx_word' id='word_1_433' title='bbox 1218 3848 1282 3907; x_wconf 91' lang='lat' dir='ltr'>sint</span> <span class='ocrx_word' id='word_1_434' title='bbox 1309 3847 1587 3924; x_wconf 73' lang='lat' dir='ltr'>ierosolymitanae</span> <span class='ocrx_word' id='word_1_435' title='bbox 1608 3848 1758 3908; x_wconf 76' lang='lat' dir='ltr'>Ecclesiae</span> <span class='ocrx_word' id='word_1_436' title='bbox 1775 3852 2020 3928; x_wconf 84' lang='lat' dir='ltr'>presbyteri,in</span> <span class='ocrx_word' id='word_1_437' title='bbox 2036 3856 2154 3929; x_wconf 91' lang='lat' dir='ltr'>quibus</span> <span class='ocrx_word' id='word_1_438' title='bbox 2169 3860 2201 3914; x_wconf 87' lang='lat' dir='ltr'>et</span> 
     </span>
     <span class='ocr_line' id='line_1_39' title="bbox 566 3925 2199 4006; baseline 0.002 -16"><span class='ocrx_word' id='word_1_439' title='bbox 566 3929 599 3990; x_wconf 87' lang='lat' dir='ltr'>lri</span> <span class='ocrx_word' id='word_1_440' title='bbox 613 3932 825 4006; x_wconf 89' lang='lat' dir='ltr'>potissimum,</span> <span class='ocrx_word' id='word_1_441' title='bbox 840 3931 895 4005; x_wconf 90' lang='lat' dir='ltr'>qui</span> <span class='ocrx_word' id='word_1_442' title='bbox 911 3929 1073 4004; x_wconf 92' lang='lat' dir='ltr'>colloquio</span> <span class='ocrx_word' id='word_1_443' title='bbox 1089 3925 1482 4002; x_wconf 88' lang='lat' dir='ltr'>interluerant.Principio</span> <span class='ocrx_word' id='word_1_444' title='bbox 1496 3925 1628 3984; x_wconf 89' lang='lat' dir='ltr'>strictim</span> <span class='ocrx_word' id='word_1_445' title='bbox 1644 3926 1741 3986; x_wconf 90' lang='lat' dir='ltr'>totius</span> <span class='ocrx_word' id='word_1_446' title='bbox 1754 3929 1904 4004; x_wconf 88' lang='lat' dir='ltr'>colloquii</span> <span class='ocrx_word' id='word_1_447' title='bbox 1917 3931 2060 3990; x_wconf 90' lang='lat' dir='ltr'>ordinem</span> <span class='ocrx_word' id='word_1_448' title='bbox 2076 3938 2199 4004; x_wconf 85' lang='lat' dir='ltr'>narrat,</span> 
     </span>
     <span class='ocr_line' id='line_1_40' title="bbox 564 4002 2198 4084; baseline 0 -16"><span class='ocrx_word' id='word_1_449' title='bbox 564 4024 604 4068; x_wconf 92' lang='lat' dir='ltr'>ac</span> <span class='ocrx_word' id='word_1_450' title='bbox 615 4010 749 4068; x_wconf 85' lang='lat' dir='ltr'>loarrnis</span> <span class='ocrx_word' id='word_1_451' title='bbox 763 4009 1000 4069; x_wconf 88' lang='lat' dir='ltr'>accusationem</span> <span class='ocrx_word' id='word_1_452' title='bbox 1013 4007 1114 4065; x_wconf 88' lang='lat' dir='ltr'>diluit.</span> <span class='ocrx_word' id='word_1_453' title='bbox 1131 4005 1212 4064; x_wconf 89' lang='lat' dir='ltr'>Hinc</span> <span class='ocrx_word' id='word_1_454' title='bbox 1228 4002 1395 4066; x_wconf 87' lang='lat' dir='ltr'>occasione</span> <span class='ocrx_word' id='word_1_455' title='bbox 1420 4010 1547 4080; x_wconf 87' lang='lat' dir='ltr'>arrepta</span> <span class='ocrx_word' id='word_1_456' title='bbox 1574 4003 1675 4064; x_wconf 90' lang='lat' dir='ltr'>insius</span> <span class='ocrx_word' id='word_1_457' title='bbox 1691 4008 1881 4065; x_wconf 91' lang='lat' dir='ltr'>sententiam</span> <span class='ocrx_word' id='word_1_458' title='bbox 1896 4026 1987 4068; x_wconf 90' lang='lat' dir='ltr'>suam</span> <span class='ocrx_word' id='word_1_459' title='bbox 2003 4011 2198 4084; x_wconf 84' lang='lat' dir='ltr'>explicandi,</span> 
     </span>
     <span class='ocr_line' id='line_1_41' title="bbox 563 4082 2201 4166; baseline 0.002 -18"><span class='ocrx_word' id='word_1_460' title='bbox 563 4104 604 4148; x_wconf 87' lang='lat' dir='ltr'>ac</span> <span class='ocrx_word' id='word_1_461' title='bbox 622 4088 759 4166; x_wconf 87' lang='lat' dir='ltr'>Pelagii,</span> <span class='ocrx_word' id='word_1_462' title='bbox 775 4105 870 4163; x_wconf 87' lang='lat' dir='ltr'>quem</span> <span class='ocrx_word' id='word_1_463' title='bbox 895 4104 1036 4163; x_wconf 69' lang='lat' dir='ltr'>persaepe</span> <span class='ocrx_word' id='word_1_464' title='bbox 1052 4085 1213 4151; x_wconf 85' lang='lat' dir='ltr'>trorninat,</span> <span class='ocrx_word' id='word_1_465' title='bbox 1230 4101 1371 4143; x_wconf 88' lang='lat' dir='ltr'>errorem</span> <span class='ocrx_word' id='word_1_466' title='bbox 1395 4082 1583 4160; x_wconf 89' lang='lat' dir='ltr'>impetendi,</span> <span class='ocrx_word' id='word_1_467' title='bbox 1600 4083 1675 4142; x_wconf 88' lang='lat' dir='ltr'>satis</span> <span class='ocrx_word' id='word_1_468' title='bbox 1692 4084 1821 4162; x_wconf 90' lang='lat' dir='ltr'>longam</span> <span class='ocrx_word' id='word_1_469' title='bbox 1837 4086 1873 4145; x_wconf 89' lang='lat' dir='ltr'>de</span> <span class='ocrx_word' id='word_1_470' title='bbox 1889 4087 2097 4163; x_wconf 89' lang='lat' dir='ltr'>impeccantia</span> <span class='ocrx_word' id='word_1_471' title='bbox 2117 4096 2148 4150; x_wconf 90' lang='lat' dir='ltr'>et</span> <span class='ocrx_word' id='word_1_472' title='bbox 2161 4090 2201 4152; x_wconf 86' lang='lat' dir='ltr'>de</span> 
     </span>
     <span class='ocr_line' id='line_1_42' title="bbox 563 4162 2201 4248; baseline 0.003 -24"><span class='ocrx_word' id='word_1_473' title='bbox 563 4167 679 4248; x_wconf 72' lang='lat' dir='ltr'>gratiae</span> <span class='ocrx_word' id='word_1_474' title='bbox 700 4166 858 4243; x_wconf 84' lang='lat' dir='ltr'>adjutorio</span> <span class='ocrx_word' id='word_1_475' title='bbox 873 4166 1121 4242; x_wconf 89' lang='lat' dir='ltr'>disputationem</span> <span class='ocrx_word' id='word_1_476' title='bbox 1140 4162 1294 4230; x_wconf 87' lang='lat' dir='ltr'>institnit,</span> <span class='ocrx_word' id='word_1_477' title='bbox 1311 4179 1447 4237; x_wconf 80' lang='lat' dir='ltr'>euinque</span> <span class='ocrx_word' id='word_1_478' title='bbox 1464 4179 1527 4219; x_wconf 93' lang='lat' dir='ltr'>non</span> <span class='ocrx_word' id='word_1_479' title='bbox 1547 4179 1659 4237; x_wconf 91' lang='lat' dir='ltr'>parum</span> <span class='ocrx_word' id='word_1_480' title='bbox 1680 4172 1928 4223; x_wconf 87' lang='lat' dir='ltr'>consentaneam</span> <span class='ocrx_word' id='word_1_481' title='bbox 1949 4169 2044 4225; x_wconf 90' lang='lat' dir='ltr'>menti</span> <span class='ocrx_word' id='word_1_482' title='bbox 2070 4175 2100 4228; x_wconf 91' lang='lat' dir='ltr'>et</span> <span class='ocrx_word' id='word_1_483' title='bbox 2122 4170 2201 4230; x_wconf 90' lang='lat' dir='ltr'>scri·</span> 
     </span>
    </p>

    <p class='ocr_par' dir='ltr' id='par_1_8' title="bbox 563 4240 2201 4555">
     <span class='ocr_line' id='line_1_43' title="bbox 588 4240 2201 4322; baseline 0.004 -19"><span class='ocrx_word' id='word_1_484' title='bbox 588 4246 628 4306; x_wconf 91' lang='lat' dir='ltr'>tis</span> <span class='ocrx_word' id='word_1_485' title='bbox 647 4244 843 4322; x_wconf 80' lang='lat' dir='ltr'>Hieronymi,</span> <span class='ocrx_word' id='word_1_486' title='bbox 863 4262 934 4303; x_wconf 90' lang='lat' dir='ltr'>cum</span> <span class='ocrx_word' id='word_1_487' title='bbox 951 4262 1016 4319; x_wconf 88' lang='lat' dir='ltr'>quo</span> <span class='ocrx_word' id='word_1_488' title='bbox 1032 4243 1069 4302; x_wconf 88' lang='lat' dir='ltr'>dc</span> <span class='ocrx_word' id='word_1_489' title='bbox 1086 4243 1144 4302; x_wconf 87' lang='lat' dir='ltr'>bac</span> <span class='ocrx_word' id='word_1_490' title='bbox 1160 4242 1288 4317; x_wconf 80' lang='lat' dir='ltr'>re‘quin</span> <span class='ocrx_word' id='word_1_491' title='bbox 1301 4240 1482 4310; x_wconf 84' lang='lat' dir='ltr'>contulerit,</span> <span class='ocrx_word' id='word_1_492' title='bbox 1507 4241 1585 4299; x_wconf 92' lang='lat' dir='ltr'>nulli</span> <span class='ocrx_word' id='word_1_493' title='bbox 1612 4241 1806 4301; x_wconf 89' lang='lat' dir='ltr'>dubitamus.</span> <span class='ocrx_word' id='word_1_494' title='bbox 1829 4243 1960 4303; x_wconf 83' lang='lat' dir='ltr'>Fatetur</span> <span class='ocrx_word' id='word_1_495' title='bbox 1986 4246 2113 4320; x_wconf 88' lang='lat' dir='ltr'>quidem</span> <span class='ocrx_word' id='word_1_496' title='bbox 2135 4248 2201 4309; x_wconf 86' lang='lat' dir='ltr'>illia</span> 
     </span>
     <span class='ocr_line' id='line_1_44' title="bbox 564 4264 2200 4402; baseline 0.001 -18"><span class='ocrx_word' id='word_1_497' title='bbox 564 4264 729 4384; x_wconf 60' lang='lat' dir='ltr'>flaminem</span> <span class='ocrx_word' id='word_1_498' title='bbox 755 4325 865 4383; x_wconf 88' lang='lat' dir='ltr'>divina</span> <span class='ocrx_word' id='word_1_499' title='bbox 889 4322 992 4402; x_wconf 90' lang='lat' dir='ltr'>gratia</span> <span class='ocrx_word' id='word_1_500' title='bbox 1005 4322 1150 4398; x_wconf 83' lang='lat' dir='ltr'>adjutum</span> <span class='ocrx_word' id='word_1_501' title='bbox 1165 4320 1262 4379; x_wconf 77' lang='lat' dir='ltr'>sitam</span> <span class='ocrx_word' id='word_1_502' title='bbox 1282 4337 1376 4396; x_wconf 85' lang='lat' dir='ltr'>agere</span> <span class='ocrx_word' id='word_1_503' title='bbox 1391 4336 1484 4394; x_wconf 89' lang='lat' dir='ltr'>posse</span> <span class='ocrx_word' id='word_1_504' title='bbox 1498 4321 1539 4378; x_wconf 91' lang='lat' dir='ltr'>ab</span> <span class='ocrx_word' id='word_1_505' title='bbox 1552 4320 1639 4376; x_wconf 91' lang='lat' dir='ltr'>omni</span> <span class='ocrx_word' id='word_1_506' title='bbox 1655 4337 1785 4395; x_wconf 86' lang='lat' dir='ltr'>prorsus</span> <span class='ocrx_word' id='word_1_507' title='bbox 1803 4330 1932 4397; x_wconf 88' lang='lat' dir='ltr'>peccato</span> <span class='ocrx_word' id='word_1_508' title='bbox 1946 4342 2070 4398; x_wconf 87' lang='lat' dir='ltr'>puram,</span> <span class='ocrx_word' id='word_1_509' title='bbox 2089 4344 2200 4387; x_wconf 65' lang='lat' dir='ltr'>vetrum</span> 
     </span>
     <span class='ocr_line' id='line_1_45' title="bbox 563 4397 2199 4478; baseline 0.002 -17"><span class='ocrx_word' id='word_1_510' title='bbox 563 4402 594 4461; x_wconf 90' lang='lat' dir='ltr'>id</span> <span class='ocrx_word' id='word_1_511' title='bbox 612 4420 671 4463; x_wconf 92' lang='lat' dir='ltr'>nec</span> <span class='ocrx_word' id='word_1_512' title='bbox 694 4401 811 4461; x_wconf 75' lang='lat' dir='ltr'>brctttm</span> <span class='ocrx_word' id='word_1_513' title='bbox 827 4419 989 4478; x_wconf 90' lang='lat' dir='ltr'>unquam,</span> <span class='ocrx_word' id='word_1_514' title='bbox 1005 4419 1062 4460; x_wconf 89' lang='lat' dir='ltr'>nec</span> <span class='ocrx_word' id='word_1_515' title='bbox 1079 4400 1220 4459; x_wconf 91' lang='lat' dir='ltr'>l&#39;uturum</span> <span class='ocrx_word' id='word_1_516' title='bbox 1240 4397 1431 4474; x_wconf 89' lang='lat' dir='ltr'>aliquando,</span> <span class='ocrx_word' id='word_1_517' title='bbox 1446 4398 1627 4469; x_wconf 82' lang='lat' dir='ltr'>contendit3</span> <span class='ocrx_word' id='word_1_518' title='bbox 1647 4415 1705 4457; x_wconf 88' lang='lat' dir='ltr'>nce</span> <span class='ocrx_word' id='word_1_519' title='bbox 1722 4401 1806 4458; x_wconf 90' lang='lat' dir='ltr'>enim</span> <span class='ocrx_word' id='word_1_520' title='bbox 1823 4419 1897 4460; x_wconf 88' lang='lat' dir='ltr'>enm</span> <span class='ocrx_word' id='word_1_521' title='bbox 1920 4401 2057 4463; x_wconf 86' lang='lat' dir='ltr'>bominis</span> <span class='ocrx_word' id='word_1_522' title='bbox 2080 4409 2199 4465; x_wconf 89' lang='lat' dir='ltr'>statum</span> 
     </span>
     <span class='ocr_line' id='line_1_46' title="bbox 563 4479 1341 4555; baseline -0.009 -15"><span class='ocrx_word' id='word_1_523' title='bbox 563 4498 650 4548; x_wconf 87' lang='lat' dir='ltr'>esse,</span> <span class='ocrx_word' id='word_1_524' title='bbox 668 4481 699 4539; x_wconf 92' lang='lat' dir='ltr'>in</span> <span class='ocrx_word' id='word_1_525' title='bbox 716 4481 775 4542; x_wconf 89' lang='lat' dir='ltr'>bac</span> <span class='ocrx_word' id='word_1_526' title='bbox 789 4481 920 4547; x_wconf 87' lang='lat' dir='ltr'>scilicet,</span> <span class='ocrx_word' id='word_1_527' title='bbox 937 4496 1002 4555; x_wconf 92' lang='lat' dir='ltr'>qua</span> <span class='ocrx_word' id='word_1_528' title='bbox 1018 4479 1106 4542; x_wconf 88' lang='lat' dir='ltr'>virit,</span> <span class='ocrx_word' id='word_1_529' title='bbox 1123 4479 1341 4553; x_wconf 87' lang='lat' dir='ltr'>corruptione.</span> 
     </span>
    </p>

    <p class='ocr_par' dir='ltr' id='par_1_9' title="bbox 561 4552 2201 5108">
     <span class='ocr_line' id='line_1_47' title="bbox 605 4552 2200 4637; baseline 0.003 -20"><span class='ocrx_word' id='word_1_530' title='bbox 605 4560 806 4637; x_wconf 82' lang='lat' dir='ltr'>Augustinus</span> <span class='ocrx_word' id='word_1_531' title='bbox 822 4560 859 4618; x_wconf 94' lang='lat' dir='ltr'>de</span> <span class='ocrx_word' id='word_1_532' title='bbox 875 4561 989 4618; x_wconf 89' lang='lat' dir='ltr'>oborta</span> <span class='ocrx_word' id='word_1_533' title='bbox 1004 4558 1058 4617; x_wconf 90' lang='lat' dir='ltr'>illa</span> <span class='ocrx_word' id='word_1_534' title='bbox 1071 4558 1154 4615; x_wconf 90' lang='lat' dir='ltr'>inter</span> <span class='ocrx_word' id='word_1_535' title='bbox 1167 4557 1324 4616; x_wconf 88' lang='lat' dir='ltr'>loannem</span> <span class='ocrx_word' id='word_1_536' title='bbox 1339 4552 1696 4616; x_wconf 89' lang='lat' dir='ltr'>etOrosiumdiscordia</span> <span class='ocrx_word' id='word_1_537' title='bbox 1713 4575 1775 4616; x_wconf 89' lang='lat' dir='ltr'>non</span> <span class='ocrx_word' id='word_1_538' title='bbox 1789 4561 1887 4627; x_wconf 86' lang='lat' dir='ltr'>tacet;</span> <span class='ocrx_word' id='word_1_539' title='bbox 1904 4564 1934 4618; x_wconf 91' lang='lat' dir='ltr'>et</span> <span class='ocrx_word' id='word_1_540' title='bbox 1947 4559 2100 4620; x_wconf 84' lang='lat' dir='ltr'>adversus</span> <span class='ocrx_word' id='word_1_541' title='bbox 2114 4560 2200 4623; x_wconf 86' lang='lat' dir='ltr'>iruna</span> 
     </span>
     <span class='ocr_line' id='line_1_48' title="bbox 561 4634 2199 4714; baseline 0.003 -19"><span class='ocrx_word' id='word_1_542' title='bbox 561 4642 662 4712; x_wconf 88' lang='lat' dir='ltr'>atque</span> <span class='ocrx_word' id='word_1_543' title='bbox 681 4638 761 4698; x_wconf 88' lang='lat' dir='ltr'>aiios</span> <span class='ocrx_word' id='word_1_544' title='bbox 776 4637 932 4713; x_wconf 89' lang='lat' dir='ltr'>quosdam</span> <span class='ocrx_word' id='word_1_545' title='bbox 951 4637 1040 4694; x_wconf 91' lang='lat' dir='ltr'>illum</span> <span class='ocrx_word' id='word_1_546' title='bbox 1057 4636 1230 4696; x_wconf 86' lang='lat' dir='ltr'>antistitem</span> <span class='ocrx_word' id='word_1_547' title='bbox 1251 4635 1282 4693; x_wconf 92' lang='lat' dir='ltr'>in</span> <span class='ocrx_word' id='word_1_548' title='bbox 1306 4634 1526 4709; x_wconf 83' lang='lat' dir='ltr'>liiospolitana</span> <span class='ocrx_word' id='word_1_549' title='bbox 1542 4634 1664 4711; x_wconf 86' lang='lat' dir='ltr'>synodo</span> <span class='ocrx_word' id='word_1_550' title='bbox 1682 4636 1905 4710; x_wconf 81' lang='lat' dir='ltr'>expostulasse</span> <span class='ocrx_word' id='word_1_551' title='bbox 1920 4640 2080 4698; x_wconf 79' lang='lat' dir='ltr'>memoriae</span> <span class='ocrx_word' id='word_1_552' title='bbox 2096 4640 2199 4714; x_wconf 91' lang='lat' dir='ltr'>prodit</span> 
     </span>
     <span class='ocr_line' id='line_1_49' title="bbox 562 4713 2201 4794; baseline 0.002 -19"><span class='ocrx_word' id='word_1_553' title='bbox 562 4713 685 4794; x_wconf 72' lang='lat' dir='ltr'>(Infra,</span> <span class='ocrx_word' id='word_1_554' title='bbox 707 4716 743 4774; x_wconf 88' lang='lat' dir='ltr'>de</span> <span class='ocrx_word' id='word_1_555' title='bbox 757 4715 859 4775; x_wconf 84' lang='lat' dir='ltr'>Gestis</span> <span class='ocrx_word' id='word_1_556' title='bbox 883 4714 1014 4790; x_wconf 74' lang='lat' dir='ltr'>Pelagii,</span> <span class='ocrx_word' id='word_1_557' title='bbox 1034 4733 1065 4772; x_wconf 87' lang='lat' dir='ltr'>n.</span> <span class='ocrx_word' id='word_1_558' title='bbox 1082 4714 1151 4789; x_wconf 72' lang='lat' dir='ltr'>ab).</span> <span class='ocrx_word' id='word_1_559' title='bbox 1172 4715 1314 4773; x_wconf 84' lang='lat' dir='ltr'>Instante</span> <span class='ocrx_word' id='word_1_560' title='bbox 1336 4719 1445 4772; x_wconf 90' lang='lat' dir='ltr'>autem</span> <span class='ocrx_word' id='word_1_561' title='bbox 1469 4714 1538 4788; x_wconf 89' lang='lat' dir='ltr'>ipsa</span> <span class='ocrx_word' id='word_1_562' title='bbox 1560 4713 1682 4790; x_wconf 84' lang='lat' dir='ltr'>synodo</span> <span class='ocrx_word' id='word_1_563' title='bbox 1704 4714 1943 4789; x_wconf 80' lang='lat' dir='ltr'>iiiospotitana,</span> <span class='ocrx_word' id='word_1_564' title='bbox 1961 4733 2102 4790; x_wconf 89' lang='lat' dir='ltr'>quonam</span> <span class='ocrx_word' id='word_1_565' title='bbox 2123 4723 2201 4780; x_wconf 86' lang='lat' dir='ltr'>tune</span> 
     </span>
     <span class='ocr_line' id='line_1_50' title="bbox 562 4791 2199 4871; baseline 0.004 -20"><span class='ocrx_word' id='word_1_566' title='bbox 562 4799 650 4852; x_wconf 88' lang='lat' dir='ltr'>statu</span> <span class='ocrx_word' id='word_1_567' title='bbox 672 4800 780 4854; x_wconf 88' lang='lat' dir='ltr'>essent</span> <span class='ocrx_word' id='word_1_568' title='bbox 797 4811 848 4853; x_wconf 88' lang='lat' dir='ltr'>res</span> <span class='ocrx_word' id='word_1_569' title='bbox 869 4795 1114 4871; x_wconf 88' lang='lat' dir='ltr'>Pelagianorum</span> <span class='ocrx_word' id='word_1_570' title='bbox 1130 4792 1213 4868; x_wconf 90' lang='lat' dir='ltr'>apud</span> <span class='ocrx_word' id='word_1_571' title='bbox 1231 4792 1453 4859; x_wconf 78' lang='lat' dir='ltr'>Palestinam,</span> <span class='ocrx_word' id='word_1_572' title='bbox 1476 4808 1540 4849; x_wconf 93' lang='lat' dir='ltr'>non</span> <span class='ocrx_word' id='word_1_573' title='bbox 1564 4809 1604 4850; x_wconf 86' lang='lat' dir='ltr'>ex</span> <span class='ocrx_word' id='word_1_574' title='bbox 1630 4792 1837 4868; x_wconf 79' lang='lat' dir='ltr'>Apolagetico</span> <span class='ocrx_word' id='word_1_575' title='bbox 1860 4791 2071 4864; x_wconf 88' lang='lat' dir='ltr'>soloOrosii,</span> <span class='ocrx_word' id='word_1_576' title='bbox 2088 4796 2199 4859; x_wconf 80' lang='lat' dir='ltr'>sodex</span> 
     </span>
     <span class='ocr_line' id='line_1_51' title="bbox 565 4869 2198 4951; baseline 0.002 -21"><span class='ocrx_word' id='word_1_577' title='bbox 565 4870 752 4951; x_wconf 80' lang='lat' dir='ltr'>Hieronymi</span> <span class='ocrx_word' id='word_1_578' title='bbox 775 4889 906 4949; x_wconf 69' lang='lat' dir='ltr'>equoque</span> <span class='ocrx_word' id='word_1_579' title='bbox 930 4872 1086 4932; x_wconf 88' lang='lat' dir='ltr'>adversus</span> <span class='ocrx_word' id='word_1_580' title='bbox 1114 4870 1240 4930; x_wconf 88' lang='lat' dir='ltr'>eosdem</span> <span class='ocrx_word' id='word_1_581' title='bbox 1265 4869 1407 4946; x_wconf 89' lang='lat' dir='ltr'>Dialogis</span> <span class='ocrx_word' id='word_1_582' title='bbox 1434 4874 1560 4945; x_wconf 90' lang='lat' dir='ltr'>oportet</span> <span class='ocrx_word' id='word_1_583' title='bbox 1585 4869 1718 4939; x_wconf 90' lang='lat' dir='ltr'>discere,</span> <span class='ocrx_word' id='word_1_584' title='bbox 1747 4871 1919 4947; x_wconf 90' lang='lat' dir='ltr'>inquibus</span> <span class='ocrx_word' id='word_1_585' title='bbox 1945 4871 2088 4932; x_wconf 87' lang='lat' dir='ltr'>videlicet</span> <span class='ocrx_word' id='word_1_586' title='bbox 2108 4873 2134 4934; x_wconf 89' lang='lat' dir='ltr'>is</span> <span class='ocrx_word' id='word_1_587' title='bbox 2159 4872 2198 4936; x_wconf 89' lang='lat' dir='ltr'>ad</span> 
     </span>
     <span class='ocr_line' id='line_1_52' title="bbox 564 4946 2199 5032; baseline 0.002 -24"><span class='ocrx_word' id='word_1_588' title='bbox 564 4959 693 5009; x_wconf 69' lang='lat' dir='ltr'>arrectas</span> <span class='ocrx_word' id='word_1_589' title='bbox 708 4967 819 5011; x_wconf 90' lang='lat' dir='ltr'>eorum</span> <span class='ocrx_word' id='word_1_590' title='bbox 839 4951 1080 5029; x_wconf 72' lang='lat' dir='ltr'>questiunculas</span> <span class='ocrx_word' id='word_1_591' title='bbox 1102 4949 1163 5009; x_wconf 91' lang='lat' dir='ltr'>boe</span> <span class='ocrx_word' id='word_1_592' title='bbox 1187 4949 1256 5026; x_wconf 89' lang='lat' dir='ltr'>ipso</span> <span class='ocrx_word' id='word_1_593' title='bbox 1281 4954 1424 5024; x_wconf 87' lang='lat' dir='ltr'>ternpore</span> <span class='ocrx_word' id='word_1_594' title='bbox 1447 4946 1662 5024; x_wconf 88' lang='lat' dir='ltr'>respondebat</span> <span class='ocrx_word' id='word_1_595' title='bbox 1677 4948 1825 5026; x_wconf 82' lang='lat' dir='ltr'>(Hieran.</span> <span class='ocrx_word' id='word_1_596' title='bbox 1848 4951 1972 5030; x_wconf 65' lang='lat' dir='ltr'>prestat.</span> <span class='ocrx_word' id='word_1_597' title='bbox 1988 4950 2028 5010; x_wconf 89' lang='lat' dir='ltr'>ud</span> <span class='ocrx_word' id='word_1_598' title='bbox 2048 4951 2199 5032; x_wconf 78' lang='lat' dir='ltr'>Dialogos</span> 
     </span>
     <span class='ocr_line' id='line_1_53' title="bbox 563 5028 950 5108; baseline 0.005 -22"><span class='ocrx_word' id='word_1_599' title='bbox 563 5028 711 5088; x_wconf 73' lang='lat' dir='ltr'>adt-ersus</span> <span class='ocrx_word' id='word_1_600' title='bbox 727 5029 912 5105; x_wconf 77' lang='lat' dir='ltr'>Pelagianos</span> <span class='ocrx_word' id='word_1_601' title='bbox 928 5029 950 5108; x_wconf 93' lang='lat'>).</span> 
     </span>
    </p>

    <p class='ocr_par' dir='ltr' id='par_1_10' title="bbox 561 5104 2200 6186">
     <span class='ocr_line' id='line_1_54' title="bbox 603 5104 2198 5185; baseline 0.004 -21"><span class='ocrx_word' id='word_1_602' title='bbox 603 5107 738 5185; x_wconf 84' lang='lat' dir='ltr'>Dialoga</span> <span class='ocrx_word' id='word_1_603' title='bbox 760 5108 857 5185; x_wconf 91' lang='lat' dir='ltr'>igitur</span> <span class='ocrx_word' id='word_1_604' title='bbox 873 5109 977 5184; x_wconf 89' lang='lat' dir='ltr'>primo</span> <span class='ocrx_word' id='word_1_605' title='bbox 1000 5107 1038 5168; x_wconf 92' lang='lat' dir='ltr'>de</span> <span class='ocrx_word' id='word_1_606' title='bbox 1060 5107 1121 5167; x_wconf 88' lang='lat' dir='ltr'>hoc</span> <span class='ocrx_word' id='word_1_607' title='bbox 1144 5107 1290 5166; x_wconf 86' lang='lat' dir='ltr'>tractarit</span> <span class='ocrx_word' id='word_1_608' title='bbox 1311 5104 1545 5182; x_wconf 82' lang='lat' dir='ltr'>Hieronymus,</span> <span class='ocrx_word' id='word_1_609' title='bbox 1560 5104 1646 5181; x_wconf 90' lang='lat' dir='ltr'>quad</span> <span class='ocrx_word' id='word_1_610' title='bbox 1667 5123 1685 5166; x_wconf 92' lang='lat' dir='ltr'>a</span> <span class='ocrx_word' id='word_1_611' title='bbox 1708 5106 1835 5185; x_wconf 89' lang='lat' dir='ltr'>Pelagio</span> <span class='ocrx_word' id='word_1_612' title='bbox 1858 5109 2011 5185; x_wconf 88' lang='lat' dir='ltr'>scriptum</span> <span class='ocrx_word' id='word_1_613' title='bbox 2034 5110 2198 5181; x_wconf 91' lang='lat' dir='ltr'>audierat,</span> 
     </span>
     <span class='ocr_line' id='line_1_55' title="bbox 567 5183 2198 5266; baseline 0.005 -25"><span class='ocrx_word' id='word_1_614' title='bbox 567 5183 660 5242; x_wconf 79' lang='lat' dir='ltr'>Posse</span> <span class='ocrx_word' id='word_1_615' title='bbox 674 5185 824 5245; x_wconf 77' lang='lat' dir='ltr'>lramirtem</span> <span class='ocrx_word' id='word_1_616' title='bbox 843 5189 909 5247; x_wconf 86' lang='lat' dir='ltr'>siue</span> <span class='ocrx_word' id='word_1_617' title='bbox 922 5196 1048 5263; x_wconf 88' lang='lat' dir='ltr'>peccata</span> <span class='ocrx_word' id='word_1_618' title='bbox 1068 5204 1139 5249; x_wconf 87' lang='lat' dir='ltr'>esse,</span> <span class='ocrx_word' id='word_1_619' title='bbox 1156 5185 1286 5248; x_wconf 83' lang='lat' dir='ltr'>sieclit,</span> <span class='ocrx_word' id='word_1_620' title='bbox 1308 5192 1334 5241; x_wconf 86' lang='lat' dir='ltr'>et</span> <span class='ocrx_word' id='word_1_621' title='bbox 1350 5184 1457 5261; x_wconf 71' lang='lat' dir='ltr'>facilia</span> <span class='ocrx_word' id='word_1_622' title='bbox 1476 5185 1535 5244; x_wconf 76' lang='lat' dir='ltr'>liei</span> <span class='ocrx_word' id='word_1_623' title='bbox 1556 5202 1617 5242; x_wconf 85' lang='lat' dir='ltr'>esse</span> <span class='ocrx_word' id='word_1_624' title='bbox 1628 5195 1793 5262; x_wconf 83' lang='lat' dir='ltr'>precepta.</span> <span class='ocrx_word' id='word_1_625' title='bbox 1811 5186 1847 5244; x_wconf 87' lang='lat' dir='ltr'>Et</span> <span class='ocrx_word' id='word_1_626' title='bbox 1865 5188 1894 5246; x_wconf 93' lang='lat' dir='ltr'>id</span> <span class='ocrx_word' id='word_1_627' title='bbox 1908 5189 2036 5262; x_wconf 90' lang='lat' dir='ltr'>quidem</span> <span class='ocrx_word' id='word_1_628' title='bbox 2051 5190 2198 5266; x_wconf 80' lang='lat' dir='ltr'>Pelagius</span> 
     </span>
     <span class='ocr_line' id='line_1_56' title="bbox 567 5261 2198 5339; baseline 0.005 -18"><span class='ocrx_word' id='word_1_629' title='bbox 567 5264 611 5322; x_wconf 81' lang='lat' dir='ltr'>sic</span> <span class='ocrx_word' id='word_1_630' title='bbox 626 5262 742 5323; x_wconf 87' lang='lat' dir='ltr'>dietum</span> <span class='ocrx_word' id='word_1_631' title='bbox 757 5266 894 5332; x_wconf 79' lang='lat' dir='ltr'>valebat,</span> <span class='ocrx_word' id='word_1_632' title='bbox 906 5272 941 5324; x_wconf 91' lang='lat' dir='ltr'>ut</span> <span class='ocrx_word' id='word_1_633' title='bbox 955 5264 1194 5331; x_wconf 89' lang='lat' dir='ltr'>subaudiretur,</span> <span class='ocrx_word' id='word_1_634' title='bbox 1206 5283 1274 5322; x_wconf 81' lang='lat' dir='ltr'>erem</span> <span class='ocrx_word' id='word_1_635' title='bbox 1287 5263 1345 5322; x_wconf 85' lang='lat' dir='ltr'>Dei</span> <span class='ocrx_word' id='word_1_636' title='bbox 1360 5262 1463 5338; x_wconf 79' lang='lat' dir='ltr'>pratia</span> <span class='ocrx_word' id='word_1_637' title='bbox 1477 5282 1486 5319; x_wconf 94' lang='lat'>.·</span> <span class='ocrx_word' id='word_1_638' title='bbox 1501 5261 1554 5321; x_wconf 93' lang='lat' dir='ltr'>sed</span> <span class='ocrx_word' id='word_1_639' title='bbox 1569 5262 1623 5321; x_wconf 87' lang='lat' dir='ltr'>Dei</span> <span class='ocrx_word' id='word_1_640' title='bbox 1638 5264 1773 5339; x_wconf 89' lang='lat' dir='ltr'>gratiam</span> <span class='ocrx_word' id='word_1_641' title='bbox 1787 5265 1826 5323; x_wconf 93' lang='lat' dir='ltr'>ad</span> <span class='ocrx_word' id='word_1_642' title='bbox 1838 5267 2027 5325; x_wconf 85' lang='lat' dir='ltr'>conditionis</span> <span class='ocrx_word' id='word_1_643' title='bbox 2041 5267 2198 5328; x_wconf 80' lang='lat' dir='ltr'>celerabat</span> 
     </span>
     <span class='ocr_line' id='line_1_57' title="bbox 566 5340 2198 5422; baseline 0.004 -24"><span class='ocrx_word' id='word_1_644' title='bbox 566 5341 771 5412; x_wconf 79' lang='lat' dir='ltr'>betrestcium,</span> <span class='ocrx_word' id='word_1_645' title='bbox 787 5344 864 5418; x_wconf 89' lang='lat' dir='ltr'>qaia</span> <span class='ocrx_word' id='word_1_646' title='bbox 887 5343 977 5403; x_wconf 90' lang='lat' dir='ltr'>liberi</span> <span class='ocrx_word' id='word_1_647' title='bbox 1001 5343 1125 5403; x_wconf 79' lang='lat' dir='ltr'>arbitrii</span> <span class='ocrx_word' id='word_1_648' title='bbox 1153 5342 1267 5402; x_wconf 91' lang='lat' dir='ltr'>conditi</span> <span class='ocrx_word' id='word_1_649' title='bbox 1294 5359 1419 5399; x_wconf 87' lang='lat' dir='ltr'>sumus.</span> <span class='ocrx_word' id='word_1_650' title='bbox 1446 5341 1509 5399; x_wconf 86' lang='lat' dir='ltr'>Nec</span> <span class='ocrx_word' id='word_1_651' title='bbox 1527 5340 1619 5400; x_wconf 84' lang='lat' dir='ltr'>aliter</span> <span class='ocrx_word' id='word_1_652' title='bbox 1640 5342 1679 5400; x_wconf 91' lang='lat' dir='ltr'>ad</span> <span class='ocrx_word' id='word_1_653' title='bbox 1701 5342 1845 5419; x_wconf 88' lang='lat' dir='ltr'>singulas</span> <span class='ocrx_word' id='word_1_654' title='bbox 1868 5363 1917 5403; x_wconf 91' lang='lat' dir='ltr'>res</span> <span class='ocrx_word' id='word_1_655' title='bbox 1941 5363 2021 5421; x_wconf 88' lang='lat' dir='ltr'>quas</span> <span class='ocrx_word' id='word_1_656' title='bbox 2038 5346 2198 5422; x_wconf 89' lang='lat' dir='ltr'>gerimus,</span> 
     </span>
     <span class='ocr_line' id='line_1_58' title="bbox 565 5418 2199 5500; baseline 0.006 -24"><span class='ocrx_word' id='word_1_657' title='bbox 565 5419 676 5479; x_wconf 87' lang='lat' dir='ltr'>adesse</span> <span class='ocrx_word' id='word_1_658' title='bbox 696 5422 749 5481; x_wconf 78' lang='lat' dir='ltr'>bet</span> <span class='ocrx_word' id='word_1_659' title='bbox 766 5421 962 5497; x_wconf 75' lang='lat' dir='ltr'>adjutorium</span> <span class='ocrx_word' id='word_1_660' title='bbox 983 5422 1215 5490; x_wconf 86' lang='lat' dir='ltr'>consentiebat,</span> <span class='ocrx_word' id='word_1_661' title='bbox 1239 5419 1300 5479; x_wconf 92' lang='lat' dir='ltr'>nisi</span> <span class='ocrx_word' id='word_1_662' title='bbox 1322 5418 1408 5495; x_wconf 90' lang='lat' dir='ltr'>qnod</span> <span class='ocrx_word' id='word_1_663' title='bbox 1432 5419 1524 5478; x_wconf 89' lang='lat' dir='ltr'>nobis</span> <span class='ocrx_word' id='word_1_664' title='bbox 1548 5418 1609 5478; x_wconf 80' lang='lat' dir='ltr'>lterc</span> <span class='ocrx_word' id='word_1_665' title='bbox 1634 5420 1722 5479; x_wconf 81' lang='lat' dir='ltr'>semet</span> <span class='ocrx_word' id='word_1_666' title='bbox 1743 5422 1810 5480; x_wconf 89' lang='lat' dir='ltr'>dati</span> <span class='ocrx_word' id='word_1_667' title='bbox 1832 5421 1923 5482; x_wconf 86' lang='lat' dir='ltr'>liberi</span> <span class='ocrx_word' id='word_1_668' title='bbox 1944 5424 2069 5484; x_wconf 86' lang='lat' dir='ltr'>arbitrii</span> <span class='ocrx_word' id='word_1_669' title='bbox 2095 5424 2199 5500; x_wconf 82' lang='lat' dir='ltr'>pratia</span> 
     </span>
     <span class='ocr_line' id='line_1_59' title="bbox 566 5497 2197 5576; baseline 0.005 -22"><span class='ocrx_word' id='word_1_670' title='bbox 566 5509 775 5558; x_wconf 70' lang='lat' dir='ltr'>conservetur.</span> <span class='ocrx_word' id='word_1_671' title='bbox 792 5502 948 5560; x_wconf 70' lang='lat' dir='ltr'>Praeterea</span> <span class='ocrx_word' id='word_1_672' title='bbox 961 5501 1122 5560; x_wconf 79' lang='lat' dir='ltr'>exstitisse</span> <span class='ocrx_word' id='word_1_673' title='bbox 1137 5499 1263 5576; x_wconf 88' lang='lat' dir='ltr'>aliquos</span> <span class='ocrx_word' id='word_1_674' title='bbox 1280 5499 1386 5574; x_wconf 90' lang='lat' dir='ltr'>reipsa</span> <span class='ocrx_word' id='word_1_675' title='bbox 1403 5497 1470 5557; x_wconf 89' lang='lat' dir='ltr'>sine.</span> <span class='ocrx_word' id='word_1_676' title='bbox 1488 5505 1619 5573; x_wconf 88' lang='lat' dir='ltr'>peccato</span> <span class='ocrx_word' id='word_1_677' title='bbox 1631 5499 1854 5571; x_wconf 90' lang='lat' dir='ltr'>contendebat,</span> <span class='ocrx_word' id='word_1_678' title='bbox 1871 5508 1905 5562; x_wconf 93' lang='lat' dir='ltr'>ut</span> <span class='ocrx_word' id='word_1_679' title='bbox 1922 5502 1993 5572; x_wconf 85' lang='lat' dir='ltr'>lob,</span> <span class='ocrx_word' id='word_1_680' title='bbox 2010 5502 2197 5563; x_wconf 77' lang='lat' dir='ltr'>Zachariam</span> 
     </span>
     <span class='ocr_line' id='line_1_60' title="bbox 566 5576 2192 5657; baseline 0.004 -24"><span class='ocrx_word' id='word_1_681' title='bbox 566 5583 596 5634; x_wconf 87' lang='lat' dir='ltr'>et</span> <span class='ocrx_word' id='word_1_682' title='bbox 613 5576 786 5638; x_wconf 85' lang='lat' dir='ltr'>Elisabeth.</span> <span class='ocrx_word' id='word_1_683' title='bbox 802 5579 840 5637; x_wconf 89' lang='lat' dir='ltr'>Et</span> <span class='ocrx_word' id='word_1_684' title='bbox 855 5597 871 5638; x_wconf 89' lang='lat' dir='ltr'>e</span> <span class='ocrx_word' id='word_1_685' title='bbox 887 5578 1162 5656; x_wconf 57' lang='lat' dir='ltr'>scripturatum</span> <span class='ocrx_word' id='word_1_686' title='bbox 1180 5580 1297 5654; x_wconf 88' lang='lat' dir='ltr'>quibus</span> <span class='ocrx_word' id='word_1_687' title='bbox 1314 5576 1496 5654; x_wconf 77' lang='lat' dir='ltr'>precipitur</span> <span class='ocrx_word' id='word_1_688' title='bbox 1510 5581 1543 5634; x_wconf 91' lang='lat' dir='ltr'>ut</span> <span class='ocrx_word' id='word_1_689' title='bbox 1562 5576 1657 5635; x_wconf 92' lang='lat' dir='ltr'>bomo</span> <span class='ocrx_word' id='word_1_690' title='bbox 1675 5595 1740 5635; x_wconf 90' lang='lat' dir='ltr'>non</span> <span class='ocrx_word' id='word_1_691' title='bbox 1760 5585 1885 5655; x_wconf 89' lang='lat' dir='ltr'>peccet,</span> <span class='ocrx_word' id='word_1_692' title='bbox 1901 5582 2005 5656; x_wconf 90' lang='lat' dir='ltr'>sitque</span> <span class='ocrx_word' id='word_1_693' title='bbox 2022 5579 2192 5657; x_wconf 82' lang='lat' dir='ltr'>periectas,</span> 
     </span>
     <span class='ocr_line' id='line_1_61' title="bbox 568 5653 2200 5735; baseline 0.006 -23"><span class='ocrx_word' id='word_1_694' title='bbox 568 5659 853 5732; x_wconf 87' lang='lat' dir='ltr'>argumentabatur</span> <span class='ocrx_word' id='word_1_695' title='bbox 866 5658 952 5717; x_wconf 87' lang='lat' dir='ltr'>hune</span> <span class='ocrx_word' id='word_1_696' title='bbox 976 5660 1009 5716; x_wconf 92' lang='lat' dir='ltr'>in</span> <span class='ocrx_word' id='word_1_697' title='bbox 1025 5656 1154 5716; x_wconf 92' lang='lat' dir='ltr'>modum</span> <span class='ocrx_word' id='word_1_698' title='bbox 1171 5677 1177 5714; x_wconf 93' lang='lat'><strong>:</strong></span> <span class='ocrx_word' id='word_1_699' title='bbox 1194 5659 1253 5716; x_wconf 82' lang='lat' dir='ltr'>Ant</span> <span class='ocrx_word' id='word_1_700' title='bbox 1267 5653 1432 5732; x_wconf 85' lang='lat' dir='ltr'>passibilia</span> <span class='ocrx_word' id='word_1_701' title='bbox 1453 5656 1536 5713; x_wconf 87' lang='lat' dir='ltr'>Deus</span> <span class='ocrx_word' id='word_1_702' title='bbox 1561 5655 1707 5714; x_wconf 72' lang='lat' dir='ltr'>erranduta</span> <span class='ocrx_word' id='word_1_703' title='bbox 1726 5656 1831 5729; x_wconf 85' lang='lat' dir='ltr'>dedit,</span> <span class='ocrx_word' id='word_1_704' title='bbox 1848 5668 1901 5718; x_wconf 84' lang='lat' dir='ltr'>uttt</span> <span class='ocrx_word' id='word_1_705' title='bbox 1925 5658 2128 5735; x_wconf 78' lang='lat' dir='ltr'>onposstbitta</span> <span class='ocrx_word' id='word_1_706' title='bbox 2144 5679 2153 5717; x_wconf 94' lang='lat'><em>:</em></span> <span class='ocrx_word' id='word_1_707' title='bbox 2171 5656 2200 5722; x_wconf 88' lang='lat' dir='ltr'>st&#39;</span> 
     </span>
     <span class='ocr_line' id='line_1_62' title="bbox 564 5733 2196 5815; baseline 0.004 -25"><span class='ocrx_word' id='word_1_708' title='bbox 564 5733 748 5806; x_wconf 82' lang='lat' dir='ltr'>passibilia,</span> <span class='ocrx_word' id='word_1_709' title='bbox 764 5737 799 5796; x_wconf 83' lang='lat' dir='ltr'>t&#39;n</span> <span class='ocrx_word' id='word_1_710' title='bbox 812 5745 920 5795; x_wconf 85' lang='lat' dir='ltr'>nostra</span> <span class='ocrx_word' id='word_1_711' title='bbox 935 5744 978 5795; x_wconf 90' lang='lat' dir='ltr'>est</span> <span class='ocrx_word' id='word_1_712' title='bbox 1018 5743 1146 5795; x_wconf 87' lang='lat' dir='ltr'>otestate</span> <span class='ocrx_word' id='word_1_713' title='bbox 1163 5755 1195 5794; x_wconf 89' lang='lat' dir='ltr'>ea</span> <span class='ocrx_word' id='word_1_714' title='bbox 1207 5737 1307 5815; x_wconf 74' lang='lat' dir='ltr'>[acere</span> <span class='ocrx_word' id='word_1_715' title='bbox 1321 5734 1348 5794; x_wconf 90' lang='lat' dir='ltr'>si</span> <span class='ocrx_word' id='word_1_716' title='bbox 1363 5735 1523 5800; x_wconf 76' lang='lat' dir='ltr'>saltemus:</span> <span class='ocrx_word' id='word_1_717' title='bbox 1540 5734 1567 5792; x_wconf 82' lang='lat' dir='ltr'>st&#39;</span> <span class='ocrx_word' id='word_1_718' title='bbox 1583 5734 1803 5809; x_wconf 85' lang='lat' dir='ltr'>impassibilia,</span> <span class='ocrx_word' id='word_1_719' title='bbox 1818 5755 1872 5795; x_wconf 87' lang='lat' dir='ltr'>aee</span> <span class='ocrx_word' id='word_1_720' title='bbox 1888 5738 1922 5796; x_wconf 83' lang='lat' dir='ltr'>in</span> <span class='ocrx_word' id='word_1_721' title='bbox 1937 5736 1995 5797; x_wconf 88' lang='lat' dir='ltr'>ltae</span> <span class='ocrx_word' id='word_1_722' title='bbox 2009 5738 2054 5797; x_wconf 88' lang='lat' dir='ltr'>rei</span> <span class='ocrx_word' id='word_1_723' title='bbox 2070 5757 2196 5805; x_wconf 79' lang='lat' dir='ltr'>suiuus,</span> 
     </span>
     <span class='ocr_line' id='line_1_63' title="bbox 566 5755 2199 5895; baseline 0.006 -27"><span class='ocrx_word' id='word_1_724' title='bbox 566 5813 592 5869; x_wconf 83' lang='lat' dir='ltr'>si</span> <span class='ocrx_word' id='word_1_725' title='bbox 608 5814 814 5890; x_wconf 73' lang='lat' dir='ltr'>nupserimus</span> <span class='ocrx_word' id='word_1_726' title='bbox 829 5813 912 5892; x_wconf 84' lang='lat' dir='ltr'>qnod</span> <span class='ocrx_word' id='word_1_727' title='bbox 927 5755 1051 5893; x_wconf 69' lang='lat' dir='ltr'>impllre</span> <span class='ocrx_word' id='word_1_728' title='bbox 1065 5832 1129 5874; x_wconf 82' lang='lat' dir='ltr'>aaa</span> <span class='ocrx_word' id='word_1_729' title='bbox 1140 5832 1313 5892; x_wconf 84' lang='lat' dir='ltr'>passumus.</span> <span class='ocrx_word' id='word_1_730' title='bbox 1328 5812 1469 5872; x_wconf 85' lang='lat' dir='ltr'>Tandem</span> <span class='ocrx_word' id='word_1_731' title='bbox 1486 5815 1657 5879; x_wconf 90' lang='lat' dir='ltr'>statuebat,</span> <span class='ocrx_word' id='word_1_732' title='bbox 1677 5813 1838 5875; x_wconf 83' lang='lat' dir='ltr'>bantinem</span> <span class='ocrx_word' id='word_1_733' title='bbox 1851 5817 1884 5875; x_wconf 86' lang='lat' dir='ltr'>iu</span> <span class='ocrx_word' id='word_1_734' title='bbox 1900 5814 1957 5874; x_wconf 86' lang='lat' dir='ltr'>dae</span> <span class='ocrx_word' id='word_1_735' title='bbox 1967 5816 2058 5876; x_wconf 84' lang='lat' dir='ltr'>etium</span> <span class='ocrx_word' id='word_1_736' title='bbox 2069 5835 2199 5895; x_wconf 80' lang='lat' dir='ltr'>corpere</span> 
     </span>
     <span class='ocr_line' id='line_1_64' title="bbox 565 5889 2200 5971; baseline 0.004 -24"><span class='ocrx_word' id='word_1_737' title='bbox 565 5889 744 5951; x_wconf 74' lang='lat' dir='ltr'>existentem</span> <span class='ocrx_word' id='word_1_738' title='bbox 755 5910 848 5971; x_wconf 85' lang='lat' dir='ltr'>posse</span> <span class='ocrx_word' id='word_1_739' title='bbox 863 5902 991 5952; x_wconf 85' lang='lat' dir='ltr'>cunetas</span> <span class='ocrx_word' id='word_1_740' title='bbox 1005 5892 1112 5952; x_wconf 82' lang='lat' dir='ltr'>dobere</span> <span class='ocrx_word' id='word_1_741' title='bbox 1127 5894 1270 5953; x_wconf 78' lang='lat' dir='ltr'>virtutes.</span> <span class='ocrx_word' id='word_1_742' title='bbox 1286 5891 1343 5950; x_wconf 87' lang='lat' dir='ltr'>His</span> <span class='ocrx_word' id='word_1_743' title='bbox 1359 5897 1467 5951; x_wconf 89' lang='lat' dir='ltr'>antem</span> <span class='ocrx_word' id='word_1_744' title='bbox 1481 5891 1651 5952; x_wconf 78' lang='lat' dir='ltr'>confutatis</span> <span class='ocrx_word' id='word_1_745' title='bbox 1669 5892 1884 5970; x_wconf 90' lang='lat' dir='ltr'>Hieronymus</span> <span class='ocrx_word' id='word_1_746' title='bbox 1900 5897 1937 5954; x_wconf 92' lang='lat' dir='ltr'>ad</span> <span class='ocrx_word' id='word_1_747' title='bbox 1956 5912 2090 5955; x_wconf 83' lang='lat' dir='ltr'>examen</span> <span class='ocrx_word' id='word_1_748' title='bbox 2106 5901 2200 5957; x_wconf 88' lang='lat' dir='ltr'>rocat</span> 
     </span>
     <span class='ocr_line' id='line_1_65' title="bbox 564 5970 2197 6050; baseline 0.005 -23"><span class='ocrx_word' id='word_1_749' title='bbox 564 5971 741 6031; x_wconf 86' lang='lat' dir='ltr'>sententias</span> <span class='ocrx_word' id='word_1_750' title='bbox 758 5971 882 6047; x_wconf 91' lang='lat' dir='ltr'>aliquot</span> <span class='ocrx_word' id='word_1_751' title='bbox 898 5971 935 6032; x_wconf 92' lang='lat' dir='ltr'>de</span> <span class='ocrx_word' id='word_1_752' title='bbox 955 5971 1073 6050; x_wconf 84' lang='lat' dir='ltr'>Pelagii</span> <span class='ocrx_word' id='word_1_753' title='bbox 1095 5972 1200 6040; x_wconf 90' lang='lat' dir='ltr'>libro,</span> <span class='ocrx_word' id='word_1_754' title='bbox 1217 5989 1312 6046; x_wconf 89' lang='lat' dir='ltr'>quern</span> <span class='ocrx_word' id='word_1_755' title='bbox 1337 5970 1390 6029; x_wconf 90' lang='lat' dir='ltr'>iile</span> <span class='ocrx_word' id='word_1_756' title='bbox 1416 5970 1637 6046; x_wconf 75' lang='lat' dir='ltr'>Capitaterum</span> <span class='ocrx_word' id='word_1_757' title='bbox 1662 5971 1868 6048; x_wconf 90' lang='lat' dir='ltr'>inscripserat</span> <span class='ocrx_word' id='word_1_758' title='bbox 1886 5995 1893 6031; x_wconf 91' lang='lat'>:</span> <span class='ocrx_word' id='word_1_759' title='bbox 1909 5992 2045 6050; x_wconf 89' lang='lat' dir='ltr'>quarum</span> <span class='ocrx_word' id='word_1_760' title='bbox 2066 5982 2095 6033; x_wconf 89' lang='lat' dir='ltr'>et</span> <span class='ocrx_word' id='word_1_761' title='bbox 2112 5993 2197 6035; x_wconf 88' lang='lat' dir='ltr'>non·</span> 
     </span>
     <span class='ocr_line' id='line_1_66' title="bbox 564 6047 2198 6184; baseline 0.006 -80"><span class='ocrx_word' id='word_1_762' title='bbox 564 6047 664 6184; x_wconf 62' lang='lat' dir='ltr'>np&#39;llae</span> <span class='ocrx_word' id='word_1_763' title='bbox 675 6049 821 6111; x_wconf 88' lang='lat' dir='ltr'>similiter</span> <span class='ocrx_word' id='word_1_764' title='bbox 833 6050 866 6108; x_wconf 92' lang='lat' dir='ltr'>in</span> <span class='ocrx_word' id='word_1_765' title='bbox 880 6049 985 6111; x_wconf 90' lang='lat' dir='ltr'>Orosii</span> <span class='ocrx_word' id='word_1_766' title='bbox 997 6052 1155 6130; x_wconf 80' lang='lat' dir='ltr'>Apologia</span> <span class='ocrx_word' id='word_1_767' title='bbox 1170 6050 1344 6128; x_wconf 76' lang='lat' dir='ltr'>perstrictae</span> <span class='ocrx_word' id='word_1_768' title='bbox 1360 6056 1447 6118; x_wconf 89' lang='lat' dir='ltr'>sunt,</span> <span class='ocrx_word' id='word_1_769' title='bbox 1462 6056 1491 6108; x_wconf 90' lang='lat' dir='ltr'>et</span> <span class='ocrx_word' id='word_1_770' title='bbox 1506 6051 1666 6126; x_wconf 78' lang='lat' dir='ltr'>pleraque</span> <span class='ocrx_word' id='word_1_771' title='bbox 1678 6049 1907 6127; x_wconf 83' lang='lat' dir='ltr'>Diospolitanis</span> <span class='ocrx_word' id='word_1_772' title='bbox 1921 6063 2027 6130; x_wconf 90' lang='lat' dir='ltr'>postea</span> <span class='ocrx_word' id='word_1_773' title='bbox 2038 6054 2198 6132; x_wconf 86' lang='lat' dir='ltr'>judicibus</span> 
     </span>
     <span class='ocr_line' id='line_1_67' title="bbox 561 6134 690 6186; baseline 0.023 -5"><span class='ocrx_word' id='word_1_774' title='bbox 561 6141 581 6181; x_wconf 93' lang='lat' dir='ltr'>o</span> <span class='ocrx_word' id='word_1_775' title='bbox 619 6134 690 6186; x_wconf 80' lang='lat' dir='ltr'>atre.</span> 
     </span>
    </p>

    <p class='ocr_par' dir='ltr' id='par_1_11' title="bbox 558 6203 2222 6451">
     <span class='ocr_line' id='line_1_68' title="bbox 605 6203 2196 6290; baseline 0.005 -28"><span class='ocrx_word' id='word_1_776' title='bbox 605 6203 640 6263; x_wconf 93' lang='lat' dir='ltr'>ln</span> <span class='ocrx_word' id='word_1_777' title='bbox 655 6207 797 6265; x_wconf 88' lang='lat' dir='ltr'>secundo</span> <span class='ocrx_word' id='word_1_778' title='bbox 812 6206 950 6285; x_wconf 86' lang='lat' dir='ltr'>dialogo,</span> <span class='ocrx_word' id='word_1_779' title='bbox 966 6209 1021 6284; x_wconf 89' lang='lat' dir='ltr'>qni</span> <span class='ocrx_word' id='word_1_780' title='bbox 1038 6209 1283 6287; x_wconf 89' lang='lat' dir='ltr'>Pelagianorum</span> <span class='ocrx_word' id='word_1_781' title='bbox 1303 6222 1472 6284; x_wconf 87' lang='lat' dir='ltr'>personam</span> <span class='ocrx_word' id='word_1_782' title='bbox 1489 6207 1564 6284; x_wconf 89' lang='lat' dir='ltr'>agit,</span> <span class='ocrx_word' id='word_1_783' title='bbox 1582 6205 1734 6285; x_wconf 85' lang='lat' dir='ltr'>objectat,</span> <span class='ocrx_word' id='word_1_784' title='bbox 1750 6209 1900 6271; x_wconf 70' lang='lat' dir='ltr'>incidians</span> <span class='ocrx_word' id='word_1_785' title='bbox 1917 6213 2026 6290; x_wconf 65' lang='lat' dir='ltr'>referri</span> <span class='ocrx_word' id='word_1_786' title='bbox 2035 6211 2075 6270; x_wconf 91' lang='lat' dir='ltr'>ad</span> <span class='ocrx_word' id='word_1_787' title='bbox 2090 6212 2196 6270; x_wconf 78' lang='lat' dir='ltr'>Deum.</span> 
     </span>
     <span class='ocr_line' id='line_1_69' title="bbox 559 6282 2198 6368; baseline 0.005 -29"><span class='ocrx_word' id='word_1_788' title='bbox 559 6298 586 6339; x_wconf 81' lang='lat' dir='ltr'>st</span> <span class='ocrx_word' id='word_1_789' title='bbox 610 6282 686 6344; x_wconf 83' lang='lat' dir='ltr'>tales</span> <span class='ocrx_word' id='word_1_790' title='bbox 703 6285 840 6345; x_wconf 83' lang='lat' dir='ltr'>domines</span> <span class='ocrx_word' id='word_1_791' title='bbox 864 6287 1023 6350; x_wconf 85' lang='lat' dir='ltr'>condidit.</span> <span class='ocrx_word' id='word_1_792' title='bbox 1039 6297 1072 6348; x_wconf 85' lang='lat' dir='ltr'>at</span> <span class='ocrx_word' id='word_1_793' title='bbox 1089 6288 1262 6349; x_wconf 80' lang='lat' dir='ltr'>obliuione,</span> <span class='ocrx_word' id='word_1_794' title='bbox 1280 6297 1305 6344; x_wconf 83' lang='lat' dir='ltr'>et</span> <span class='ocrx_word' id='word_1_795' title='bbox 1324 6287 1522 6364; x_wconf 77' lang='lat' dir='ltr'>igitarautiu,</span> <span class='ocrx_word' id='word_1_796' title='bbox 1541 6296 1567 6344; x_wconf 86' lang='lat' dir='ltr'>et</span> <span class='ocrx_word' id='word_1_797' title='bbox 1586 6296 1713 6366; x_wconf 87' lang='lat' dir='ltr'>peccata</span> <span class='ocrx_word' id='word_1_798' title='bbox 1732 6305 1833 6348; x_wconf 82' lang='lat' dir='ltr'>carere</span> <span class='ocrx_word' id='word_1_799' title='bbox 1849 6308 1913 6349; x_wconf 85' lang='lat' dir='ltr'>nan</span> <span class='ocrx_word' id='word_1_800' title='bbox 1930 6292 2074 6368; x_wconf 82' lang='lat' dir='ltr'>possint:</span> <span class='ocrx_word' id='word_1_801' title='bbox 2095 6305 2198 6364; x_wconf 73' lang='lat' dir='ltr'>nctttxe</span> 
     </span>
     <span class='ocr_line' id='line_1_70' title="bbox 558 6360 2222 6451; baseline 0.005 -31"><span class='ocrx_word' id='word_1_802' title='bbox 558 6360 632 6422; x_wconf 84' lang='lat' dir='ltr'>dari</span> <span class='ocrx_word' id='word_1_803' title='bbox 654 6379 749 6436; x_wconf 89' lang='lat' dir='ltr'>posse</span> <span class='ocrx_word' id='word_1_804' title='bbox 766 6363 973 6425; x_wconf 78' lang='lat' dir='ltr'>testuuour&#39;uru</span> <span class='ocrx_word' id='word_1_805' title='bbox 994 6365 1078 6427; x_wconf 83' lang='lat' dir='ltr'>Noai</span> <span class='ocrx_word' id='word_1_806' title='bbox 1095 6369 1292 6439; x_wconf 68' lang='lat' dir='ltr'>testamenti,</span> <span class='ocrx_word' id='word_1_807' title='bbox 1318 6370 1371 6435; x_wconf 86' lang='lat' dir='ltr'>ubi</span> <span class='ocrx_word' id='word_1_808' title='bbox 1385 6389 1495 6444; x_wconf 82' lang='lat' dir='ltr'>error,</span> <span class='ocrx_word' id='word_1_809' title='bbox 1515 6367 1799 6440; x_wconf 61' lang='lat' dir='ltr'>ettamunster</span> <span class='ocrx_word' id='word_1_810' title='bbox 1819 6369 2059 6451; x_wconf 75' lang='lat' dir='ltr'>irupossibit&#39;uos</span> <span class='ocrx_word' id='word_1_811' title='bbox 2072 6365 2222 6428; x_wconf 63' lang='lat' dir='ltr'>mandati</span> 
     </span>
    </p>
   </div>
   <div class='ocr_carea' id='block_1_5' title="bbox 0 0 2800 7350">
    <p class='ocr_par' dir='ltr' id='par_1_12' title="bbox 0 0 2800 7350">
     <span class='ocr_line' id='line_1_71' title="bbox 0 0 2800 7350; baseline 0 0"><span class='ocrx_word' id='word_1_812' title='bbox 0 0 2800 7350; x_wconf 95' lang='lat' dir='ltr'> </span> 
     </span>
    </p>
   </div>
  </div>
 </body>
</html>
