5592 7350
612 930 668 989 sta
1130 924 1174 979 PE
1193 921 1315 981 castis
1335 919 1482 987 l'Ethli,
1503 919 1531 973 S.
1552 916 1741 975 AUGUSTlNl
2202 914 2256 966 asti

613 1038 808 1096 commendarit
823 1038 871 1110 (ιι).
886 1038 971 1107 litaque
984 1034 1046 1091 binc
1061 1035 1192 1105 intelligas
1207 1050 1268 1091 euin
1283 1032 1423 1103 Augustini
1433 1031 1530 1087 librum
1545 1045 1578 1084 ex
1589 1029 1641 1084 iliis
1651 1043 1721 1095 esse,
1746 1041 1814 1099 qnos
1827 1026 1854 1083 itt
1868 1042 1984 1099 graecum
1998 1042 2151 1084 sermonem
2168 1037 2257 1084 trins-

615 1133 682 1186 latos
697 1138 786 1185 hatrat
800 1127 935 1184 possidius
954 1128 981 1182 itt
995 1127 1053 1196 ejus
1066 1126 1135 1192 vita,
1150 1126 1248 1195 capii
1262 1123 1302 1177 tel
1312 1123 1358 1188 at,
1375 1139 1402 1177 tt.
1423 1121 1617 1178 59111111
1634 1122 1730 1189 ipsttttt,
1746 1119 1869 1175 cuilibet
1889 1120 2004 1191 seriphus
2023 1126 2075 1185 est,
2088 1120 2259 1190 Carthaginis

614 1223 767 1293 episcopum
781 1221 891 1276 Photius
903 1220 1014 1285 ibidem,
1030 1228 1054 1272 et
1068 1227 1131 1272 ante
1154 1218 1227 1271 iilum
1252 1216 1368 1284 Prosper
1378 1214 1405 1269 in
1425 1211 1493 1268 libro
1503 1224 1595 1268 eontra
1609 1210 1782 1279 Collatorem,
1804 1226 1864 1282 cap.
1879 1211 1925 1279 11,
1950 1211 2103 1281 appellarit.
2120 1210 2185 1266 idai
2205 1227 2258 1267 noa

613 1315 726 1370 docebat
739 1314 801 1369 olim
817 1313 918 1378 titulus,
929 1313 1009 1367 ambo
1019 1326 1052 1366 et
1064 1309 1123 1366 iibri
1136 1309 1261 1377 lectione,
1275 1324 1301 1362 u.
1313 1306 1359 1373 23,
1374 1305 1448 1361 ttulio
1462 1308 1568 1376 negotio
1577 1313 1774 1375 cittnpetetttui.

645 1408 682 1470 (a)
698 1406 756 1455 vide
767 1404 838 1466 intra,
850 1404 957 1468 append.
969 1411 1037 1467 parte
1048 1401 1073 1451 2.
1197 1408 1227 1451 11.

655 1619 696 1679 11
709 1617 824 1680 librum
836 1616 874 1677 de
892 1615 996 1677 Gestis
1011 1613 1142 1693 Pelagii,
1158 1610 1227 1673 eide
1240 1610 1294 1672 lib.
1310 1565 1428 1688 heae.
1443 1605 1501 1678 17,
1516 1605 1808 1679 detractationem,
1834 1613 1857 1665 t.
1886 1605 1915 1676 1,
1931 1605 1990 1666 coi.
2016 1603 2094 1679 sta,
2110 1624 2130 1665 c
2143 1604 2260 1673 verbis.

614 1698 771 1760 Paridem
785 1702 924 1773 tempus,
940 1692 1086 1773 usquead
1103 1690 1206 1760 verbe,
1219 1693 1434 1767 Posteaquam
1447 1687 1481 1747 in
1495 1701 1610 1746 manus
1626 1690 1764 1746 nostras.
1866 1684 1909 1745 11.

882 1858 961 2004 S.
998 1856 1414 2001 AURELII
1450 1849 1999 1997 AUGUSTINI
2129 1957 2132 1962 -

1116 2047 1498 2133 HIPPONENSIS
1515 2046 1780 2130 EPISCOPI

621 2213 829 2430 DE
901 2204 1489 2432 GESTIS
1575 2199 2259 2430 PELAGII

994 2571 1103 2709 sta
1132 2560 1469 2709 itachium
1510 2559 1883 2743 episcopata.

1142 2798 1383 2908 LIBER
1420 2796 1735 2909 1111811).

1324 2963 1561 3020 stomomate

649 3071 745 3136 singula
753 3082 863 3122 errorum
868 3069 945 3132 capita
952 3059 1049 3131 't’elagm
1059 3065 1122 3129 apud
1129 3064 1278 3115 palestinam
1285 3060 1404 3135 synodum
1415 3060 1527 3123 objecta,
1540 3075 1595 3136 eum
1607 3063 1718 3137 ejusdem
1729 3064 1758 3115 ad
1770 3064 1811 3115 ilia
1821 3069 2030 3130 responsionibus,
2042 3072 2178 3123 munuum
2188 3087 2264 3127 em.

619 3142 720 3187 huntur.
732 3141 870 3195 Quanquam
881 3142 965 3180 autem
975 3127 1153 3179 absolutionem
1163 3125 1279 3190 aspuodo
1289 3122 1402 3186 Pelagtus
1419 3130 1565 3173 consecutus
1571 3132 1613 3185 stt,
1624 3139 1649 3174 tn
1662 3138 1693 3175 eo
1704 3135 1786 3177 tamen
1797 3129 1909 3180 residere
1920 3131 1999 3181 adbuc
2009 3135 2173 3195 suspicionem
2183 3136 2265 3189 haere·

619 3210 692 3254 sees,
704 3192 992 3256 monstratangustinus:
1006 3203 1034 3240 ac
1044 3190 1152 3252 denique
1163 3187 1287 3238 bominem
1297 3184 1382 3251 synttdi
1390 3186 1514 3235 sententia
1525 3186 1561 3235 sic
1572 3199 1630 3237 csse
1640 3187 1795 3251 absolutum,
1808 3197 1834 3240 ut
1845 3191 1896 3253 ipsa
1905 3191 2021 3256 haeresis,
2039 3202 2139 3259 propser
2149 3210 2223 3262 quam
2238 3201 2265 3250 q„

618 3258 735 3322 iudicium
745 3256 829 3315 venit,
841 3255 1008 3305 incunctanter
1018 3251 1130 3302 damnata
1139 3249 1220 3300 luerit.

655 3344 682 3399 1.
710 3342 885 3412 Posteaquam
908 3340 935 3395 in
956 3352 1052 3394 manus
1071 3345 1177 3393 nostras
1190 3336 1218 3402 ¹,
1232 3343 1325 3391 sancte
1346 3345 1416 3406 papa

618 3434 728 3498 Aureli,
744 3432 924 3489 ecclesiastica
937 3438 1012 3502 gesta
1022 3437 1171 3496 venerunt,
1186 3428 1230 3485 ubi
1245 3426 1368 3497 Pelagius
1381 3423 1416 3481 ab

618 3526 753 3598 episcopis
764 3524 964 3596 quatuordeeim
979 3522 1124 3593 prouinciae
1138 3522 1290 3578 Palestinae
1302 3518 1417 3576 catholi-

619 3634 668 3677 cus
682 3626 724 3674 est
742 3617 945 3689 pronuntiatus,
961 3615 1095 3671 cunctatio
1106 3628 1166 3670 mea
1181 3614 1324 3670 terminum
1335 3626 1415 3668 acce·

619 3711 676 3780 pit,
690 3723 741 3780 qua
758 3709 893 3764 disserere
909 3705 1010 3778 aliquid
1029 3705 1135 3776 plenius
1147 3713 1228 3776 atque
1240 3702 1367 3760 tidentius
1381 3702 1416 3757 de

621 3801 678 3873 ipsa
693 3802 751 3870 ejus
763 3798 920 3856 defensione
937 3797 1101 3854 dubitabam.
1124 3796 1199 3851 Hanc
1219 3795 1293 3853 enim
1311 3794 1367 3865 jam
1387 3796 1415 3849 in

621 3889 735 3961 quadam
744 3888 877 3956 chartula,
886 3903 965 3959 quam
975 3888 1038 3942 mibi
1047 3886 1231 3958 ipsemiserat,
1241 3885 1356 3957 legeram
1366 3883 1415 3958 (ii.

620 3980 674 4036 Sed
681 3980 741 4051 quia
750 3979 808 4049 ejus
819 3993 879 4034 eum
894 3978 1094 4034 ilianullasase
1106 3975 1334 4050 (c)dataslitteras
1343 3990 1418 4032 sum·

620 4086 747 4143 pseram,
761 4071 872 4126 verebar
895 4086 928 4125 nc
947 4068 1046 4139 aliquid
1058 4068 1136 4123 aliter
1150 4068 1177 4123 in
1191 4068 1259 4124 meis
1274 4067 1361 4123 verbis
1376 4067 1418 4121 in-

622 4162 769 4228 veniretur,
784 4176 864 4231 quam
875 4161 1008 4230 legeretur
1018 4159 1214 4229 episcopalibus
1226 4157 1308 4229 gestis
1320 4177 1326 4214 :
1336 4169 1416 4228 atquc

623 4252 659 4307 ita
685 4253 795 4307 forsitan
821 4260 934 4320 negante
958 4251 1064 4322 Pelagio
1083 4249 1154 4321 quod
1178 4251 1236 4320 ipse
1257 4249 1322 4305 mibi
1343 4249 1415 4305 iliam

622 4343 770 4400 chartulam
786 4342 899 4410 miserit,
914 4343 1040 4411 quoniam
1053 4341 1131 4397 tacite
1143 4341 1265 4397 convinci
1280 4355 1333 4396 uuo
1347 4349 1415 4396 teste

623 4451 679 4492 non
693 4443 794 4505 posset,
810 4449 860 4504 ego
873 4434 961 4504 potius
972 4432 1007 4487 ab
1019 4433 1052 4488 iis
1065 4433 1109 4502 qui
1125 4432 1150 4486 ei
1165 4433 1270 4504 neganti
1286 4432 1416 4495 faverent,

624 4535 671 4581 aut
684 4525 828 4596 suppositae
843 4524 982 4590 salsitatis,
996 4531 1061 4591 aut,
1075 4532 1104 4578 ut
1117 4524 1208 4579 mitius
1219 4524 1316 4591 dicam,
1331 4532 1418 4580 terne·

624 4619 703 4672 rariae
726 4616 892 4672 credulitatis
911 4631 1049 4686 arguerer.
1073 4615 1149 4673 Nunc
1161 4631 1227 4688 ergo
1239 4632 1299 4672 cum
1312 4633 1342 4673 ea
1357 4634 1420 4689 per-

585 4738 592 4749 ·
627 4716 713 4762 tracto
725 4723 785 4777 quaa
805 4716 878 4778 gesta
894 4716 1025 4762 testantur
1036 4707 1065 4774 ⁸,
1078 4707 1134 4776 jam
1154 4717 1283 4779 quantum
1297 4708 1363 4763 milti
1376 4709 1418 4764 vi·

534 4794 537 4799 “
625 4796 704 4853 detur
716 4795 738 4864 ⁸,
753 4808 842 4852 utrum
853 4810 903 4867 pro
913 4812 944 4853 se
958 4797 1002 4853 ille
1017 4798 1057 4852 sic
1068 4799 1164 4868 egerit,
1177 4798 1344 4855 dubitatione
1354 4800 1419 4855 sub-

1468 3329 1530 3393 lata,
1546 3332 1664 3401 proiecto
1674 3333 1743 3390 etde
1753 3334 1836 3405 ipsius
1848 3334 2015 3404 defensione,
2032 3339 2102 3396 etde
2115 3340 2168 3398 boc
2179 3357 2264 3413 opere

1468 3435 1561 3480 nostro
1573 3424 1706 3481 Sanctitas
1721 3434 1777 3495 tua,
1789 3437 1870 3500 atque
1882 3431 1971 3486 omnis
1984 3431 2028 3502 qui
2042 3432 2145 3503 legerit,
2159 3434 2265 3491 facilius

1468 3525 1496 3572 et
1509 3518 1609 3572 certius
1619 3518 1759 3588 judicabit.

1504 3610 1618 3667 CAPUT
1636 3610 1779 3668 Patttdtt.
1794 3613 1873 3668 -1,
1894 3614 2014 3670 Primum
2037 3615 2127 3687 itaque
2147 3616 2265 3676 homino

1470 3703 1535 3768 beo,
1546 3703 1643 3758 rectori
1654 3703 1811 3774 custodique
1823 3720 1884 3761 meo
1899 3706 1920 3771 ¹,
1932 3706 2079 3763 ineffabiles
2089 3723 2140 3779 ago
2152 3710 2263 3780 gratias,

1469 3794 1540 3866 quod
1560 3809 1603 3851 mc
1623 3793 1658 3851 dc
1676 3796 1776 3851 sanetis
1789 3796 1917 3852 iratribus
1929 3806 1957 3852 et
1969 3799 2137 3869 coepiscopis
2151 3801 2262 3867 nostris,

1469 3887 1515 3957 qui
1529 3886 1556 3941 in
1570 3901 1603 3942 ea
1615 3900 1695 3942 causa
1714 3887 1818 3957 judices
1835 3888 2033 3955 consederunt,
2046 3891 2137 3960 opinio
2151 3906 2205 3946 non
2221 3890 2264 3947 ie·

1469 3977 1546 4033 tellit.
1559 3978 1756 4047 Responsiones
1768 3980 1839 4034 enirn
1848 3979 1906 4050 ejus
1918 3994 1971 4035 non
1984 3981 2118 4036 immerito
2132 3981 2265 4051 approba-

1469 4077 1576 4133 verunt,
1592 4084 1645 4123 ιιοιι
1658 4077 1783 4124 errantes
1796 4069 1930 4138 quomodo
1944 4085 1975 4126 ea
1988 4086 2048 4141 quae
2057 4070 2264 4141 objiciebantur,

1470 4159 1498 4214 in
1510 4159 1645 4228 opusculis
1659 4159 1714 4214 suis
1726 4160 1856 4231 posuerit,
1865 4160 1914 4216 sed
1925 4159 1988 4231 quid
1998 4159 2033 4217 (le
2044 4161 2085 4216 bis
2094 4162 2120 4215 in
2136 4164 2265 4231 presens

1470 4252 1666 4307 examinatione
1687 4252 1864 4322 responderit.
1885 4253 1944 4308 illia
1959 4262 2000 4309 est
2012 4253 2084 4308 enim
2098 4269 2179 4309 causa
2202 4255 2264 4311 tidci

1470 4357 1524 4397 non
1535 4357 1617 4406 sanae,
1627 4342 1679 4397 alia
1693 4342 1834 4397 locutionis
1844 4342 1967 4398 incaute.
1981 4345 2099 4414 Denique
2112 4345 2138 4399 in
2150 4344 2192 4399 bis
2204 4361 2266 4415 quaa

1471 4433 1506 4489 de
1520 4434 1625 4501 libello,
1638 4449 1718 4503 quem
1730 4433 1860 4489 dederunt
1875 4433 1913 4507 (a)
1929 4437 2013 4490 sancti
2026 4436 2122 4489 iratres
2133 4443 2160 4490 et
2172 4437 2263 4508 coepi·

1471 4526 1545 4595 scopi
1561 4527 1643 4581 nostri
1654 4525 1733 4591 Galli,
1747 4525 1833 4581 ileros
1842 4534 1867 4580 et
1881 4525 2009 4593 Lazarus,
2021 4526 2066 4595 qui
2081 4535 2192 4595 propter
2203 4541 2267 4597 gra·

1470 4631 1531 4672 retu
1558 4616 1642 4688 (sicut
1665 4625 1758 4688 postea
1782 4614 1945 4685 probabilius
1968 4615 2164 4688 comperimus)
2185 4618 2266 4674 unius

1471 4723 1563 4763 eorum
1586 4707 1790 4779 aegritudinem,
1807 4717 1954 4777 presentes
1975 4723 2036 4763 esse
2054 4699 2164 4762 nihtime
2185 4717 2265 4778 potu·

1471 4810 1561 4867 erunt,
1573 4802 1683 4856 recitata
1694 4809 1756 4856 sunt
1765 4801 1868 4870 objecta
1879 4799 1997 4870 Pelagio,
2008 4799 2072 4855 illud
2083 4809 2125 4856 est
2136 4801 2266 4871 primum,

1208 4905 1350 4946 todoattto
1368 4907 1409 4945 PP·
1430 4908 1670 4949 amcatc‘ttttoautt.

642 4978 766 5054 Ι1111111
777 4979 855 5028 Gestis
874 4979 963 5050 Pelagii
979 4981 1011 5029 ab
1022 4981 1156 5032 innumeris
1177 4981 1273 5032 mendis
1285 4991 1401 5054 purgatus
1418 4969 1462 5034 ”est
1479 4983 1572 5034 auritio
1589 4992 1704 5036 veterum
1717 4983 1903 5094 exemplarium,
1914 4983 2025 5035 Gallicani
2037 4986 2138 5048 quidem
2148 4987 2224 5036 unius
2233 5000 2267 5038 et

624 5039 769 5096 btlthotbeca
780 5038 924 5097 coltiertma,
938 5046 964 5089 et
975 5041 1084 5089 italorum
1093 5049 1196 5103 quatuor
1216 5050 1311 5092 hortum
1324 5042 1425 5104 scilieet,
1433 5046 1503 5109 cujus
1512 5048 1634 5097 uariantes
1644 5045 1788 5096 lectionesa
1816 5058 1882 5095 oram
1890 5047 1927 5095 sui
1938 5046 1994 5095 libri
2006 5046 2120 5096 velserus
2130 5048 2267 5112 adso-ipsit,

624 5111 651 5154 et
661 5100 762 5172 aliorum
774 5101 846 5149 trium
856 5101 1072 5171 tatanuscriptorum
1082 5115 1138 5173 quae
1147 5103 1172 5151 in
1179 5081 1333 5155 bibliothecis
1343 5107 1420 5156 harei
1432 5109 1502 5156 nucis
1512 5107 1641 5158 storenttae
1647 5115 1812 5157 asservantur.
1822 5107 1945 5157 alitiones
1955 5121 2028 5170 porro
2036 5109 2149 5169 eiusdem
2156 5107 2267 5170 opusculi

624 5170 728 5234 quatuor
740 5168 803 5210 tuter
814 5173 842 5209 se
852 5159 1009 5231 contulimus:
1018 5162 1093 5221 veis,
1104 5163 1129 5211 td
1141 5170 1186 5224 est,
1198 5176 1254 5227 quae
1265 5174 1341 5216 ttaroo
1349 5143 1450 5218 veisero
1461 5176 1487 5218 et
1498 5171 1599 5219 antonio
1607 5169 1708 5220 velsero
1716 5170 1982 5232 procurantibus,.anno
1988 5170 2073 5219 christi
2084 5169 2139 5219 1611
2152 5179 2268 5232 augustae

625 5223 800 5276 tindetnorum
812 5230 921 5272 oon-octa
932 5231 985 5284 est;
995 5231 1021 5274 et
1029 5232 1106 5281 suar„
1116 5238 1171 5288 quae
1183 5240 1228 5288 pter
1239 5228 1388 5277 manciscuut
1400 5236 1487 5279 suarez
1496 5231 1527 5279 ab
1544 5230 1687 5294 exemplari,
1717 5231 1764 5281 uod
1774 5231 1819 5293 ipsi
1831 5231 1867 5279 tir
1879 5232 1997 5290 eruditus,
2012 5238 2038 5280 et
2048 5233 2122 5290 othni,
2133 5238 2160 5280 ut
2168 5234 2212 5291 ait,
2220 5233 2268 5283 lale

624 5288 714 5351 dignus
724 5284 800 5343 dedit,
809 5297 927 5346 expressa
939 5292 986 5344 est,
998 5290 1071 5347 atque
1082 5293 1137 5348 pest
1156 5286 1232 5348 ipsius
1240 5288 1332 5337 obitum
1343 5290 1367 5338 in
1380 5289 1556 5354 prolegomeno
1566 5300 1639 5343 sexto
1649 5293 1679 5342 ad
1691 5291 1699 5341 l

1786 5293 1818 5341 de
1840 5293 1925 5351 maun,
1945 5293 2024 5355 mpite
2036 5294 2141 5356 septimo
2152 5293 2268 5356 strigam

625 5351 686 5401 item
698 5347 830 5399 editionem
841 5353 906 5405 itas,
917 5358 973 5410 quae
991 5347 1104 5396 nimbum
1116 5359 1147 5396 ex
1170 5349 1282 5398 heroardi
1300 5351 1362 5400 hasii
1374 5351 1469 5402 01111111
1479 5353 1567 5415 prodiit
1577 5357 1680 5415 toraod,
1696 5354 1886 5415 annotdl'i;ac
1901 5355 2009 5418 denique
2021 5354 2099 5418 sign,
2112 5355 2196 5416 idest,
2214 5368 2269 5407 cam

626 5426 696 5475 qunm
708 5411 866 5474 hieronymus
879 5409 1014 5473 liguierius
1024 5410 1049 5457 in
1058 5409 1228 5473 augttstiniano
1237 5410 1410 5474 supplemento
1422 5414 1462 5463 edi
1473 5416 1574 5466 curarit.

665 5500 918 5582 comparavimus
929 5510 1080 5579 pretereo
1094 5517 1143 5559 ees
1159 5517 1260 5560 omncs
1275 5498 1426 5562 editiones
1442 5503 1538 5568 initio
1550 5505 1635 5566 Retr.
1647 5503 1841 5580 etcontess,
1855 5513 1879 5565 t.
1894 5505 1924 5576 1,
1940 5511 2134 5566 meinorates.
2183 5503 2216 5564 11

658 5602 665 5633 ¹
677 5601 770 5652 'titulus
779 5602 804 5650 iu
816 5601 963 5650 editionibus
975 5606 1043 5649 crat:
1058 5597 1112 5649 bitti
1123 5596 1211 5651 aorchi
1223 5599 1415 5666 11911ιὶ11111-

625 5661 735 5725 poaeasis
746 5660 851 5726 episcopi
862 5661 921 5713 iiber
933 5661 965 5712 ed
980 5668 1089 5713 sanctam
1100 5661 1238 5724 episcopum
1251 5661 1370 5712 attretiron
1387 5662 1418 5712 de

625 5722 700 5832 GJstis
711 5724 812 5796 pelagii,
824 5730 908 5774 centra
916 5723 1066 5775 aduersarios
1077 5722 1163 5786 proin
1174 5721 1270 5773 hmani
1280 5724 1354 5775 nosti
1362 5732 1420 5776 testi

626 5792 644 5834 ι·
653 5794 723 5836 ursa.

657 5847 755 5897 'salitio
766 5845 858 5896 velseri
872 5853 898 5898 et
907 5846 1059 5896 otlltertimts
1076 5852 1110 5897 us
1121 5883 1128 5906 ,
1141 5851 1239 5897 cestros.
1254 5851 1278 5895 ιιι
1291 5846 1315 5895 ιιι
1334 5846 1420 5897 editio

627 5906 759 5958 aibusaiiis
767 5909 922 5959 emendatum
933 5918 981 5968 est,
992 5916 1084 5961 aestrm
1098 5921 1107 5960 :
1120 5910 1208 5958 metito
1219 5907 1319 6017 quidem
1331 5916 1357 5959 ct
1368 5910 1419 5958 sut·

627 5968 737 6026 tingente
749 5969 811 6018 libro
819 5971 926 6020 secundo
938 5972 1147 6030 ttetraetationnnt,
1159 5984 1212 6025 cap.
1241 5971 1264 6019 7.

659 6030 717 6079 ⁸sic
727 6038 827 6080 veteres
838 6031 942 6092 codices,
955 6032 1080 6082 tatimnns
1093 6042 1118 6082 et
1136 6033 1295 6082 colbertinus.
1306 6029 1365 6081 Editi
1379 6045 1421 6082 te·

628 6103 655 6140 ro
666 6104 673 6140 ι
683 6099 749 6141 dame
757 6098 879 6154 ριιιιιιιιο
886 6106 943 6159 erqo
953 6107 1008 6158 quoe
1018 6102 1084 6159 qesta
1094 6101 1218 6146 testantur.

659 6153 673 6259 ,δ’
683 6151 862 6264 1111ιὲ111111ιί
881 6157 987 6204 ouatittin
1007 6159 1131 6220 primast
1149 6165 1211 6217 tiss,
1230 6153 1285 6218 jttttt
1306 6161 1421 6220 qtttttttttttt

629 6226 662 6263 ιιιι
672 6229 689 6263 ιι
702 6228 732 6263 ru
742 6229 755 6263 r
765 6228 809 6261 etr.

659 6283 695 6347 itt)
712 6288 744 6323 se·
753 6279 816 6338 ipius
826 6277 872 6324 sub
884 6276 975 6328 initiunt
986 6281 1042 6328 anni
1058 6279 1095 6335 11.

656 6339 693 6394 pb)
712 6341 769 6387 title
782 6338 851 6395 inita,
865 6352 888 6386 tt.
901 6338 939 6387 tit.

642 6398 681 6455 (Γ)
695 6407 774 6459 11111,
790 6401 828 6448 ad
835 6412 883 6450 lus·

1505 5609 1513 5638 ¹
1526 5604 1678 5656 colbertinus
1692 5613 1742 5666 its,
1752 5611 1840 5656 imaro.

1504 5669 1541 5731 (e)
1557 5667 1655 5731 eulogio
1666 5667 1798 5731 episcopo:
1820 5666 1891 5731 luha,
1905 5681 1930 5717 n.
1941 5668 1966 5718 ti:
