5592 7350
525 941 579 999 ets
1206 926 1483 1002 cruentissimus
2109 928 2160 985 eet

526 1054 640 1122 Fidum,
654 1066 716 1109 eum
737 1050 874 1123 sexaginta
896 1066 943 1108 tex
964 1049 1129 1121 coepiscopis
1147 1048 1220 1114 sub,
1235 1061 1251 1102 a
1265 1061 1319 1117 quo
1373 1044 1444 1100 diem
1458 1056 1695 1114 certsctectavum,
1710 1062 1803 1119 neper
1816 1048 1968 1119 contagium
1982 1043 2078 1101 mertis
2091 1040 2160 1098 atrei

530 1144 618 1202 iuerat
627 1142 765 1198 consultus
775 1150 886 1213 prepter
896 1139 1106 1197 circumcisionis
1118 1136 1216 1208 legem,
1230 1144 1321 1191 utrum
1351 1136 1543 1213 queprima
1569 1138 1707 1195 nativitate
1736 1146 1902 1194 contractum
1926 1143 2038 1207 pereant
2062 1134 2160 1190 animat

526 1243 591 1291 ante
610 1242 736 1289 octavum
747 1230 819 1287 diem
833 1230 962 1302 baptizari
981 1230 1075 1285 liceret
1096 1227 1241 1302 iniantetu,
1264 1225 1322 1279 bac
1374 1226 1544 1295 parvulorum
1559 1246 1567 1283 ι
1581 1227 1715 1299 quomode
1738 1236 1871 1300 pereunt,
1896 1228 1920 1283 ei
1946 1242 1979 1283 ex
2006 1224 2160 1280 bominibus

528 1339 609 1381 causa
618 1322 658 1380 sie
667 1322 763 1393 agitur,
774 1329 899 1392 tanquam
912 1318 1063 1391 provisione
1075 1315 1166 1372 divina
1179 1323 1232 1369 nm
1243 1314 1323 1383 lenge
1374 1316 1455 1371 etiam
1470 1316 1590 1374 lldelibus
1601 1318 1647 1388 qui
1661 1327 1820 1384 naseuntur,
1834 1334 1888 1375 nen
1902 1327 2027 1375 tenentur
2039 1332 2054 1371 a
2067 1316 2164 1371 diabe-

529 1414 635 1471 luturus
649 1412 793 1468 hereticus
807 1409 963 1481 Pelagianos
970 1410 1025 1480 jam
1035 1406 1163 1464 catholica
1173 1402 1325 1461 confutaret
1376 1405 1412 1469 io.
1428 1406 1513 1463 donce
1524 1417 1696 1464 renascentur
1706 1410 1733 1466 in
1742 1408 1858 1477 cbristo,
1869 1418 1896 1466 et
1907 1410 1975 1466 eruti
1987 1408 2022 1464 de
2033 1414 2165 1478 potestate

530 1504 662 1565 Ecclesia.
677 1503 770 1573 Neque
781 1503 853 1558 enim
865 1503 910 1571 qui
923 1501 1090 1558 consuluerat
1108 1497 1170 1553 inde
1188 1485 1342 1552 dubitabat'
1377 1498 1545 1553 tenebrarum
1558 1499 1588 1554 iu
1599 1514 1708 1570 regnum
1724 1500 1793 1556 illius
1807 1500 2000 1557 transferantur
2010 1497 2124 1570 (deins.
2139 1513 2163 1563 t,

534 1607 624 1655 uuum
640 1602 782 1651 nascentes
796 1594 932 1649 traherent
944 1591 1074 1662 originale
1088 1596 1240 1660 peecatum,
1253 1584 1325 1656 quod
1377 1585 1443 1657 ild?
1457 1586 1491 1642 Et
1501 1588 1562 1658 quis
1572 1588 1636 1644 dicit
1648 1590 1831 1654 nascentium,
1844 1590 1895 1645 nisi
1908 1597 2091 1655 renascantur,
2104 1585 2165 1641 ani-

534 1685 699 1742 rcnascendo
712 1684 846 1740 diluerent
857 1701 865 1739 c
877 1683 947 1738 absit
962 1684 1033 1738 enim
1052 1692 1082 1736 ut
1102 1680 1163 1734 ltine
1184 1674 1326 1748 aliquande
1377 1690 1436 1732 mas
1449 1678 1599 1748 periturasl
1618 1678 1718 1749 Nempe
1739 1680 1783 1735 ille
1801 1680 1846 1750 qui
1860 1681 1900 1736 slc
1913 1678 2003 1735 laudat
2015 1686 2165 1734 createrem

535 1778 602 1834 ides
612 1775 756 1833 christiana
768 1774 929 1830 dubitaverit
942 1790 949 1829 :
960 1773 1008 1828 scd
1019 1771 1063 1827 ille
1072 1768 1222 1835 dubitabat,
1236 1774 1326 1822 ulrum
1377 1774 1458 1835 atque
1469 1777 1628 1833 creaturam,
1638 1769 1758 1838 opilloem
1767 1778 1848 1839 atque
1859 1784 1936 1839 epus,
1948 1774 1977 1824 ut
1987 1767 2094 1822 humaui
2103 1781 2169 1823 scn-

534 1865 745 1938 regenerationis
758 1865 912 1932 lavacrum,
927 1877 981 1934 que
1000 1877 1054 1917 nen
1067 1858 1206 1916 dubitabat
1219 1857 1326 1913 solven-
1379 1869 1425 1909 sus
1439 1855 1578 1912 horrerem
1597 1873 1650 1928 quo
1663 1858 1840 1930 dedignantur
1858 1858 1980 1915 hemines
1997 1867 2121 1915 recentes
2132 1857 2167 1913 ab

534 1955 599 2012 dum
607 1953 735 2024 originale
746 1960 892 2023 peccatum,
902 1960 964 2007 astte
972 1949 1043 2007 diem
1053 1948 1120 2005 tradi
1131 1948 1241 2004 deberet
1253 1953 1327 2001 ecta·
1380 1952 1457 1999 utero
1471 1946 1596 2014 parvulus
1612 1946 1746 2015 cerebri,
1763 1947 1900 2004 creaturis
1917 1947 2000 2019 ipsius
2013 1946 2169 2018 interposita

536 2060 610 2101 vum.
621 2044 661 2099 ald
669 2043 975 2114 quamconsultatienem
985 2040 1151 2113 respondens
1159 2038 1334 2096 beatissimus
1380 2036 1550 2090 veneratione
1563 2044 1713 2107 compescat
1726 2046 1754 2094 et
1772 2040 1905 2110 corrigat,
1925 2039 2036 2105 dicens,
2052 2040 2079 2093 ln
2100 2038 2172 2093 iilius

535 2135 708 2207 cyprianus:
726 2132 882 2203 «Quantum
895 2148 978 2200 sero,
995 2151 1005 2186 t
1021 2132 1125 2203 inquit,
1144 2149 1155 2184 a
1173 2129 1329 2186 eduensem
1381 2124 1466 2178 atate
1486 2125 1578 2180 osculo
1599 2136 1721 2182 recentes
1741 2127 1787 2184 liei
1809 2143 1902 2183 manus
1922 2141 1983 2183 esse
2004 2126 2170 2197 cogitandas.

479 2255 484 2261 -
539 2205 668 2280 intantum
685 2222 814 2293 pertinet,
828 2236 897 2292 ques
913 2221 1021 2287 dixisti,
1037 2221 1109 2277 intra
1127 2218 1272 2276 secundum
1287 2218 1329 2274 tel
1381 2211 1515 2284 Numquid
1531 2230 1594 2287 erge
1605 2219 1735 2273 sonitem
1750 2219 1878 2290 originale
1893 2226 2048 2289 peccatum,
2063 2228 2108 2273 aut
2120 2233 2170 2292 ea·

540 2314 648 2368 tertium
661 2310 732 2367 diem
741 2326 794 2381 que
808 2312 862 2365 nati
876 2308 1329 2379 samt¹constitutesbaptitarinon
1383 2310 1469 2356 iurant
1492 2303 1643 2373 damnarit,
1667 2317 1713 2363 aut
1731 2309 1855 2379 nuptiasl
1876 2308 2025 2379 Nutnqnid,
2044 2308 2174 2378 queniam

539 2412 674 2475 opertere,
685 2410 712 2458 et
722 2401 941 2458 considerandam
953 2416 1013 2458 esse
1023 2401 1110 2472 legem
1121 2397 1332 2456 circumcisionis
1383 2392 1503 2447 nascenti
1516 2408 1549 2449 ex
1562 2395 1646 2451 Adam
1661 2411 1708 2452 ree
1719 2397 1839 2453 adbibuit
1850 2398 2058 2469 regenerationis
2073 2412 2172 2467 purga·

541 2495 657 2565 attiiqntc
670 2512 680 2545 ι
695 2492 771 2565 (Gerr.
786 2508 856 2560 xvir,
877 2492 938 2563 li),
955 2509 965 2544 t
981 2501 1010 2547 ut
1030 2493 1100 2548 intre
1121 2501 1242 2547 netarum
1260 2489 1332 2546 diem
1384 2480 1494 2549 lienem,
1511 2484 1571 2541 ideo
1590 2485 1672 2542 Deum
1689 2487 1793 2560 negavit
1806 2488 1971 2544 nascentium
1990 2486 2174 2543 conditorem?

542 2598 603 2639 eum
614 2584 659 2653 qui
673 2592 751 2638 status
760 2592 802 2639 est
811 2583 996 2654 baptizandum
1010 2591 1037 2639 et
1047 2581 1264 2638 sanctificandum
1278 2594 1332 2635 non
1383 2572 1531 2645 Numquid,
1544 2578 1606 2647 quia
1617 2588 1738 2635 metuens
1747 2578 1850 2633 animas
1861 2578 2003 2649 cujuslibet
2014 2577 2100 2633 statis
2113 2591 2177 2647 pcr-
2197 2608 2201 2618 ·

545 2682 660 2744 gestares,
672 2673 749 2744 lettge
760 2672 831 2729 aliud
844 2674 870 2727 in
881 2673 993 2729 concilio
1006 2682 1098 2729 nostre
1110 2671 1234 2727 omnibus
1248 2670 1334 2725 risum
1385 2663 1425 2719 ire
1436 2703 1445 2729 ,
1458 2666 1537 2720 etiam
1556 2675 1619 2723 ante
1632 2668 1702 2723 diem
1715 2677 1837 2724 octavum
1850 2666 2002 2724 liberandas
2013 2682 2073 2723 esse
2084 2680 2175 2721 sacra.

545 2765 614 2819 cst&
627 2764 655 2817 ln
668 2763 719 2818 bon
731 2764 802 2819 enim
817 2762 886 2834 quod
901 2763 1012 2834 putabas
1026 2777 1087 2819 esse
1100 2760 1269 2829 laciendum,
1283 2775 1333 2815 ne·
1386 2765 1477 2810 mento
1494 2755 1622 2826 Baptisml
1642 2773 1702 2817 cum
1722 2758 1884 2830 collegarum
1900 2758 2014 2814 eoncilia
2028 2755 2174 2827 judicarit,

546 2868 590 2908 ιιιο
602 2854 737 2909 coruscasti
751 2872 758 2909 :
772 2853 819 2909 scd
835 2854 948 2910 universi
965 2854 1052 2924 potins
1069 2853 1247 2924 judicavimus
1268 2850 1335 2907 nulli
1386 2844 1447 2901 ideo
1458 2846 1564 2915 nuptias
1577 2848 1728 2914 accusavit3
1742 2846 1954 2919 quandoquidem
1966 2847 1997 2902 in
2006 2846 2108 2903 infante
2117 2847 2182 2901 sire

547 2941 682 2998 leontinum
693 2954 754 2997 state
768 2942 947 2999 misericordis
960 2943 1008 2999 lici
1020 2944 1130 3015 gratiam
1141 2942 1333 3015 denegandam.
1387 2934 1422 2991 dc
1433 2935 1565 3008 conjugio,
1580 2938 1636 2993 sive
1645 2938 1679 2995 de
1691 2937 1831 3007 adulterio,
1847 2947 1935 2994 umen
1949 2937 2011 3009 quia
2025 2936 2107 2993 bomo
2122 2951 2179 2990 na·-

547 3032 612 3088 Nam
623 3048 684 3088 eum
698 3033 826 3089 [lominus
839 3034 865 3087 in
880 3033 1082 3104 Evattgeliesue
1099 3033 1180 3098 dicat,
1195 3031 1278 3087 Filius
1289 3032 1337 3087 lto-
1388 3034 1431 3081 lus
1439 3034 1490 3092 esi,
1504 3036 1627 3084 recentes
1639 3028 1687 3084 llei
1699 3042 1793 3085 manus
1803 3028 1898 3100 dignas
1909 3028 1989 3085 ctiam
1999 3026 2092 3084 esculo
2105 3027 2180 3097 pacis

548 3123 621 3177 saites
641 3138 691 3176 neta
711 3123 777 3177 uertit
796 3123 893 3176 errimus
908 3123 1020 3193 perdere,
1036 3120 1332 3192 castulonensem,
1388 3117 1521 3173 ostendit?
1534 3119 1563 3175 Si
1575 3134 1642 3190 erge
1652 3119 1739 3190 potuit
1757 3130 1866 3178 sanctus
1882 3121 2023 3192 episcopus
2035 3131 2063 3177 et
2076 3130 2180 3191 muner

548 3213 593 3283 56)
606 3230 614 3266 :
628 3214 791 3284 quantumin
804 3214 880 3270 nobis
890 3224 941 3281 est,
953 3214 975 3269 si
989 3215 1045 3269 lteri
1058 3223 1154 3284 potest,
1166 3214 1237 3268 trulla
1248 3213 1336 3268 attinta
1387 3207 1595 3278 gloriosissimus
1606 3210 1753 3282 Cyprianus
1762 3222 1900 3283 peccatum
1908 3212 2037 3283 originale
2050 3212 2076 3266 itt
2090 3211 2178 3267 inlata·

549 3302 682 3374 perdenda
694 3313 745 3359 cst.
761 3324 771 3358 ι
786 3305 819 3359 El
832 3305 911 3376 paulo
924 3313 983 3376 pest
995 3322 1001 3358 ε
1014 3322 1023 3355 ι
1038 3304 1092 3359 Nee
1102 3303 1205 3374 aliquis,
1220 3322 1230 3356 ι
1241 3303 1345 3374 inquit,
1390 3298 1460 3353 tibus
1472 3298 1600 3355 medicina
1612 3299 1708 3356 Citristi
1722 3316 1833 3358 censere
1843 3301 2001 3367 sanandum,
2013 3302 2085 3357 salva
2097 3300 2177 3356 laertio

552 3413 562 3447 e
578 3402 699 3450 nostruin
716 3394 741 3450 id
754 3394 832 3452 debet
844 3395 970 3460 horrere,
984 3395 1056 3466 qued
1071 3396 1198 3451 bontinns
1215 3394 1338 3466 dignatus
1390 3396 1535 3456 creaturae,
1550 3391 1621 3445 salsa
1640 3391 1717 3447 laude
1735 3392 1903 3462 nuptiarum3
1917 3406 1966 3448 cur
1978 3392 2076 3448 novitia
2095 3391 2177 3461 pesti·

550 3494 591 3539 est
605 3483 702 3539 lacere.
716 3483 780 3538 Nam
793 3485 843 3539 etsi
856 3484 943 3540 adbuc
955 3484 1043 3540 inians
1056 3499 1071 3539 a
1089 3492 1166 3554 partu
1181 3499 1265 3539 nevus
1278 3490 1336 3549 est,
1391 3478 1482 3545 lentio,
1496 3495 1557 3534 cum
1570 3480 1648 3536 istum
1659 3497 1711 3537 nen
1723 3473 1819 3539 attdcat
1828 3482 1918 3539 dicere
1930 3481 2116 3548 Matticitaeum,
2125 3478 2179 3535 Ca·

551 3592 604 3631 non
616 3576 651 3631 lta
664 3584 704 3631 est
718 3584 817 3643 tamen,
829 3586 858 3632 ut
871 3576 1010 3648 quisquam
1024 3576 1099 3631 illum
1113 3576 1139 3632 in
1152 3575 1235 3647 gratia
1251 3573 1339 3630 danda
1392 3570 1497 3627 tlteiicis
1510 3572 1554 3642 qui
1566 3573 1615 3627 ista
1625 3572 1779 3643 defendunt,
1792 3582 1821 3631 ut
1829 3575 1936 3645 obtegat
1951 3572 2097 3644 proprium,
2107 3579 2180 3641 putat

550 3677 631 3739 atque
640 3667 666 3724 in
680 3682 744 3739 paee
757 3667 875 3725 iacienda
886 3669 995 3725 horrere
1004 3666 1100 3724 debeat
1112 3666 1227 3724 osculari
1238 3684 1245 3722 ι
1255 3682 1341 3739 quan·
1391 3660 1569 3732 objiciendum
1584 3662 1685 3721 crimen
1710 3664 1842 3722 alienuml
1856 3664 1927 3722 Eece
1945 3664 2181 3736 prudentissimus
2222 3673 2224 3676 ·

551 3757 587 3813 de
599 3759 625 3813 in
640 3758 732 3814 esculo
752 3757 859 3814 inlantis
878 3759 1058 3831 unusquisque
1077 3766 1196 3814 nestrmn
1219 3773 1267 3828 pro
1291 3773 1340 3815 sue
1393 3753 1679 3811 trecblordiviborttm
1693 3756 1867 3827 eloquiorum.
1879 3766 2021 3827 antequem
2035 3764 2180 3811 lemtim·

552 3849 680 3919 reiigione
694 3849 765 3921 ipsas
780 3847 866 3904 adltue
880 3856 1002 3905 recentes
1016 3849 1061 3905 [lei
1075 3863 1169 3905 manus
1183 3847 1279 3904 debeat
1291 3863 1340 3904 eo·
1392 3851 1464 3899 strss
1476 3844 1516 3899 vel
1529 3846 1700 3902 tenuissimus
1712 3845 1779 3904 eder
1791 3847 1941 3904 ilaniebseau
1952 3846 2108 3918 pestilentias
2120 3846 2181 3902 teti·

552 3938 652 4007 gitare.
668 3951 734 4009 quas
747 3937 773 3992 in
788 3937 897 3994 bomine
911 3938 990 3994 mdo
1004 3937 1118 3993 inrmate
1131 3946 1159 3994 et
1173 3945 1340 3994 recensente
1392 3935 1490 4006 gisset,
1516 3936 1574 3993 sine
1599 3938 1652 3994 ulla
1676 3939 1870 4008 vituperatione
1890 3938 1973 3994 divini
1991 3937 2083 4007 operis
2101 3946 2183 4006 atque
2276 3932 2279 3939 '

553 4026 668 4098 quodam
681 4027 761 4083 modo
774 4028 969 4096 exosculamur,
981 4027 1087 4099 quando
1102 4026 1127 4084 id
1139 4026 1214 4099 quod·
1223 4029 1292 4084 bears
1301 4028 1341 4084 ie·
1394 4025 1546 4096 nuptiarum
1557 4026 1697 4083 cenlitctur
1708 4027 1836 4097 originale
1854 4034 2009 4099 peccatum
2024 4043 2078 4084 nen
2089 4025 2182 4082 dicent

553 4118 590 4173 cit
602 4118 795 4189 amplectimur.
810 4137 820 4170 ι
832 4117 898 4174 item
911 4119 1060 4188 paulopost
1073 4136 1080 4173 :
1095 4117 1248 4174 «Ceterum
1261 4119 1283 4172 si
1295 4118 1343 4173 lto·
1393 4114 1527 4171 Christum
1543 4116 1594 4171 ulla
1609 4117 1709 4187 peccati
1719 4117 1822 4179 macula
1831 4132 1980 4189 aspersum,
1992 4130 2042 4173 nec
2055 4115 2181 4172 tarnctrei

554 4209 650 4275 mines,
665 4227 677 4260 a
692 4209 786 4279 inquit,
802 4228 813 4263 a
828 4209 958 4281 impedire
968 4209 1068 4280 aliquid
1079 4210 1112 4264 ad
1125 4209 1342 4265 cettsecutienem
1395 4221 1551 4275 comparans
1569 4222 1675 4263 carnem
1695 4207 1796 4277 peccati
1821 4207 1849 4263 in
1871 4208 2041 4264 nascentibus
2058 4210 2182 4273 ceteris,

555 4299 647 4369 gratie
661 4308 768 4368 posset,
784 4301 868 4370 magis
881 4299 986 4355 adultos
999 4309 1025 4356 et
1040 4309 1216 4371 provectoset
1228 4299 1343 4370 majores
1395 4296 1492 4365 quibus
1504 4312 1550 4366 per
1562 4296 1762 4353 similitudinem
1780 4297 1869 4353 carnis
1881 4297 1982 4369 peceati
2002 4296 2183 4352 mundationis

555 4399 618 4443 natu
632 4400 740 4470 possent
754 4390 883 4460 impedire
897 4402 1003 4461 peecata
1017 4390 1148 4461 graviora.
1163 4389 1343 4446 Porreantem
1398 4398 1504 4459 praestet
1524 4393 1649 4448 auxilium
1665 4411 1672 4448 ι
1686 4409 1734 4450 nec
1760 4394 1869 4463 originis
1893 4395 2043 4450 animarum
2069 4394 2183 4450 obscura

556 4481 580 4534 si
594 4480 674 4534 etiam
689 4480 854 4550 gravissimis
866 4481 1060 4548 delictoribus,
1077 4489 1106 4534 et·
1121 4480 1148 4535 in
1163 4479 1246 4535 ileum
1260 4478 1345 4534 multe
1396 4468 1542 4548 quastione
1558 4488 1682 4549 terretur,
1697 4498 1751 4554 quo
1762 4482 1850 4541 mines
1862 4499 1910 4541 ees
1928 4485 1974 4556 qul
1987 4483 2085 4541 Christi
2098 4483 2183 4554 gratia

525 4581 531 4591 ·
557 4579 619 4626 ante
635 4570 822 4641 peccantibus,
843 4587 903 4626 eunt
923 4580 1017 4640 postea
1036 4569 1216 4635 crediderint,
1232 4569 1345 4627 remissa
1397 4569 1551 4634 liberantur,
1568 4569 1594 4626 in
1609 4573 1758 4642 paradisum
1774 4589 1894 4630 remeare
1913 4574 2035 4631 fateatur.
2049 4571 2182 4645 Numquid

556 4669 725 4732 peccaturum
739 4660 826 4725 datur,
842 4670 868 4716 ct
882 4675 896 4715 a
912 4661 1048 4732 baptismo
1067 4669 1146 4730 aeque
1167 4661 1250 4730 gratia
1267 4674 1356 4716 neme·
1397 4676 1432 4717 ex
1445 4661 1529 4717 Adam
1547 4661 1611 4718 dicit
1628 4664 1655 4718 in
1677 4664 1798 4721 bomines
1820 4665 1914 4721 mertis
1934 4665 2113 4721 cettditienem
2125 4664 2185 4721 sine

557 4748 712 4819 proitibetur
723 4766 731 4802 ι
743 4758 841 4819 quanto
853 4750 936 4820 magis
946 4750 1079 4820 prolriberi
1091 4765 1145 4804 ntttl
1155 4749 1235 4806 debet
1247 4748 1344 4818 ittlans,
1398 4753 1499 4823 peceati
1512 4754 1668 4823 contagione
1681 4755 1826 4809 transisse?
1838 4755 1895 4809 Nun
1915 4756 1987 4810 enim
2002 4764 2112 4826 prepter
2123 4769 2184 4810 eer-

557 4841 604 4912 qul
617 4855 710 4897 reeens
724 4849 803 4897 natus
815 4841 883 4897 niitil
894 4842 1027 4912 peccavit,
1043 4841 1094 4897 nisi
1109 4841 1181 4913 quod
1197 4839 1346 4897 secundum
1398 4843 1471 4914 peris
1484 4854 1596 4899 mntem
1610 4844 1752 4910 vitandam,
1766 4845 1818 4901 sed·
1827 4858 1936 4916 prepter
1949 4857 2096 4917 pecettttm,
2112 4844 2187 4919 quad

559 4929 643 4985 Adam
663 4932 807 4986 carnaliter
829 4939 924 4995 natus,
945 4931 1095 5002 contagium
1118 4930 1211 4986 mertis
1231 4929 1348 5001 antiquae
1399 4946 1541 5003 perunum
1561 4933 1667 4990 intravit
1681 4935 1708 4990 in
1721 4935 1946 5002 mundum,dicit
1960 4953 2007 5009 per
2020 4937 2184 5007 baptismum

559 5019 645 5089 prima
657 5019 794 5076 nativitate
805 5021 952 5086 contrariu
966 5021 1010 5090 qui
1024 5020 1059 5075 ad
1074 5020 1211 5075 remissam
1225 5029 1348 5092 peccato-
1400 5022 1517 5091 parvulis
1534 5022 1678 5092 quamlibet
1695 5023 1730 5079 ab
1744 5035 1819 5080 utere
1833 5026 2024 5082 recentissimis
2038 5025 2184 5084 subt-enirn

559 5102 617 5165 rum
630 5111 822 5181 accipiendam,
837 5111 888 5167 bec
902 5112 960 5182 ipse
974 5110 1076 5167 lucilius
1091 5110 1203 5181 accedit,
1216 5110 1290 5182 qued
1308 5111 1348 5168 iiii
1435 5110 1546 5168 CAPUT
1561 5111 1606 5170 lx.
1615 5113 1705 5171 -ὶὸ,
1715 5111 1837 5186 Cypriani
1845 5116 1987 5172 testimonie
1996 5115 2027 5172 tle
2035 5117 2118 5188 gretie
2129 5114 2186 5171 Dei:

559 5202 730 5256 remittuntur
743 5217 797 5258 non
810 5204 927 5274 propria,
940 5204 987 5258 sed
1000 5203 1086 5258 aliern
1102 5205 1229 5274 peecatal
1247 5224 1257 5259 t
1400 5201 1458 5258 iam
1471 5218 1536 5258 vere
1548 5205 1659 5274 gratiam
1678 5204 1727 5262 liei
1739 5205 1963 5276 quemadmodum
1982 5207 2108 5263 adversus
2122 5205 2189 5260 istus

594 5291 639 5346 il.
649 5292 716 5359 Quid
725 5293 758 5347 ad
772 5294 821 5347 ista
835 5293 928 5349 dictari
942 5302 1013 5360 sunt,
1027 5294 1120 5364 gratie
1134 5294 1181 5350 Dei
1196 5309 1249 5349 non
1262 5295 1348 5351 selum
1401 5295 1526 5366 praedicet
1537 5293 1700 5368 Cyprianus,
1714 5297 1758 5353 ubi
1770 5297 1938 5355 decretione
1951 5297 2083 5354 dominica
2096 5297 2188 5365 dlsptt·

567 5380 737 5447 desertores,
753 5382 891 5439 sedetiam
905 5383 1182 5454 persecutoresiqnid
1196 5384 1293 5439 adisse
1307 5384 1349 5440 di·
1402 5395 1456 5451 tat,
1471 5385 1612 5454 evidenter
1625 5396 1743 5457 apparet.
1761 5387 1806 5444 tit
1824 5388 1895 5443 enim
1912 5406 1920 5443 :
1937 5406 1947 5440 t
1966 5388 2099 5446 Dicimus.
2115 5384 2187 5441 Sett-

560 5468 628 5523 eteri
643 5471 791 5539 suntiono
806 5481 883 5541 pacto
897 5474 974 5528 nnbis
984 5472 1099 5544 paradisi
1113 5475 1248 5545 possessio
1260 5474 1351 5529 reddi·
1401 5477 1524 5546 ctificetnr
1536 5492 1625 5530 nonen
1637 5487 1708 5531 tuum
1718 5492 1728 5531 t
1739 5492 1793 5532 non
1806 5476 1876 5547 quod
1888 5487 2012 5547 optemus
2024 5477 2078 5531 ilco
2089 5485 2117 5528 ιιι
2126 5488 2190 5529 san·

562 5559 624 5614 turi
637 5560 776 5639 Qomodo
795 5563 917 5633 paradiso
937 5564 1112 5627 restituimur,
1126 5565 1147 5620 si
1165 5580 1299 5636 nunquam
1314 5566 1349 5621 ibi
1401 5566 1530 5621 ctillcetur
1542 5565 1708 5621 erationibus
1721 5566 1838 5634 nestris,
1860 5565 1911 5622 scd
1922 5565 1993 5636 qued
2013 5575 2135 5636 pommus
2154 5563 2190 5618 ab

563 5649 679 5705 inimus?
691 5652 744 5708 Aut
757 5654 890 5724 quomedo
905 5654 940 5709 ibi
954 5652 1062 5717 luimus,
1080 5653 1130 5708 nisi
1143 5655 1204 5724 quia
1220 5655 1246 5709 in
1265 5655 1348 5710 etlam
1401 5671 1435 5714 ee
1456 5665 1484 5712 ut
1498 5673 1593 5714 nomen
1608 5657 1666 5727 ejus
1687 5658 1867 5715 sanctificetur
1880 5658 1907 5712 in
1927 5657 2013 5713 nubis.
2027 5655 2159 5711 Ceterum
2172 5670 2189 5712 a

563 5738 681 5796 inimus?
692 5742 725 5798 Et
737 5745 871 5814 quomode
881 5745 912 5799 ad
923 5747 1080 5801 sententiam
1092 5761 1150 5817 qun
1164 5747 1191 5800 in
1205 5755 1351 5817 transgres·
1401 5762 1455 5817 quo
1465 5748 1534 5802 Deus
1546 5747 1743 5813 sanctilicatur,
1756 5748 1801 5819 qui
1815 5749 1872 5819 ipse
1885 5747 2051 5804 sanctiicatl
2063 5746 2115 5803 Sed
2126 5746 2189 5817 qutb

563 5845 653 5886 terrem
666 5832 735 5888 dicta
748 5845 789 5890 est
804 5837 984 5905 pertinemus,
999 5836 1020 5890 si
1036 5850 1131 5890 notam
1146 5835 1179 5890 de
1200 5844 1350 5905 transgres·
1403 5835 1460 5909 ipse
1473 5838 1555 5905 dixit,
1571 5839 1660 5895 Sancti
1678 5848 1771 5905 estete,
1786 5839 1906 5909 quonimus
1918 5850 1942 5892 et
1955 5853 1999 5910 ege
2013 5847 2115 5894 rancun
2133 5853 2190 5892 utre

563 5933 626 5975 sere
636 5937 687 5976 non
697 5923 842 5978 traltimnsi
851 5925 988 5980 Postremo
998 5923 1187 5995 baptizandns⁸
1199 5925 1277 5980 etiam
1290 5935 1350 5982 arete
1403 5929 1493 5997 (berit.
1508 5945 1568 5994 ιιι,
1584 5929 1630 5997 Ξ);
1645 5928 1671 5985 td
1682 5929 1795 5999 petimus
1808 5937 1836 5984 ct
1845 5943 1986 5999 rogamus,
2000 5937 2031 5983 ut
2043 5929 2092 5998 qni·
2102 5927 2130 5982 itt
2140 5926 2192 5980 bt·

598 6071 604 6101 Ι
651 6071 656 6082 ,
824 6075 829 6085 ⁸
1054 6071 1060 6084 ¹
1404 6021 1500 6087 ptisnto
1514 6017 1669 6072 sanctificati
1683 6016 1835 6081 sumus,in
1851 6031 1884 6072 eo
1903 6015 1973 6085 qued
1987 6030 2046 6072 esse
2058 6015 2190 6085 empireus

624 6069 718 6128 aliquot
729 6085 744 6122 c
755 6082 844 6124 nostrus
854 6081 917 6126 ttss..
928 6086 999 6138 quern
1010 6079 1060 6124 nats
1071 6081 1135 6124 sunt.

596 6132 606 6162 a
622 6137 675 6180 m
699 6132 809 6185 (gumi
826 6143 851 6185 e,
863 6136 980 6196 nugam,
1003 6132 1070 6198 qm,
1082 6134 1150 6186 ,gud
1161 6133 1262 6187 comm„
1273 6146 1352 6186 ,om
1403 6120 1613 6179 perseveremus.
1627 6124 1636 6160 t
1650 6105 1683 6161 Et
1692 6105 1745 6160 alie
1756 6106 1814 6161 lece
1825 6107 1851 6162 in
1861 6107 2076 6177 eademepistola
2088 6123 2096 6160 :
2109 6123 2120 6158 e
2134 6105 2190 6160 Ad·

566 6191 717 6281 cepti-risum
728 6200 770 6243 est.
945 6255 951 6266 ι
1195 6255 1201 6268 ·
1403 6196 1489 6249 dimus
1501 6210 1623 6265 qunque,
1643 6213 1652 6249 ι
1671 6195 1772 6266 inquit,
1791 6214 1800 6249 t
1818 6205 1846 6251 ct
1857 6194 1987 6262 divinius,
2004 6193 2062 6250 i'iol
2075 6194 2191 6249 saintet

564 6253 694 6372 mil-lnge,
712 6261 829 6304 resonae
844 6269 864 6306 st
887 6255 1049 6320 suptraentes.
1074 6255 1158 6316 alten,
1180 6270 1214 6318 rt,
1237 6271 1250 6306 a
1269 6271 1351 6307 ntattu·
