5592 7350
618 904 672 960 ιιι

619 1011 716 1067 dicium
732 1019 805 1081 gesta
826 1011 919 1065 luerint
935 1009 989 1082 (o),
1004 1011 1168 1083 cocpfseopis
1184 1011 1281 1066 nostris
1293 1051 1301 1077 ,
1315 1008 1359 1078 qui
1374 1008 1411 1061 si-

620 1102 674 1155 ιιιιιι
684 1103 709 1156 ιιι
718 1101 871 1174 ιιιιιιιιιιιιο
879 1100 1067 1171 praesidebant,
1079 1102 1134 1171 ipse
1144 1103 1268 1156 narrarit.
1279 1100 1409 1165 biterrim,

621 1203 683 1247 tuoe
702 1191 857 1264 quibusdam
876 1193 1084 1258 susurrantibus,
1106 1202 1133 1249 et
1154 1194 1322 1259 dicentibus,
1338 1192 1409 1263 quod

622 1304 631 1334 ι
649 1284 707 1337 siue
722 1282 768 1337 lici
783 1281 866 1353 gratia
882 1302 891 1335 a
906 1283 1006 1338 diceret
1018 1283 1138 1354 Pelagius
1154 1302 1164 1335 t
1184 1298 1260 1353 posse
1275 1282 1410 1339 bononem

620 1373 721 1444 par-net,
741 1392 749 1426 r
766 1374 791 1427 id
806 1384 858 1441 est,
871 1374 941 1443 ipuud
955 1375 1078 1445 superins
1092 1374 1213 1439 dixerat,
1230 1363 1317 1428 r'esse
1334 1388 1412 1441 posse

621 1466 754 1518 lrooainem
768 1464 826 1517 sine
844 1474 953 1533 peccato
965 1482 971 1518 :
985 1464 1102 1535 Cttipans
1118 1466 1144 1530 ¹,
1160 1484 1169 1517 ι
1185 1464 1286 1535 inquit,
1304 1482 1313 1514 ι
1333 1479 1413 1531 super

621 1560 671 1610 boc
691 1557 769 1610 rtiant
796 1555 882 1618 intuli,
907 1556 968 1625 qnia
989 1567 1015 1610 et
1029 1555 1165 1624 apostotos
1185 1554 1282 1609 Paulus
1301 1552 1411 1607 multum

620 1647 744 1703 laborans
758 1688 766 1710 ,
779 1658 826 1702 seu
842 1662 894 1700 non
907 1646 1052 1708 secondum
1067 1663 1141 1700 snam
1155 1647 1295 1711 uirtutem,
1308 1644 1354 1699 sed
1368 1660 1412 1699 se·

620 1739 737 1797 cundum
749 1737 860 1810 gratiam
876 1736 933 1796 Dei,
945 1736 1011 1792 dixit
1027 1756 1034 1792 a
1051 1737 1165 1807 Amplius
1178 1737 1292 1793 carnibus
1304 1736 1357 1789 illia
1370 1733 1412 1788 iu·

620 1820 725 1892 iorur·i,·
746 1845 795 1882 aron
809 1844 854 1897 ego
867 1837 969 1892 ortteru,
984 1827 1028 1881 sed
1041 1829 1123 1899 gretie
1138 1826 1184 1881 llei
1194 1843 1308 1890 merum,·
1323 1837 1348 1880 et
1362 1827 1412 1881 ite-

621 1938 699 1984 rnm,
717 1920 777 1974 Non
795 1930 830 1973 est
846 1918 963 1985 rolentb,
977 1935 1054 1989 neque
1067 1919 1205 1981 currentis,
1220 1918 1263 1972 sed
1276 1917 1413 1972 miserentis

622 2010 671 2066 eet
685 2013 776 2083 (lione.
793 2027 831 2079 rr,
848 2011 899 2082 te)
907 2027 915 2078 ;
928 2020 956 2065 ct
968 2010 1050 2075 ittae,
1066 2009 1125 2062 Nisi
1138 2008 1261 2062 Derdam
1272 2006 1412 2076 edificare·

621 2106 654 2159 rit
668 2105 789 2172 dentum,
809 2106 834 2159 in
849 2122 940 2160 rorum
953 2104 1128 2166 ludoreoerunt
1150 2101 1194 2171 qui
1207 2100 1336 2168 edificent
1357 2115 1413 2152 eom

622 2194 712 2268 (Paul.
729 2211 822 2262 exiri,
842 2194 894 2269 tir
908 2205 935 2251 et
954 2195 1004 2255 alia
1019 2194 1101 2250 multa
1116 2191 1214 2247 similia
1226 2190 1342 2248 diximus
1353 2231 1365 2256 ,g
1373 2190 1414 2242 in·

621 2285 689 2357 quit,
704 2285 736 2340 de
749 2285 892 2356 Scriptnris
904 2287 1013 2340 sanctis.
1027 2284 1086 2339 ntis
1097 2291 1185 2338 autem
1198 2298 1250 2336 non
1264 2280 1413 2351 suscipien-

623 2376 692 2430 tibus
702 2392 760 2446 qna
773 2376 951 2432 dicebaruura
962 2375 1038 2430 nobis
1050 2374 1084 2430 de
1094 2374 1193 2429 sanetis
1203 2372 1356 2442 scripturis,
1366 2370 1413 2425 sed

623 2466 927 2532 adbucsusurrautibus,
937 2468 1003 2522 dixit
1016 2466 1147 2536 Pelagius,
1160 2464 1194 2519 Et
1207 2478 1256 2534 ego
1265 2462 1304 2517 sic
1315 2461 1411 2516 credo:

622 2558 763 2613 arratbema
784 2561 819 2614 sit
840 2560 883 2631 qui
904 2558 967 2614 dicit
988 2558 1088 2628 absque
1107 2555 1238 2626 adjutorio
1265 2554 1311 2608 Dei
1336 2567 1414 2623 posse

624 2654 757 2707 bominem
779 2652 814 2706 ad
836 2650 981 2722 proiectum
1003 2650 1121 2705 onnrium
1143 2647 1233 2702 venire
1246 2647 1411 2701 virtutum.»

658 2742 771 2800 carni
785 2742 842 2804 XV.
858 2773 895 2783 —
906 2742 950 2799 58.
967 2742 1030 2798 llaec
1043 2738 1160 2796 narrarit
1175 2739 1316 2808 episcopus
1329 2736 1413 2791 loan-

624 2851 682 2899 neS,
704 2834 828 2890 audiente
849 2834 973 2905 Pelagio,
989 2834 1034 2903 qui
1055 2832 1145 2903 ntique
1160 2840 1249 2902 posset
1269 2830 1415 2884 honttrilice

625 2927 714 2981 dicere
730 2926 863 2982 :Fallitur
882 2926 1015 2981 Sanctitas
1029 2934 1082 2988 tua,
1098 2938 1149 2978 non
1171 2923 1239 2978 bene
1258 2920 1413 2985 meministi,

625 3032 677 3069 nort
690 3014 744 3072 diri
756 3014 789 3069 ad
804 3015 852 3068 ista
865 3014 1087 3083 testimoniaque
1100 3012 1133 3065 de
1144 3011 1414 3080 Scripturiscomme·

626 3106 733 3160 morasti
747 3146 754 3169 ,
772 3122 785 3158 t
799 3105 855 3175 Ego
867 3104 906 3159 sie
925 3105 1005 3159 credo
1021 3122 1028 3158 :
1044 3122 1054 3155 ι
1068 3101 1193 3172 quoniam
1207 3116 1259 3155 oon
1277 3116 1307 3157 ea
1321 3100 1360 3155 sic
1372 3101 1414 3154 in-

625 3199 715 3268 tetligo
727 3241 736 3266 ,
750 3196 819 3268 qood
834 3196 917 3268 gratia
939 3196 985 3250 lici
1006 3196 1045 3249 sie
1058 3195 1160 3248 laboret
1173 3208 1232 3247 euru
1248 3192 1372 3258 bomine,
1387 3201 1417 3247 ut

625 3290 695 3361 qood
711 3306 763 3343 oon
779 3292 889 3358 peccat,
905 3302 957 3342 noo
974 3285 1186 3358 rolcotisprequc
1200 3284 1332 3340 currentis
1345 3324 1353 3349 ,
1368 3282 1415 3340 sed

626 3380 777 3437 miserentis
790 3379 824 3434 sit
839 3379 895 3433 [ici.

660 3469 771 3526 CAPUT
784 3468 853 3524 xit.
867 3499 902 3509 -
914 3467 958 3525 59.
971 3467 1039 3523 Sunt
1051 3468 1122 3522 enim
1136 3465 1258 3536 quaedam
1270 3464 1415 3535 expositio-

627 3538 674 3616 nes
689 3559 814 3631 Epistola¹
827 3558 919 3624 Pauli,
933 3573 992 3627 qne
1006 3556 1132 3611 scribitur
1145 3555 1177 3609 ad
1190 3555 1343 3620 Romanos,
1357 3569 1416 3625 quae

562 3631 572 3644 ⁸
626 3650 711 3722 ipsius
728 3648 825 3719 Pelagii
844 3664 905 3704 esse
925 3647 1067 3714 dicuntur,
1084 3644 1189 3701 abibae
1203 3644 1273 3716 qood
1288 3645 1415 3715 seriptum

626 3750 685 3807 est,
702 3739 761 3793 Non
773 3739 894 3807 rotatu,
908 3756 988 3811 neque
1007 3738 1146 3802 cementis,
1162 3736 1206 3790 sed
1219 3737 1358 3791 miserentis
1381 3745 1418 3791 est

631 3832 698 3886 liei:
713 3850 723 3883 ι
740 3847 793 3885 non
808 3847 841 3886 ex
862 3846 974 3902 persona
989 3829 1063 3886 Pauli
1082 3848 1091 3880 r
1107 3815 1200 3883 asserit
1215 3846 1225 3879 ι
1241 3825 1357 3891 dietum;
1369 3826 1417 3881 sed

627 3939 688 3977 eum
701 3936 766 3978 voce
785 3921 972 3992 interrogantis
985 3928 1012 3977 et
1027 3918 1208 3990 redarguentis
1229 3931 1305 3972 usum
1325 3917 1416 3983 luisse,

628 4028 689 4069 cum
703 4011 754 4066 boe
768 4011 877 4078 diceret,
891 4021 1015 4083 tanquam
1029 4009 1081 4067 boe
1103 4008 1155 4064 diei
1169 4009 1260 4081 urique
1273 4025 1324 4064 oon
1335 4009 1417 4066 debe-

629 4113 679 4162 ret.
698 4125 709 4159 ι
729 4105 788 4163 ιιοιι,
804 4120 881 4175 ergo,
894 4119 953 4160 cnm
970 4101 1237 4173 episeopusloanues
1251 4101 1418 4171 plancistam

629 4198 787 4255 sernentiam
813 4211 872 4251 esse
896 4197 907 4226 ¹
934 4195 1054 4264 apostoli
1080 4194 1195 4264 agnovit,
1225 4208 1337 4264 eamque
1358 4193 1419 4248 ideo

629 4286 857 4347 eonnnemormit,
873 4301 906 4340 tre
920 4285 1041 4355 Pelagius
1052 4284 1110 4341 sine
1128 4283 1175 4339 Dei
1190 4284 1275 4355 gratia
1288 4299 1340 4338 raon
1355 4299 1418 4354 pec-

629 4393 690 4432 care
710 4391 868 4447 quemquam
891 4383 1006 4447 putaret,
1027 4382 1053 4428 ct
1073 4373 1139 4429 dixit
1157 4374 1326 4443 respondisse
1340 4374 1419 4431 Pela-

629 4468 718 4537 gium,
736 4485 746 4518 ι
762 4465 795 4527 Et
807 4481 857 4536 ego
869 4466 908 4520 sic
922 4465 1017 4529 credo;
1033 4483 1043 4514 ι
1059 4479 1143 4534 neque
1157 4480 1219 4523 cum
1238 4467 1288 4520 boe
1302 4481 1420 4537 praesens

630 4558 743 4621 audiret,
763 4555 910 4626 respondit,
932 4555 989 4613 Nou
1003 4555 1042 4609 sie
1063 4553 1153 4609 credo.
1169 4553 1280 4624 Oportet
1299 4566 1328 4610 ut
1348 4558 1418 4611 iliam

630 4648 821 4717 expositionem
835 4659 986 4715 perversam
999 4687 1006 4711 ,
1022 4644 1065 4699 ubi
1085 4644 1136 4701 boc
1151 4661 1203 4698 non
1223 4647 1337 4700 sensisse
1351 4649 1421 4718 bpa-

631 4740 739 4806 srolmn,
763 4738 809 4794 sed
832 4737 920 4808 potius
942 4735 1109 4806 redarguisse
1133 4735 1242 4806 intelligi
1261 4737 1352 4793 rolnit,
1376 4749 1421 4792 ant

632 4845 707 4884 snam
722 4838 818 4898 negot,
834 4837 879 4882 aut
892 4827 1027 4897 corrigere
1047 4834 1126 4897 atque
1140 4826 1283 4882 emendare
1299 4843 1350 4881 non
1371 4828 1421 4882 dra·

617 4908 707 4973 bitot.
722 4919 787 4973 Nam
800 4918 926 4988 quidquid
941 4918 1006 4972 ιιιιιι
1024 4919 1164 4987 episcopus
1185 4917 1301 4975 Joarrnes
1315 4918 1348 4973 de
1358 4919 1418 4974 abs·

633 5009 739 5061 cotibus
754 5008 876 5062 iratribus
891 5009 999 5071 nostris,
1021 5009 1077 5062 sive
1090 5009 1256 5079 coepiscopis
1271 5009 1370 5065 lierote
1390 5026 1422 5063 ac

634 5101 744 5161 lazaro,
760 5099 816 5153 sire
826 5101 858 5153 de
872 5099 1029 5171 presbytero
1041 5099 1155 5164 Oresio,
1172 5099 1228 5154 sire
1241 5100 1273 5155 de
1285 5102 1343 5156 aliis
1355 5117 1421 5171 quo·

633 5207 692 5246 rum
709 5191 743 5245 ibi
760 5204 811 5245 non
827 5199 889 5242 sunt
909 5189 1016 5242 nonrina
1031 5203 1157 5257 expressa
1178 5188 1231 5260 (ιι,
1253 5193 1333 5244 credo
1352 5192 1422 5260 qnod

634 5280 763 5351 intelligat
778 5278 809 5333 ad
823 5293 915 5336 eornm
930 5277 1113 5348 prejudicium
1129 5293 1182 5332 non
1201 5279 1299 5335 valere.
1310 5279 1338 5335 Si
1351 5281 1422 5336 enirn

635 5382 779 5446 praesentes
790 5379 896 5436 essent,
912 5376 1020 5440 possent
1035 5384 1096 5426 cum
1116 5369 1247 5437 sortasse,
1263 5371 1330 5426 absit
1345 5373 1423 5429 ntdi-

666 5555 675 5584 ι
691 5550 751 5599 ratiti
761 5553 911 5606 constanter,
923 5543 1028 5611 melpum
1037 5545 1175 5609 corrigendi
1188 5558 1221 5596 ex
1232 5545 1281 5597 illis
1295 5547 1386 5607 verbis,
1396 5561 1422 5597 u.

633 5614 682 5664 ea:
703 5612 772 5661 «hoe
781 5623 810 5660 se
821 5610 913 5660 dixerit
922 5607 1032 5671 culpasse
1042 5615 1155 5657 titaneos.
1168 5623 1179 5652 ι
1288 5667 1294 5678 ·

664 5676 675 5705 ¹
692 5674 812 5722 minuties
821 5670 862 5721 bic
871 5668 993 5728 omittunt,
1002 5680 1072 5720 esse:
1083 5675 1109 5717 ct
1117 5675 1201 5731 postca
1209 5675 1309 5734 emerat
1322 5675 1424 5731 mutant,

634 5737 672 5792 to,
685 5733 799 5799 comoedi.
818 5732 943 5782 emendari
963 5731 1057 5781 debent
1074 5731 1217 5781 auctoritate
1233 5729 1424 5792 cobndoitts,

634 5806 661 5846 ut
683 5797 794 5847 nimirmn
817 5793 983 5857 intelligatur,
1004 5793 1151 5843 seutentiam
1177 5791 1257 5852 illam,
1280 5805 1326 5841 rien
1347 5793 1426 5844 rolen-

634 5858 674 5913 tis,
687 5866 765 5914 ete.,a
774 5863 865 5906 toarroc
877 5857 990 5918 episeopo
998 5855 1103 5905 nmium
1115 5865 1171 5903 esse
1179 5866 1222 5917 pro
1230 5853 1426 5906 seutentiaranii

635 5919 758 5982 loquentis
769 5931 800 5967 cx
813 5920 906 5980 propria
919 5927 1030 5978 persona.

667 5982 703 6042 (ιι)
719 5987 840 6029 consentu
863 5979 957 6029 scilieet
977 5975 1132 6041 ierosolymis
1153 5977 1235 6029 babito
1255 5978 1280 6027 iu
1308 5976 1356 6026 tine
1372 5978 1426 6039 julii

636 6042 691 6090 ιιιιιι
704 6042 757 6099 tid,
769 6051 843 6102 quern
854 6039 971 6089 describit
981 6038 1078 6088 orosius
1090 6039 1114 6088 in
1123 6039 1294 6102 apologetico:
1308 6038 1372 6089 burte
1383 6042 1426 6090 ba·

636 6105 681 6152 bos
693 6103 753 6150 lotia
766 6104 789 6151 iu
798 6100 903 6150 secunda
915 6107 984 6163 parte
995 6102 1147 6162 appendicis.

668 6161 703 6233 (lq
722 6164 788 6211 trito
801 6162 907 6219 torsitan,
920 6162 1037 6218 russerie,
1049 6168 1075 6210 ct
1087 6163 1185 6211 Domino
1196 6176 1229 6212 ex
1238 6161 1311 6221 duce,
1323 6175 1426 6224 qnorum

626 6236 732 6276 eonaroa
744 6236 799 6286 qnae
811 6224 834 6272 iu
847 6225 924 6284 gestis
942 6221 1109 6285 diospolitanis
1132 6237 1247 6286 expressa
1271 6237 1319 6274 non
1342 6233 1426 6281 eraut,

636 6287 748 6339 biremes
770 6284 848 6344 inira,
871 6283 978 6346 append.
997 6290 1065 6344 parto
1085 6283 1117 6337 Ξ.
1134 6285 1157 6332 io
1172 6286 1323 6349 apologetico
1339 6288 1426 6345 (ιιοιι,

630 6360 685 6405 cap.
699 6348 722 6396 5.

1144 899 1187 953 DE
1206 895 1326 952 nesrts
1345 891 1491 960 reaten,
1512 894 1540 948 S.
1561 894 1744 951 AUGUSTIM

2204 900 2254 954 stt

1463 1020 1533 1072 catat,
1548 1009 1706 1063 convincere
1721 1009 1754 1064 de
1770 1008 1926 1076 mendacio,
1942 1011 1988 1067 sed
2004 1014 2072 1066 iortc
2086 1028 2253 1068 contmerno·

1463 1111 1533 1160 rare,
1547 1098 1610 1166 qnid
1627 1097 1696 1157 lurte
1707 1099 1801 1155 inisset
1812 1101 1921 1166 oblitus,
1935 1110 1979 1155 ant
1994 1101 2020 1156 io
2032 1117 2085 1172 quo
2099 1120 2160 1159 enin
2174 1103 2253 1159 ieiei·

1463 1185 1520 1239 ierit
1536 1187 1632 1243 latinos
1642 1188 1782 1259 interpres,
1793 1191 1842 1246 etsi
1853 1206 1904 1245 ιιοιι
1913 1192 2163 1258 studiomeotieodi,
2178 1204 2255 1251 certe

1464 1275 1557 1332 aliena.
1571 1277 1665 1347 linguae
1681 1280 1769 1334 mirans
1783 1279 1923 1335 intellectu
1937 1283 2061 1337 nonnulla
2073 1282 2231 1338 difficultate
2246 1302 2252 1337 ·.

1463 1370 1608 1435 praesertim
1620 1370 1744 1439 quianon
1756 1371 1781 1425 ιιι
1792 1372 2007 1442 gestisagebatur
2018 1374 2038 1440 ¹,
2050 1390 2119 1444 qnae,
2134 1375 2250 1443 improbi

1464 1472 1496 1509 ne
1511 1460 1692 1527 ruentiantur,
1708 1461 1769 1516 boni
1784 1469 1873 1518 ant-m
1887 1480 1919 1516 nc
1935 1464 2034 1533 aliquid
2046 1465 2254 1528 obliviscantur,

1464 1548 1565 1605 utiliter
1587 1551 1704 1634 igrstitnta
1725 1561 1796 1606 snut.
1810 1553 1837 1607 Si
1856 1554 1916 1623 quis
1928 1563 2016 1608 autem
2037 1556 2192 1610 memoratis
2204 1556 2257 1609 ira-

1465 1639 1551 1694 tribus
1564 1642 1661 1696 nostris
1675 1658 1707 1696 ex
1721 1644 1770 1697 boe
1783 1643 1880 1713 aliquid
1894 1645 2045 1713 quaestionis
2057 1646 2185 1713 intulerit,
2196 1661 2257 1700 reos·

1463 1744 1515 1799 qne
1528 1730 1561 1783 ad
1573 1730 1700 1801 judicium
1715 1735 1866 1803 episcopale
1880 1736 2013 1790 ιιοιιιίιιι
2025 1738 2050 1800 ¹,
2066 1737 2116 1792 sibi
2136 1748 2164 1791 nt
2179 1746 2256 1806 potc-

1464 1830 1536 1887 runt,
1560 1822 1692 1878 aderam:
1716 1824 1793 1879 nobis
1816 1825 1860 1885 hic
1880 1826 2002 1883 laborare
2025 1829 2088 1899 qnid
2104 1844 2171 1899 opus
2196 1840 2253 1894 est,

1463 1911 1569 1980 qnando
1588 1929 1622 1966 ne
1643 1915 1692 1983 ipsi
1710 1917 1815 1986 quidem
1836 1916 1949 1987 judices,
1969 1927 2030 1988 post
2042 1922 2193 1992 coepiscopi
2206 1939 2255 1975 no·

1462 2003 1511 2056 stri
1536 2004 1736 2072 narrationem,
1756 2007 1855 2077 aliquid
1874 2009 1936 2062 indo
1963 2012 2135 2079 pronuntiare
2160 2012 2255 2067 miluc-

1463 2094 1543 2163 ruiti?

1498 2182 1617 2241 CAPUP
1626 2185 1705 2246 ιιιιι
1720 2217 1756 2226 -
1769 2188 1813 2245 to.
1829 2187 1895 2245 Cum
1914 2206 1977 2262 ergo
1987 2191 2109 2262 Pelagius
2121 2210 2254 2264 presens,

1464 2274 1497 2329 ad
1508 2275 1552 2330 illa
1569 2278 1718 2331 testimonia
1730 2278 1925 2349 scripturarum
1941 2282 2040 2340 dixisse
2052 2298 2081 2338 se
2095 2286 2133 2345 ita
2143 2284 2257 2341 credere

1464 2367 1558 2421 tacitns
1574 2369 1729 2437 agnoverit,
1748 2372 1882 2440 quomode
1904 2374 1968 2431 iliud
1990 2375 2110 2445 apostoli
2134 2378 2256 2438 testimo,-

1464 2458 1535 2512 ninm
1567 2461 1646 2530 paulo
1669 2464 1790 2533 superins
1816 2466 1954 2530 recolens,
1983 2473 2012 2520 et
2034 2467 2171 2522 trocaleos
2193 2485 2255 2522 cum

1464 2547 1580 2614 dixisse,
1598 2548 1726 2604 borreum
1740 2553 1830 2623 dignus
1842 2556 1927 2609 caeleri
1938 2556 2085 2624 apostolus,
2100 2559 2159 2626 quio
2173 2575 2257 2627 perre-

1464 2649 1537 2693 ceittr
1553 2657 1608 2693 surr
1632 2640 1773 2696 Ecclesiam
1786 2642 1851 2711 Dei,
1865 2645 1909 2700 sed
1921 2648 2003 2716 pretio
2016 2645 2063 2699 bel
2081 2664 2136 2700 snm
2151 2648 2178 2701 id
2189 2649 2257 2717 quod

1464 2746 1519 2784 ertm
1529 2747 1538 2795 ,·
1550 2747 1600 2785 noa
1617 2732 1692 2799 uidit,
1708 2751 1759 2786 non
1776 2734 1904 2790 sedicerc
1918 2738 2049 2803 debuisse,
2061 2755 2120 2793 errrn
2131 2752 2257 2810 ageretur

1456 2820 1497 2890 ,de
1510 2822 1668 2881 abundantia
1693 2828 1836 2893 gratiarum
1848 2869 1855 2892 ,
1869 2845 1934 2899 quas
1951 2830 2019 2884 idern
2035 2834 2136 2902 acecpit
2149 2846 2257 2903 aposto-

1465 2913 1516 2979 los,
1536 2933 1546 2965 ι
1564 2914 1670 2985 dignum
1681 2917 1762 2974 luisse
1776 2919 1821 2987 qui
1834 2921 1981 2989 acciperct;
1999 2941 2009 2974 ι
2025 2938 2083 2976 corn
2098 2925 2192 2994 ipsese
2202 2940 2259 2986 nott,

1467 3005 1554 3058 solnm
1569 3006 1675 3072 dixerit,
1689 3007 1739 3070 sed,
1751 3020 1778 3064 et
1787 3009 1865 3067 aliam
1876 3027 1983 3065 causam
1997 3013 2122 3081 reddens,
2137 3016 2257 3085 probarit

1465 3094 1600 3166 indignom
1612 3139 1619 3161 ,
1631 3106 1656 3151 ct
1669 3115 1701 3153 eu
1715 3100 1773 3169 ipso
1791 3102 1902 3170 gratiam
1916 3120 1979 3170 rere
1992 3106 2102 3175 gratiam
2117 3123 2257 3169 commeta.

1465 3186 1583 3242 daverit?
1594 3189 1646 3245 Sed
1662 3191 1683 3244 si
1695 3191 1762 3247 lortc
1774 3192 1836 3246 illud
1848 3194 2003 3263 Jaurdndmn
2019 3213 2034 3250 a
2053 3208 2145 3262 sancto
2154 3200 2259 3259 loanno

1466 3291 1614 3348 narratum,
1630 3285 1746 3354 cogitare
1759 3285 1799 3339 rel
1814 3288 1966 3341 meminisse
1979 3304 2031 3343 oon
2046 3292 2142 3360 potnit,
2161 3308 2256 3350 recen-

1467 3372 1594 3426 tissimam
1604 3390 1677 3426 suam
1692 3376 1891 3444 responsionem
1901 3379 2056 3446 respiceret,
2067 3391 2094 3436 et
2103 3397 2162 3450 quae
2173 3384 2253 3452 ριιιιιιι

1467 3475 1529 3519 arrte
1551 3466 1585 3520 dc
1599 3464 1725 3522 Coelestio
1750 3466 1915 3538 sibiobp'ecta
1930 3471 2193 3532 arratbcmatirarcrit
2207 3476 2257 3529 ad·

1467 3567 1590 3612 verteret.
1605 3558 1706 3627 Nempe
1727 3560 1807 3614 etiam
1823 3560 1891 3614 inter
1903 3562 1947 3614 illa
1958 3572 2017 3630 cst,
2032 3562 2103 3633 qnod
2123 3564 2257 3634 obiectum

1467 3653 1509 3700 cst
1523 3645 1621 3704 dixisse
1632 3646 1785 3702 Coeiestium
1801 3691 1808 3714 ,
1828 3667 1838 3701 ι
1857 3648 2028 3720 deigratiam
2043 3652 2188 3709 secundum
2200 3670 2257 3710 me·

1467 3736 1517 3790 rita
1540 3746 1629 3790 nostra
1654 3737 1748 3792 dari.»
1777 3738 1805 3792 Si
1823 3755 1886 3809 ergo
1905 3743 2036 3796 ueraciter
2061 3742 2111 3798 boc
2137 3744 2258 3816 Pelagius

1467 3826 1710 3893 auatbcmarizarit,
1732 3828 1795 3899 qnid
1809 3840 1850 3884 est
1873 3830 1944 3900 quod
1958 3832 2038 3896 dicit,
2052 3835 2149 3902 gratias
2161 3851 2259 3895 ornnes

1467 3918 1596 3986 apostolo
1619 3919 1765 3973 secundnm
1787 3919 1909 3975 meritum
1935 3922 2027 3977 datast
2054 3926 2094 3988 rto
2120 3926 2192 3981 aliud
2217 3938 2259 3991 est

1467 4007 1784 4078 dignutncsseaeeipere;
1795 4010 1877 4075 aliud,
1888 4012 2032 4067 secundnm
2045 4014 2169 4074 meritum
2183 4018 2256 4079 aeci-

1471 4099 1551 4171 perc?
1565 4107 1593 4156 et
1608 4102 1790 4172 potestatique
1808 4103 1953 4160 subtilitate
1967 4105 2154 4174 disputationis
2166 4119 2258 4165 osteo·

1468 4190 1544 4257 dere,
1558 4190 1665 4260 dignum
1678 4204 1738 4246 csse
1753 4191 1880 4261 aliquem,
1896 4193 1945 4247 sed
1958 4211 2010 4249 ooo
2024 4193 2136 4251 mereri?
2153 4197 2260 4254 Verum·

1470 4288 1557 4334 tomen
1574 4280 1732 4348 Culestins,
1750 4280 1792 4335 ιιι
1813 4281 1964 4352 quisalius,
1983 4283 2058 4354 cujas
2071 4302 2164 4341 irrrrnes
2177 4303 2258 4358 snpe-
2318 4305 2324 4312 ·

1469 4369 1554 4423 riores
1566 4371 1798 4426 anathematizavit
1815 4373 1980 4440 sententias,
1995 4389 2043 4428 aec
2063 4375 2095 4429 dc
2111 4375 2162 4431 boc
2178 4379 2260 4433 uerbo

1469 4477 1530 4515 rum
1544 4463 1654 4517 nebulas
1671 4463 1815 4518 obtendere
1834 4475 1912 4533 atque
1931 4464 1956 4524 in
1972 4464 2011 4517 cis
2024 4465 2106 4521 latere
2120 4470 2258 4536 permittit.

1470 4553 1551 4625 Urget
1568 4554 1639 4608 enim
1654 4563 1682 4609 et
1699 4553 1784 4609 dicit:
1803 4573 1812 4599 ι
1830 4554 1861 4610 Et
1883 4555 1939 4626 ipsa
1955 4557 2037 4626 gratia
2054 4559 2079 4610 iu
2093 4574 2151 4612 mea
2165 4561 2259 4631 solitu,-

1471 4654 1524 4701 tatc
1537 4647 1623 4718 posita
1634 4656 1685 4712 cst,
1699 4647 1755 4701 sire
1764 4647 1858 4717 dignus
1869 4635 1964 4704 inerim
1976 4690 1984 4714 ,
1996 4651 2050 4702 siro
2062 4651 2192 4725 indignus.
2213 4654 2259 4709 »Si

1470 4753 1534 4808 ergo
1547 4749 1620 4792 reete
1638 4737 1713 4790 liora
1727 4737 1833 4808 Pelagio
1847 4740 2029 4811 veraciterque
2040 4741 2193 4807 daouratum
2208 4753 2259 4803 est,

1472 4829 1514 4889 obi
1530 4828 1635 4894 dicitnr,
1654 4846 1664 4880 ι
1684 4829 1727 4882 liei
1740 4830 1853 4898 gratiam
1865 4831 2009 4885 secundnm
2024 4835 2116 4887 merita
2132 4841 2160 4887 ιι
2171 4834 2259 4906 dignis

1472 4917 1528 4971 ilari
1546 4936 1552 4970 :
1568 4936 1577 4969 a
1593 4934 1645 4988 quo
1663 4918 1744 4973 corde
1757 4919 1891 4988 cogitarit,
1908 4936 1994 4990 quoue
2009 4939 2056 4975 ore
2069 4923 2178 4991 protulit
2190 4926 2260 4996 quod

1472 5006 1525 5070 ait,
1543 5024 1553 5058 ι
1578 5007 1694 5062 Dicimus
1713 5007 1813 5063 donare
1834 5009 1916 5064 licum
1942 5010 1978 5078 ci,
1997 5012 2040 5084 qui
2060 5010 2139 5068 suerit
2166 5014 2263 5086 diguus

1472 5098 1603 5166 accipere,
1623 5114 1716 5153 rirrrues
1728 5098 1843 5170 gratias?
1861 5098 1927 5169 Quis
1947 5117 1999 5154 ιιοιι
2011 5102 2061 5157 ista
2074 5103 2096 5160 si
2120 5103 2262 5174 diligenter

1473 5189 1636 5255 adverterit,
1657 5190 1749 5245 natue
1767 5191 1838 5246 illins
1855 5193 2027 5266 responsione
2049 5195 2090 5250 tel
2108 5194 2263 5261 defensione

1473 5281 1618 5336 soille-trost

1509 5372 1553 5427 tt.
1569 5371 1622 5426 Cur
1636 5388 1699 5442 crgo
1713 5416 1719 5439 ,
1734 5374 1768 5428 ait
1786 5373 1897 5443 aliquis,
1916 5373 1966 5429 boc
1982 5374 2084 5445 judices
2097 5378 2263 5448 approbare·
2312 5364 2315 5367 ,

1475 5464 1554 5518 ronti
1572 5463 1686 5530 Fateor,
1703 5465 1762 5519 ideo
1779 5465 1834 5536 jam
1851 5465 1907 5535 ipse
1921 5466 2025 5537 ambigo
2040 5484 2047 5522 ε
2063 5467 2110 5526 scil
2125 5470 2264 5534 nimirum,

1474 5562 1521 5606 aut
1534 5556 1616 5609 brcre
1638 5552 1738 5608 dictum
1760 5569 1852 5609 eorum
1866 5555 2030 5610 audientiam
2044 5566 2070 5611 et
2091 5557 2265 5614 intentionem

1425 5635 1432 5652 '
1475 5641 1551 5697 iaeilc
1564 5642 1729 5713 subcriugit,
1747 5654 1792 5696 ant
1804 5644 1838 5703 ali
1848 5660 1893 5714 puo
1906 5646 1986 5699 ruodo
2001 5646 2027 5702 id
2044 5657 2115 5701 rcctc
2128 5663 2209 5717 posse
2220 5666 2261 5702 ac-

1475 5734 1526 5803 cipi
1540 5735 1732 5799 existimantes,
1744 5737 1820 5804 cnjns
1832 5736 1866 5790 dc
1882 5736 1931 5791 bac
1948 5754 1976 5793 re
1990 5739 2172 5796 cortirssiones
2187 5741 2265 5812 liqui-

1476 5826 1523 5881 das
1536 5827 1585 5881 sibi
1604 5826 1701 5882 habere
1716 5828 1882 5890 videbantur,
1900 5844 1967 5910 pene
1982 5829 2015 5884 de
2027 5847 2079 5883 nno
2094 5833 2186 5898 uerbo,
2201 5835 2267 5888 nibil

1509 5981 1517 6014 ¹
1533 5979 1654 6052 plerique,
1666 5991 1714 6029 noa
1734 5979 1760 6031 in
1780 5977 1852 6044 gestb
1868 5979 1981 6046 agitetur.
1993 5983 2078 6033 verius
2098 5990 2165 6037 suar.
2181 5986 2269 6035 etcol·

1476 6042 1587 6092 bertinus
1603 6049 1654 6100 tas,
1667 6043 1790 6106 agebatur.
1810 6043 2033 6112 rmtelegeudum,
2054 6056 2101 6096 nera
2136 6045 2193 6096 eslir
2215 6062 2269 6114 ope·

1478 6101 1563 6163 betrrr,·
1580 6102 1662 6152 deleta
1675 6103 1858 6165 praepositione,
1872 6116 1913 6160 tn,
1927 6111 1954 6152 nt
1966 6101 2035 6165 inira,
2055 6119 2079 6153 n.
2134 6142 2140 6153 .
2154 6109 2214 6157 Dicit
2223 6119 2267 6157 au·

1477 6166 1589 6226 gostinus
1599 6164 1631 6212 de
1643 6164 1672 6212 iis
1682 6177 1737 6226 qnae
1748 6163 1811 6225 aprud
1822 6171 1937 6214 ioannem
1948 6167 2086 6228 episcopum
2108 6168 2132 6217 iu
2150 6173 2268 6230 lerosoly—

1478 6228 1567 6279 mitano
1578 6237 1692 6274 consessu
1704 6225 1883 6287 anteludicimn
1895 6227 2081 6288 niospebtanoru
2097 6236 2150 6286 aeta
2163 6234 2268 6289 lucram,

1478 6295 1503 6335 ιιι
1516 6287 1668 6348 perspicuum
1679 6293 1718 6335 cst
1729 6300 1760 6355 cr
1773 6301 1797 6334 n.
1809 6288 1847 6337 at.

1510 6351 1519 6378 ¹
1537 6356 1612 6404 suar,
1624 6354 1776 6405 recocarent.
