5592 7350
530 913 583 971 trs
1144 890 1146 893 ’
1203 907 1305 965 tmen
1323 905 1495 977 quantus.
2106 913 2169 976 *tto

481 1044 483 1048 ·
529 1025 626 1097 ingenii
647 1031 675 1081 ct
693 1023 727 1081 ad
742 1009 943 1096 intelligendum
961 1023 1076 1096 quodam
1097 1023 1177 1079 modo
1190 1022 1318 1094 plumbei,
1378 1034 1460 1080 uatem
1475 1018 2169 1103 perversamcttmttmnutepudtmamuujmn.
2264 1066 2266 1072 .

527 1118 573 1173 alii
592 1104 725 1183 obliviosi,
749 1116 793 1171 alii
816 1116 886 1171 acuti
907 1129 1074 1171 memoresve
1099 1121 1257 1181 nascuntur,
1278 1112 1323 1168 alii
1376 1113 1437 1168 tium
1447 1117 1516 1170 omni
1528 1117 1639 1171 eredenti
1652 1117 1739 1187 (Ront.
1749 1134 1776 1187 x,
1786 1120 1830 1190 i‘l,
1838 1120 1876 1192 l).
1886 1121 2025 1190 Quomodo
2033 1132 2095 1179 sunt
2103 1137 2167 1180 rere

529 1218 643 1278 utruque
656 1222 766 1263 munere
781 1205 895 1277 praediti,
910 1214 937 1261 ει
956 1214 1033 1261 acute
1049 1203 1228 1274 intelligentes
1240 1212 1267 1258 et
1282 1210 1323 1258 te·
1373 1203 1450 1274 justi,
1464 1206 1560 1276 quibus
1573 1207 1635 1262 vilis
1654 1218 1696 1264 est
1709 1208 1845 1266 humilitas
1858 1212 2011 1283 semiusti?
2024 1212 2083 1283 Quo
2095 1214 2167 1270 eninr

529 1302 679 1371 nacissimae
689 1302 698 1334 ¹
710 1299 849 1357 memoriae
863 1298 989 1355 thesauro
1008 1296 1114 1369 cognita
1127 1294 1322 1361 recondentem
1375 1298 1620 1369 propinquaverunt
1635 1302 1819 1375 intelligentia,
1836 1304 1898 1362 inde
1909 1308 2032 1377 superbia
2047 1316 2166 1367 recesse-

528 1395 572 1452 atii
594 1404 688 1451 natura
703 1395 788 1458 lenes,
811 1391 856 1446 alii
870 1390 1011 1447 levissimis
1028 1388 1117 1445 causis
1138 1387 1178 1443 ira
1198 1385 1323 1442 lacillima
1375 1395 1439 1441 rttnt
1452 1404 1459 1440 ε
1472 1389 1732 1462 quiu¹copnoseentes
1747 1392 1839 1464 Deum,
1853 1411 1904 1450 uon
1913 1396 1979 1451 sictut
1994 1396 2075 1452 Deum
2086 1399 2169 1469 pleri·

528 1485 664 1552 ardentes,
677 1483 723 1538 alii
737 1482 771 1538 ad
785 1481 910 1537 uindictae
927 1480 1100 1551 cupiditatem
1112 1478 1184 1533 inter
1196 1486 1324 1547 utrosque
1376 1477 1525 1548 proruunt,
1539 1490 1584 1535 aut
1597 1484 1692 1554 prutiat
1703 1496 1824 1557 eperunt:
1838 1488 1883 1543 red
1894 1498 2048 1545 annuerunt
2060 1491 2087 1545 in
2099 1492 2171 1563 copl-

529 1576 694 1640 mediocres;
708 1573 754 1628 alii
768 1572 912 1644 spadones,
925 1571 970 1627 alii
987 1572 1014 1626 itt
1027 1569 1169 1626 concubitu
1181 1570 1218 1624 ita
1235 1568 1323 1641 frigidi
1376 1571 1513 1627 lotionibus
1524 1573 1588 1641 tuit,
1608 1583 1633 1628 et
1649 1575 1811 1632 obscuratum
1823 1588 1860 1633 ert
1873 1581 1994 1651 insipient
2006 1598 2051 1637 cor
2066 1589 2166 1641 esrum.

529 1676 558 1722 ut
572 1666 616 1721 vix
633 1664 743 1720 omnino
763 1671 931 1727 mereantur,
951 1660 995 1716 atii
1009 1659 1219 1716 libidinosissimi
1232 1667 1261 1715 ut
1279 1663 1324 1715 vix
1375 1659 1494 1719 Diemter
1509 1668 1577 1721 enim
1590 1684 1617 1722 te
1632 1685 1686 1724 etse
1698 1671 1835 1742 sapientes,
1850 1673 1920 1728 stubi
1933 1674 1995 1745 sueti
2006 1685 2066 1730 sunt
2078 1674 2134 1747 (tt.
2145 1683 2165 1744 l,

529 1758 639 1814 omuino
652 1763 803 1819 teneantur,
819 1754 863 1809 alii
882 1755 952 1809 inter
964 1761 1091 1826 utrosque
1101 1760 1128 1808 et
1144 1752 1246 1808 moueri
1259 1750 1324 1807 laci·
1374 1752 1663 1827 meristaeorum
1677 1768 1717 1814 est
1736 1762 1763 1815 in
1778 1761 1818 1816 eis
1832 1777 1894 1817 uera
1905 1762 2017 1833 iustitia,
2034 1766 2060 1821 in
2070 1768 2167 1837 qulbus

530 1850 570 1907 les
587 1859 615 1907 et
637 1848 738 1914 teneri;
761 1847 806 1903 alii
821 1844 992 1912 timidissimi,
1015 1844 1062 1899 alii
1079 1842 1259 1909 audacissimi,
1278 1842 1324 1899 alii
1375 1858 1430 1899 non
1452 1852 1494 1901 cst
1516 1860 1580 1901 tera
1603 1848 1750 1919 sapientiai
1770 1850 1855 1920 Quam
1879 1853 1902 1907 si
1925 1853 1964 1909 eis
1984 1854 2165 1921 tribuerimus,

530 1952 668 2007 neutrum3
681 1939 725 1995 alii
739 1938 849 2003 hilares,
863 1936 908 1991 alii
925 1936 1025 2000 tristes,
1039 1934 1083 1989 alii
1096 1933 1128 1990 ad
1146 1934 1212 1990 niltil
1227 1933 1323 1990 horum
1375 1936 1441 1992 nibil
1455 1937 1612 1995 criteausae
1632 1955 1680 1996 our
1699 1957 1754 1997 non
1774 1958 1822 2000 eos
1835 1942 1868 1999 ad
1888 1944 1951 2000 illud
1975 1961 2086 2017 regnum
2106 1955 2170 2018 per·

531 2033 661 2105 proclives
673 2049 680 2086 2
694 2043 849 2087 noseorum
863 2041 923 2097 (1¹¹ae
939 2024 1148 2081 commemorati
1160 2022 1260 2095 aliquid
1280 2023 1323 2079 in·
1374 2031 1467 2086 venire
1479 2030 1609 2096 dicamus,
1627 2033 1661 2088 de
1673 2048 1727 2103 quo
1741 2036 1869 2106 scriptum
1890 2045 1941 2103 εει,
1956 2036 2167 2109 Concupiscentia

530 2124 623 2179 stituto
646 2136 678 2177 ae
699 2119 845 2192 proposito,
868 2115 915 2172 sed
937 2125 1049 2182 natura;
1072 2113 1143 2170 ttnde
1159 2113 1256 2170 medici
1273 2129 1323 2170 au·
1346 2175 1348 2179 ,
1374 2120 1505 2191 sapientire
1515 2121 1617 2176 deducit
1630 2121 1665 2176 ud
1678 2139 1784 2194 repnum
1799 2123 1925 2195 (Sapor,
1935 2127 1993 2197 it).
2005 2128 2044 2183 Aa
2058 2143 2105 2197 per
2118 2128 2172 2185 pqr»,

530 2213 596 2268 dent
609 2213 658 2266 ista
677 2211 795 2265 tribuere
812 2206 1047 2278 temperationibus
1067 2204 1228 2276 corporum?
1247 2204 1324 2272 Quod
1374 2208 1712 2281 Christusgratismortuus
1722 2221 1773 2282 est,
1785 2214 2003 2272 sihominessine
2011 2216 2062 2272 fide
2070 2218 2171 2275 Christi

531 2307 580 2363 etsi
591 2302 698 2375 probari
708 2304 729 2370 ¹,
740 2301 780 2357 vel
792 2301 863 2357 nulla
872 2300 1012 2364 existente,
1027 2297 1069 2353 tel
1080 2298 1152 2353 omni
1165 2296 1238 2352 llnlta
1251 2311 1324 2368 qute-
1374 2299 1409 2356 ad
1419 2300 1498 2357 lldern
1508 2304 1627 2370 reram¹,
1638 2304 1671 2359 ad
1684 2306 1808 2361 virtutem
1823 2322 1924 2377 reram,
1935 2308 1967 2363 ad
1980 2308 2109 2380 justitiam
2123 2325 2171 2365 tc-

530 2398 616 2454 stione
629 2396 775 2467 potuisset;
793 2392 921 2464 numquid
934 2393 984 2447 sibi
993 2392 1106 2464 quisque
1120 2405 1218 2462 corpus
1228 2390 1322 2447 condi·
1375 2408 1443 2459 ram,
1452 2392 1485 2448 ad
1494 2396 1648 2465 sapientiam
1657 2412 1931 2469 teram‚quacumqne
1941 2401 2170 2472 realia,quacum·

530 2490 579 2555 dit,
595 2498 622 2545 et
636 2489 687 2545 boe
700 2488 759 2559 ejus
773 2485 942 2543 tribuendum
955 2492 997 2541 est
1012 2485 1151 2550 voluntati,
1166 2483 1237 2553 quod
1254 2483 1324 2541 mala
1375 2484 1535 2550 oneratione
1546 2486 1710 2555 perveniunt.
1725 2487 1836 2543 Prorsus
1844 2488 1912 2545 sicut
1921 2489 1955 2545 de
1963 2490 2169 2561 legererissinte

531 2582 580 2638 ista
596 2580 726 2636 natxtralia
746 2580 831 2657 magis
849 2579 970 2634 minusue
984 2577 1151 2649 perpetitur?
1164 2576 1230 2634 Nam
1245 2591 1324 2647 pror·
1375 2574 1413 2630 ait
1423 2576 1575 2647 Apostolus,
1585 2575 1617 2633 Si
1624 2593 1670 2647 per
1678 2578 1757 2650 lepem
1761 2579 1874 2649 justitio,
1887 2597 1946 2653 erpo
1961 2580 2075 2637 Ciriruu
2089 2584 2171 2654 pruris

531 2686 577 2728 sus
591 2687 621 2727 ea
635 2687 687 2727 nen
699 2671 800 2743 perpeti
811 2684 870 2725 curn
887 2670 929 2725 ltie
939 2669 1046 2736 nititur,
1061 2667 1236 2736 nullomodo,
1252 2666 1325 2724 nulla
1375 2667 1639 2741 mortuurest(Gnlut.
1651 2668 1948 2744 temptaverimus
1961 2673 2071 2743 dicitur,
2083 2675 2109 2731 st
2122 2690 2170 2746 per

530 2766 636 2820 ratione
654 2765 793 2835 quisquam
810 2765 907 2834 polest.
928 2760 983 2817 Nec
1001 2769 1090 2817 tamen
1111 2760 1168 2816 site
1188 2760 1323 2830 maximis,
1375 2768 1497 2816 naturam
1518 2762 1735 2833 voiuntatemque
1745 2762 1858 2832 justitia,
1876 2778 1939 2837 erqo
1951 2765 2073 2822 Clrristus
2087 2767 2172 2838 gratis

531 2856 588 2913 siue
610 2856 726 2912 minimis
742 2854 906 2927 ’urgeatum
922 2852 962 2909 ias
982 2862 1024 2909 est
1045 2862 1074 2908 ut
1093 2853 1165 2910 dicat
1186 2853 1211 2908 ei
1232 2854 1325 2924 quise
1375 2859 1497 2909 mortuus
1506 2863 1557 2909 est.
1571 2853 1599 2910 Si
1615 2870 1662 2924 per
1672 2855 1807 2911 doctrinas
1817 2856 1954 2914 ltomittum
1969 2860 2170 2931 qualiscumque

532 2947 618 3013 linxit,
641 2948 763 3019 quamuis
784 2946 971 3016 omnipotenti,
986 2946 1068 3017 justo,
1094 2954 1122 3001 et
1142 2945 1222 3010 bono,
1241 2945 1326 3012 Quum
1372 2940 2172 3023 justitiaerqoChristusgratismortuusest.Pcrqnodenim

530 3040 568 3094 xic
581 3056 621 3093 me
634 3035 875 3110 [eumdumius.
890 3036 924 3102 9;
941 3034 1017 3090 Rom.
1031 3049 1070 3100 nt,
1083 3034 1151 3107 ibit
1166 3035 1199 3089 lit
1215 3034 1324 3105 deiuge
1375 3034 1620 3105 estseraiustitia⁸,
1630 3038 1943 3111 peritocetiamregnnm
1952 3042 2009 3098 bei.
2018 3044 2172 3099 beusnam·

525 3129 604 3200 ¹pravi
615 3128 685 3200 quod
700 3138 742 3184 est
753 3143 832 3199 supra
842 3126 911 3181 lilios
924 3126 1002 3198 primi
1017 3124 1103 3181 Adam
1118 3123 1210 3199 (Ereti.
1226 3141 1270 3189 ιι,
1283 3123 1323 3196 l),
1375 3137 1429 3194 quo
1440 3123 1508 3195 ipse,
1521 3125 1592 3197 quod
1604 3126 1682 3192 absit,
1698 3127 1750 3183 erit
1765 3129 1889 3199 injustus,
1905 3132 1928 3187 si
1945 3131 1978 3187 ad
1991 3132 2049 3203 ejus
2059 3148 2172 3205 regnum

531 3236 611 3277 numo
625 3221 719 3276 liberat
731 3220 781 3276 nisi
794 3218 928 3275 secundus
943 3217 1038 3273 Adam.
1060 3218 1166 3285 Quanto
1178 3232 1242 3288 erqo
1257 3217 1325 3273 tole-
1376 3228 1456 3270 verus
1476 3229 1530 3270 non
1548 3217 1697 3273 admittitur
1705 3218 1794 3289 iustus
1808 3238 1815 3273 ε
1831 3236 1892 3276 curn
1907 3230 1935 3277 ει
1954 3222 2042 3293 ipsttm
2056 3224 2114 3295 ejus
2128 3241 2166 3282 ro·

531 3314 642 3370 rabilius
659 3313 728 3379 illas,
749 3327 815 3386 quas
830 3311 897 3367 dicis
916 3311 943 3366 in
964 3311 1053 3381 impiis
1067 3325 1127 3366 csse
1144 3309 1267 3375 virtutes,
1280 3307 1324 3365 di·
1375 3322 1457 3379 qnam
1468 3308 1569 3379 justitia
1584 3310 1629 3378 sit,
1650 3311 1875 3382 quemadmodum
1890 3315 2093 3389 scriptumest,
2108 3315 2172 3372 Non

532 3405 595 3459 rino
612 3403 716 3459 mnneri
735 3403 832 3474 potius,
853 3417 933 3473 quant
953 3416 1046 3457 eorum
1061 3401 1193 3456 tribueres
1206 3408 1324 3455 tantuna·
1376 3408 1414 3455 εει
1427 3416 1531 3472 repnunt
1551 3398 1599 3455 Dei
1620 3417 1677 3455 erra
1695 3411 1718 3456 et
1735 3412 1818 3473 potus,
1840 3405 1885 3460 teti
1897 3406 2009 3476 irretitis,
2030 3416 2053 3461 et
2070 3424 2131 3476 pue,
2147 3417 2172 3461 et

531 3498 612 3552 ntodo
628 3494 777 3551 voluntati:
793 3495 857 3550 licet
869 3494 918 3565 ipsi
933 3493 986 3549 hoc
1004 3494 1134 3559 nesciant,
1150 3492 1236 3548 donec
1255 3492 1324 3548 εἰει
1375 3491 1497 3563 pendium
1517 3489 1606 3561 (Reor.
1622 3507 1687 3562 ιιι,
1704 3493 1758 3566 Π).
1781 3494 1865 3551 Ροιιο
1888 3496 1910 3551 si
1931 3512 2022 3553 reram
2039 3497 2171 3570 iustitiam

531 3590 578 3645 illo
590 3596 652 3645 sunt
664 3586 912 3659 praedestinatorum
927 3600 1039 3642 numero
1052 3585 1184 3656 accipiant
1201 3584 1324 3655 spiritum
1376 3596 1429 3638 non
1440 3581 1541 3638 ltabcnt
1554 3582 1646 3654 impii;
1663 3583 1783 3655 prolecto
1795 3600 1845 3642 nec
1854 3586 1919 3643 alias
1931 3587 2044 3645 uirtutes
2058 3592 2171 3648 comitet

531 3685 577 3754 qui
591 3700 623 3740 eu
638 3685 693 3740 beo
707 3692 759 3749 est,
775 3692 805 3739 ut
818 3682 905 3739 sciant
921 3667 981 3754 qum
999 3679 1085 3737 olleo
1098 3678 1195 3737 donata
1208 3686 1271 3735 sunt
1285 3679 1325 3735 eis
1376 3674 1435 3745 ejus
1456 3683 1484 3730 et
1502 3675 1600 3743 socias,
1621 3675 1644 3730 si
1666 3690 1732 3747 quas
1754 3675 1862 3747 habent,
1878 3693 1958 3735 teras
1974 3678 2095 3756 babent[
2109 3683 2172 3753 quia

531 3774 823 3849 dmum?-

568 3869 613 3923 ll.
633 3868 685 3924 Sed
699 3867 768 3923 absit
779 3876 808 3923 nt
825 3867 898 3924 sitin
913 3868 1004 3939 aliquo
1017 3882 1080 3924 vera
1092 3866 1187 3935 virtus,
1204 3864 1256 3922 niel
1266 3863 1325 3923 lue-

531 3957 568 4013 rit
578 3958 677 4028 justus.
691 3957 768 4013 Absit
788 3968 877 4014 autem
900 3967 929 4014 ut
941 3959 976 4014 sit
990 3959 1079 4028 justus
1094 3972 1168 4027 rere,
1189 3958 1240 4014 nisi
1256 3957 1326 4014 ulrat

527 4063 566 4103 cx
583 4047 635 4104 lide
647 4064 654 4102 r
668 4048 759 4103 luetur
775 4048 846 4103 enim
862 4065 893 4102 ea
905 4048 957 4117 fide
973 4047 1034 4101 uiuit
1050 4047 1137 4120 (ilem.
1149 4065 1168 4114 t,
1185 4048 1240 4119 lt).
1256 4046 1323 4114 Quis

1376 3781 1438 3822 cum
1447 3781 1499 3822 non
1514 3766 1548 3822 ad
1558 3782 1637 3822 suum
1650 3766 1805 3824 reseruntur
1818 3778 1953 3826 auctorem
1966 3770 2035 3828 dona
2048 3774 2106 3840 llei,
2119 3773 2172 3834 ltou

1377 3856 1436 3928 ipso
1445 3857 1507 3913 mali
1518 3858 1558 3912 lais
1573 3868 1679 3915 utentes
1692 3857 1844 3916 eillciuntur
1858 3859 1985 3936 iniusti⁸]
1998 3880 2004 3916 :
2019 3878 2051 3918 ac
2063 3879 2110 3934 per
2119 3863 2172 3920 ltoo

1376 3963 1428 4006 nec
1453 3949 1617 4005 continentia
1641 3949 1698 4005 sire
1718 3950 1844 4022 pudicitia
1862 3967 1927 4008 vera
1949 3954 2032 4010 uirtus
2055 3965 2097 4011 est
2118 3956 2171 4012 irn-

1377 4055 1494 4114 prorum.

529 4154 614 4210 porro
632 4155 724 4195 eorum
739 4140 783 4211 qui
805 4155 834 4196 se
856 4140 1017 4196 christianos
1038 4139 1130 4196 haberi
1144 4140 1249 4209 uolunt,
1272 4138 1324 4196 nisi

533 4232 583 4288 suli
598 4231 742 4302 Pelagiani,
766 4241 811 4286 aut
831 4232 857 4286 in
879 4231 944 4302 ipsis
964 4232 1044 4287 etiam
1057 4232 1126 4288 lurte
1140 4240 1169 4286 tu
1182 4231 1267 4299 solus,
1280 4230 1325 4303 itt·

527 4330 604 4378 stum
631 4322 728 4378 dixerit
754 4321 911 4389 infidelem,
936 4322 1038 4391 justum
1063 4322 1161 4378 dixerit
1190 4322 1324 4392 impium,

531 4413 633 4483 justum
658 4412 756 4468 dixerit
780 4412 886 4468 diabulo
907 4414 1085 4485 mancipatum
1111 4412 1183 4485 (ull
1203 4413 1239 4468 sit
1264 4412 1326 4468 licet

533 4507 579 4562 ille
593 4505 793 4572 Fabricius,sit
817 4505 877 4561 licet
891 4505 1004 4569 Fabius,
1029 4505 1064 4559 sit
1083 4504 1146 4561 licet
1169 4503 1268 4574 Scipio,
1291 4506 1326 4560 sit

532 4597 597 4653 lieet
619 4596 746 4667 Regulus,
768 4611 882 4666 quorum
905 4611 949 4650 mc
966 4594 1133 4660 nominibus,
1150 4602 1275 4664 tanquam
1297 4593 1325 4649 in

532 4689 640 4759 antiqua
655 4686 774 4742 Romana
793 4686 868 4741 curia
883 4685 1064 4754 loqueremur,
1078 4683 1176 4754 putasti
1196 4696 1256 4738 esse
1271 4690 1326 4737 ter-

532 4779 657 4838 rendum.
672 4779 769 4834 ¹lerunt
781 4787 809 4833 tu
824 4777 850 4833 in
867 4777 916 4832 bac
933 4791 1013 4832 causa
1025 4775 1076 4830 etsi
1090 4774 1124 4830 ad
1140 4775 1260 4830 scholam
1273 4773 1325 4846 Pp·

532 4875 652 4945 thagorte
662 4886 795 4944 provoces
807 4870 849 4925 vel
860 4869 987 4935 Platonis,
1000 4869 1044 4924 ubi
1058 4867 1230 4923 eruditissimi
1245 4874 1325 4938 atquc

532 4963 681 5021 doctissimi
700 4962 750 5017 tiri
772 4961 855 5017 multo
877 4960 1065 5015 excellentiore
1083 4959 1187 5013 escuris
1206 4957 1325 5027 pbiloso-

530 5053 595 5125 pbia
616 5051 748 5108 nobilitati
757 5066 840 5107 ueras
855 5050 968 5105 uirtutes
986 5064 1038 5104 non
1052 5063 1112 5104 esse
1125 5047 1258 5114 dicebant,
1274 5046 1324 5102 nisi

532 5158 593 5214 quae
605 5143 686 5198 menti
702 5142 817 5213 quodam
829 5140 910 5197 modo
926 5140 1115 5211 imprimuntur
1128 5153 1142 5192 a
1157 5138 1241 5193 torma
1254 5138 1325 5194 illius

532 5244 640 5289 mternae
655 5232 880 5304 immutabdisqtte
897 5231 1068 5298 substantiae,
1090 5228 1161 5301 quod
1180 5237 1222 5285 est
1238 5229 1324 5296 Deus3

532 5325 613 5380 etiam
629 5323 683 5378 illic
695 5323 875 5391 aduersante,
888 5331 1015 5393 quantum
1028 5321 1110 5377 donat
1123 5321 1167 5391 qui
1179 5335 1229 5376 nus
1243 5334 1325 5376 noeu-

531 5414 580 5480 ιιι,
594 5413 700 5483 pictatis
720 5411 842 5468 libertate
858 5412 999 5467 clatttaou:
1015 5410 1069 5466 Nec
1089 5410 1115 5464 ln
1136 5410 1193 5465 istis
1208 5419 1324 5465 estsere

530 5505 643 5576 ittstitia.
655 5502 764 5559 duntur*
777 5519 809 5558 ex
823 5503 874 5573 lide
886 5503 954 5558 uiuit.
975 5500 1054 5556 Fides
1069 5517 1102 5557 ss
1109 5501 1211 5568 auditu,
1225 5501 1325 5556 auditur

561 5701 573 5732 ¹
590 5698 700 5750 nonnulli
711 5706 778 5762 tiss,
789 5699 947 5752 tenacissimo.

562 5764 574 5794 ¹
590 5771 640 5810 tm.
654 5770 690 5812 er.
704 5763 836 5827 etquidem
847 5769 911 5819 uss,
923 5761 989 5821 Quod
999 5761 1051 5812 siet
1062 5756 1168 5829 probuti.

564 5825 574 5855 ¹
591 5833 640 5872 ιιιι.
654 5832 679 5875 ει
698 5831 747 5887 En,
770 5824 818 5875 rim
840 5822 969 5878 maximus,
987 5821 1035 5872 mue
1051 5831 1161 5870 nuntuuu
1176 5818 1324 5868 :mendose

529 5891 586 5934 barn
603 5885 641 5935 ltic
652 5883 737 5995 agbudtt
746 5887 776 5937 ad
786 5885 844 5935 illud
856 5886 953 5943 tiaratii,
961 5883 1022 5932 libro
1034 5883 1044 5930 l
1055 5887 1204 5940 scrutenttm,
1216 5881 1289 5929 satira
1300 5880 1324 5940 5,

529 5960 595 5996 urim.
611 5948 651 6005 tt-t,
706 5961 711 5994 :

593 6019 648 6058 narn
661 6010 724 6058 uitiis
735 6021 808 6056 nemo
818 6009 871 6056 sine
884 6008 1003 6066 nasa-itum
1020 6005 1126 6067 optimus
1137 6001 1179 6052 ille
1192 6009 1240 6060 est,

593 6078 635 6126 ctat
648 6070 751 6119 tttiuirnis
762 6076 872 6132 urgetur.
1158 6124 1163 6135 ·
1203 6123 1209 6134 ‚
1310 6111 1324 6132 ‚

562 6132 657 6189 ‘turim
678 6143 725 6193 qun
740 6130 830 6191 justus.
857 6128 1108 6183 t’ratcllensisender,
1121 6138 1177 6188 qma
1195 6129 1282 6187 plutas.
1301 6130 1326 6173 tn

529 6193 583 6239 alias
601 6193 768 6253 timausctiptis
784 6190 938 6250 aecingitur,
956 6203 1021 6252 qim:
1041 6203 1096 6245 nee,
1108 6186 1172 6289 qaia.
1237 6209 1245 6257 '.

561 6253 703 6347 fflfflnsef'
716 6251 759 6301 lib.
772 6254 827 6302 {ide
837 6254 935 6301 civitate
948 6253 999 6309 bei,
1011 6265 1079 6314 capp.
1097 6251 1115 6299 Ιι
1125 6283 1132 6308 ,
1142 6248 1181 6309 itt,
1194 6244 1273 6298 ctltb.
1288 6247 1324 6306 lb,

529 6331 583 6378 Ulli.
596 6333 633 6364 st.

652 6387 789 6450 anttot.
808 6390 919 6452 xttt'.

1413 4132 1457 4189 ¹8.
1472 4132 1510 4188 Tu
1526 4146 1590 4188 nero
1603 4145 1656 4188 tam
1672 4134 1744 4189 male
1757 4133 1856 4204 accipis
1869 4134 1939 4205 quod
1956 4139 1992 4192 ait
2006 4139 2169 4209 Apostolus,

1377 4224 1448 4281 Num
1472 4225 1515 4296 qui
1534 4226 1560 4281 in
1574 4242 1656 4297 aperte
1677 4226 1822 4293 contendit,
1849 4224 1880 4280 ab
1902 4228 2016 4284 omuibus
2039 4231 2177 4289 coutinuis.

1377 4327 1414 4374 est
1423 4314 1511 4391 (lCor.
1524 4316 1628 4390 tx,25);
1638 4328 1664 4373 ut
1674 4317 1875 4386 continentiam,
1886 4327 1938 4373 tant
1951 4335 2073 4390 magnam
2086 4324 2171 4379 virtu·

1377 4422 1447 4479 tem,
1468 4411 1502 4467 dc
1518 4420 1570 4482 qua
1585 4411 1711 4480 scriptum
1735 4419 1790 4477 est,
1816 4410 1887 4481 quod
1904 4427 1983 4467 ncrno
2001 4427 2061 4469 esse
2082 4424 2171 4485 potest

1376 4506 1519 4561 continens
1531 4505 1581 4559 nisi
1592 4504 1661 4559 botts
1672 4503 1716 4559 det
1729 4502 1806 4577 (Sep.
1818 4518 1875 4569 tttt,
1884 4501 1942 4574 ῒὶ);
1957 4503 2036 4559 ctiam
2050 4503 2168 4561 chorau-

1377 4595 1417 4652 las
1427 4605 1456 4652 et
1467 4594 1619 4665 huiusmodi
1635 4603 1726 4664 turpes
1741 4594 1905 4665 infamesque
1923 4610 2052 4664 personas
2070 4596 2169 4654 ltabero

1377 4685 1535 4742 contendas.
1555 4684 1588 4739 lli
1606 4684 1676 4738 enim
1688 4685 1805 4754 qnando
1829 4685 1855 4739 in
1874 4698 1959 4756 agone
1972 4686 2118 4754 decertant,
2133 4691 2168 4744 alt

1377 4777 1502 4834 omnibus
1517 4776 1668 4842 continent,
1685 4785 1714 4831 nt
1733 4777 1935 4846 corruptibilem
1953 4793 2079 4834 coronam
2098 4784 2169 4838 acci·

1378 4870 1452 4941 piant
1465 4885 1472 4922 ε
1487 4883 1501 4923 a
1515 4868 1591 4937 cnjus
1604 4876 1690 4920 tamen
1707 4882 1774 4922 rana
1791 4867 1937 4937 eupiditate
1951 4883 2004 4924 non
2019 4872 2168 4928 continent.

1377 4961 1441 5017 Hac
1454 4960 1525 5016 enim
1539 4944 1669 5028 cupiditas
1684 4972 1750 5011 uaria
1766 4972 1797 5013 ac
1810 4958 1917 5027 pcrltoe
1932 4976 2028 5031 prata,
2044 4965 2127 5020 vincit
2140 4965 2169 5021 ln

1377 5053 1417 5109 eis
1434 5062 1461 5107 et
1476 5050 1562 5105 lrenat
1576 5049 1642 5104 alias
1657 5063 1751 5118 pratas
1764 5048 1922 5119 cupiditates
1943 5070 1950 5104 ε
1965 5051 2074 5125 propter
2096 5056 2168 5127 quod
2264 5058 2268 5071 ·

1377 5142 1441 5198 dieti
1464 5149 1526 5196 sunt
1543 5139 1719 5195 continentes.
1742 5140 1794 5196 Sed
1813 5149 1841 5195 ut
1863 5141 2046 5211 gratissimam
2066 5144 2169 5203 laceres

1378 5237 1502 5309 injuriam
1515 5235 1694 5306 Scipionibus,
1709 5233 1901 5289 continentiam
1915 5250 1995 5306 quam
2006 5238 2032 5292 in
2044 5237 2083 5292 eis
2095 5246 2170 5294 tauto

1377 5331 1487 5402 eloquio
1501 5326 1661 5400 praedicasti,
1676 5327 1772 5382 dedisti
1788 5336 1815 5382 ct
1828 5328 2000 5384 histrionibus
2017 5346 2024 5382 :
2043 5329 2170 5400 ignorans

1378 5425 1548 5496 Apostolum,
1561 5438 1621 5478 etun
1636 5423 1829 5477 cultortaretur
1842 5420 1964 5476 homines
1977 5422 2010 5475 ad
2024 5422 2166 5491 uirtutem,

1378 5522 1418 5577 sic
1436 5517 1586 5587 exemplant
1602 5515 1636 5569 de
1648 5514 1741 5568 titium
1759 5514 1896 5594 ltontinpm
1910 5513 2073 5569 :illectione⁸
2095 5531 2170 5571 sunt·

1410 5633 1419 5664 ¹
1436 5629 1505 5693 Apud
1523 5634 1588 5687 tor,
1599 5639 1655 5686 qrtu.

1409 5693 1420 5724 ²
1437 5692 1510 5741 vatic.
1524 5699 1575 5739 btss.
1588 5689 1709 5746 omittunt,
1721 5686 1754 5736 ml
1764 5683 1838 5749 prtem
1847 5698 1936 5736 uerunt.

1285 5750 1287 5756 ⁴
1390 5753 1588 5826 ftloritceusis
1602 5745 2166 5811 ns.,1›npuuesnumuueuurauus·
2209 5756 2220 5771 ‘

1377 5821 1421 5908 Mi
1438 5876 1461 5926 td
1493 5877 1562 5928 uaris
1582 5871 1705 5923 iarlnsarn‘
1722 5879 1793 5919 nitus
1821 5869 1898 5918 codor
1929 5868 2085 5922 floriacensis
2105 5887 2169 5936 prae·

1378 5941 1445 5990 terit.
1462 5940 1563 5987 tranent
1580 5936 1619 5983 liic
1651 5935 1699 5981 luci
1720 5931 1823 5980 t'att'tani
1859 5933 1967 5993 quinque
2004 5937 2171 5998 ruanis-tripu.

1378 6010 1407 6051 ut
1429 6003 1452 6050 in
1482 6001 1555 6050 editis
1585 5995 1686 6044 lanatum
1717 5993 1796 6042 luerat
1826 5994 1939 6054 supmins
1975 5997 2087 6056 proxime
2128 6007 2170 6050 εει

1379 6064 1463 6120 terlio,
1482 6074 1526 6110 rtee
1542 6058 1602 6110 altu
1621 6055 1716 6105 tit-ates
1732 6053 1898 6126 rumitcs'ejus
1915 6060 1937 6102 rt
1954 6053 2031 6107 secuta
2044 6065 2054 6106 .·
2066 6065 2092 6108 et
2105 6012 2171 6109 muita

1378 6125 1510 6175 sententia.
1523 6130 1585 6183 post,
1597 6115 1730 6182 effluentiae
1740 6123 1823 6177 mptutt
1832 6128 1841 6174 ,·
1851 6116 2044 6188 supr-ebatur&
2058 6130 2119 6179 quus
2128 6118 2161 6171 Aa

1380 6185 1442 6242 brut,
1456 6197 1481 6232 ιε
1496 6197 1523 6231 (ιι
1535 6195 1578 6230 ttmt
1591 6178 1684 6227 lutltsnt.
1699 6180 1739 6227 tbi
1753 6186 1859 6240 negante
1870 6178 1987 6240 parumtla
2000 6189 2084 6230 mtcttt
2099 6181 2171 6230 litent

1379 6246 1475 6294 orliens
1488 6243 1588 6293 tartari
1603 6249 1627 6290 ul
1638 6240 1800 6289 vitriacensis
1814 6282 1816 6287 .

1412 6309 1422 6338 ⁸
1440 6308 1594 6353 Ηυιήίιιϊιιειε
1606 6310 1636 6349 lli
1650 6337 1657 6362 ,
1669 6298 1844 6351 r·etts¹·:t’ttuli:te,

1798 6387 1815 6462 <
1823 6383 2081 6463 l'inqt-quntrml
