5592 7350
623 1037 672 1095 uit
685 1049 708 1095 rt
718 1038 871 1107 adjutorium
883 1054 931 1091 nott
947 1034 981 1090 nd
994 1034 1106 1106 rinpnlor
1120 1044 1191 1090 ortus
1203 1033 1279 1100 duri,
1291 1034 1335 1088 red
1345 1034 1370 1087 iu
1384 1032 1415 1087 tr·-

622 1133 681 1189 iero
692 1128 795 1185 arbitrio
813 1146 882 1191 esse,
895 1126 936 1184 rel
945 1128 971 1182 itt
987 1128 1041 1198 ispe
1051 1144 1080 1180 oc
1092 1126 1206 1180 doctrino
1217 1143 1227 1191 ,τ
1238 1123 1356 1196 prolecto
1371 1126 1415 1180 llei

622 1224 704 1296 pratia
727 1223 770 1277 vel
791 1220 952 1291 adjutorium
973 1220 1006 1274 ad
1028 1220 1146 1289 singulos
1159 1227 1234 1274 aetus
1247 1217 1342 1282 datur,
1365 1231 1416 1271 er·

622 1324 701 1386 raptu
713 1315 797 1370 libero
807 1310 935 1374 arbitrio,
950 1310 991 1365 vel
1007 1310 1157 1380 legeratque
1172 1309 1310 1367 doctrina:
1325 1322 1355 1362 ae
1369 1320 1417 1376 per

622 1409 673 1461 lroe
692 1421 739 1475 per
753 1403 871 1473 singulos
884 1412 985 1457 retusa
1001 1401 1056 1457 lieo
1073 1401 1207 1471 regimur,
1223 1399 1329 1469 quaudo
1344 1407 1416 1453 reete

621 1499 740 1571 agimus:
757 1513 805 1552 nee
821 1497 917 1552 trustra
932 1503 1037 1549 orantes
1051 1493 1183 1558 dicimus,
1198 1491 1293 1547 ltiuerer
1308 1508 1362 1545 utro
1377 1492 1416 1543 di-

621 1595 674 1662 ripe
684 1589 822 1647 seeundum
838 1587 939 1643 teritum
953 1596 1042 1647 trient,
1057 1601 1089 1638 rre
1101 1582 1242 1637 dominetur
1259 1582 1320 1635 utilti
1334 1582 1416 1635 omnis

620 1684 741 1757 iniquitas
757 1680 842 1754 (Psoi.
858 1696 954 1742 cxvtrt,
972 1678 1045 1756 tta).

657 1774 702 1831 δί.
722 1772 775 1830 Sed
788 1770 858 1843 qnod
872 1772 920 1824 ista
934 1770 1066 1840 seqnitur,
1093 1782 1136 1822 me
1159 1779 1263 1820 rursum
1279 1763 1417 1819 sollicitat.

621 1865 688 1922 Cum
703 1864 774 1920 ettim
785 1862 820 1919 de
833 1862 925 1932 quirun
937 1858 1052 1928 oapitrrlu
1067 1856 1124 1915 libri
1140 1855 1258 1911 ceule-‘tii
1275 1854 1335 1909 lmie
1350 1853 1416 1907 luis·

622 1966 665 2015 set
677 1957 821 2026 objectum,
836 1951 907 2024 quod
924 1969 933 2002 ι
952 1948 1086 2006 nlltrttrent
1102 1958 1315 2015 unrrmqrternqne
1329 1943 1415 1997 ltouri·

622 2063 682 2105 rtem
691 2061 784 2102 omues
792 2046 902 2100 virmtes
911 2057 988 2112 posse
999 2040 1096 2095 liuttere
1106 2047 1133 2093 et
1141 2040 1250 2109 gestias,
1259 2044 1285 2090 ot
1295 2034 1417 2090 :tuleram

621 2137 801 2195 diversitatem
812 2134 965 2211 gratiarum,
980 2146 1059 2203 quam
1072 2128 1215 2200 Apostolus
1226 2127 1303 2182 docet
1316 2144 1322 2180 τ
1342 2146 1351 2178 ι
1366 2126 1417 2181 Pe·

622 2226 864 2304 lagiusrespondit,
883 2244 892 2278 ι
912 2226 1017 2280 bierunt
1026 2231 1091 2278 esta
1105 2220 1190 2287 nobis,
1207 2220 1254 2274 sed
1266 2217 1417 2305 rnalipneet

622 2322 743 2395 imperite
755 2315 991 2390 reprehenderunt.
1007 2313 1064 2369 Nou
1078 2314 1148 2368 enirtt
1160 2310 1305 2367 auferimus
1317 2309 1417 2379 gentia-

557 2453 563 2473 ι
622 2428 680 2469 runt
697 2410 878 2468 diversitatem
896 2426 902 2461 :
918 2407 965 2461 sed
986 2405 1099 2460 dicimus
1120 2403 1220 2459 donare
1233 2403 1315 2457 lleutrt
1328 2402 1354 2457 ei
1371 2402 1416 2471 qni

622 2501 701 2557 luerit
723 2502 819 2572 dignus
842 2498 973 2567 arripere,
998 2512 1091 2549 ornnes
1113 2493 1221 2565 gratias,
1246 2494 1314 2546 sit-ut
1335 2492 1416 2546 Panlo

621 2592 741 2663 aptrstuiit
752 2591 869 2645 tlrrttavit.
890 2586 956 2663 apid
975 2588 1025 2641 litte
1039 2585 1163 2656 Syttodtts
1177 2584 1243 2637 dixit
1259 2601 1265 2636 :
1285 2600 1294 2633 ι
1312 2581 1414 2637 Conse·

524 2679 526 2684 ’
621 2690 735 2754 eruentur
746 2691 773 2744 et
785 2679 966 2738 ecclesiastico
979 2691 1058 2731 seusu
1073 2683 1100 2730 et
1115 2675 1171 2745 ipse
1183 2673 1289 2730 sensisti
1299 2674 1333 2729 de
1345 2672 1417 2729 dono

621 2774 849 2845 gratiarumque
862 2771 887 2826 in
898 2776 991 2825 saneto
1004 2767 1132 2838 llpostulo
1144 2766 1322 2821 eontinentur.
1343 2781 1352 2815 t
1369 2763 1417 2819 llio

622 2865 693 2920 dicet
704 2864 801 2934 aliquis
811 2880 817 2915 :
826 2861 894 2928 Quid
906 2875 971 2930 ergo
983 2857 1128 2913 sollicitat?-
1140 2858 1181 2911 lltt
1197 2866 1222 2910 tn
1236 2853 1344 2925 negabis
1356 2871 1415 2910 nnt-

622 2974 670 3015 rtes
682 2959 795 3012 virtutes
813 2963 840 3009 et
852 2952 951 3025 gratias
971 2951 1051 3005 luisse
1066 2950 1093 3003 irt
1107 2947 1252 3018 apostolo?
1267 2948 1322 3017 Ego
1341 2963 1415 3013 rem,

623 3050 645 3104 si
654 3048 707 3104 illae
719 3044 882 3115 acebriamur
892 3056 996 3106 (nunes,
1007 3054 1074 3110 quas
1087 3053 1140 3093 utto
1150 3036 1264 3108 quodam
1275 3036 1333 3108 ipse
1344 3039 1416 3108 triu·

622 3141 709 3198 stolna
729 3136 949 3195 cortrutemoruvit
967 3133 1036 3198 loeo,
1061 3146 1127 3202 qtras
1146 3139 1171 3186 et
1184 3129 1323 3201 episeopus
1337 3129 1416 3184 littel-

623 3233 720 3291 lesisse
729 3232 855 3295 arbitror,
869 3238 899 3283 ιιι
913 3227 963 3281 lroc
977 3224 1164 3297 approbarent,
1176 3232 1203 3276 et
1216 3221 1418 3293 pronuntiarent

626 3346 635 3379 ι
653 3340 735 3384 sensu
752 3322 933 3381 eeclesiastico
951 3319 1070 3382 dieturtt,
1092 3337 1101 3368 t
1120 3331 1171 3371 rrort
1191 3330 1237 3370 eas
1255 3314 1348 3372 dubito
1368 3315 1416 3368 lta·

623 3419 715 3479 baisse
734 3415 883 3487 apostolum
908 3411 1027 3468 Paulum.
1054 3411 1097 3465 ,tir
1112 3409 1183 3464 enim
1207 3425 1213 3459 :
1237 3405 1272 3460 Et
1293 3408 1418 3478 quondm

621 3509 722 3581 quidem
747 3509 830 3577 posuit
852 3504 922 3558 lieris
946 3504 973 3556 in
1004 3500 1135 3565 Ecclesia,
1164 3500 1246 3572 pritrto
1268 3502 1416 3569 apostotos,

605 3598 734 3658 .srcnndo
755 3596 910 3667 propitetos,
930 3594 1005 3648 tertio
1029 3593 1163 3656 doctores,
1186 3590 1415 3659 deitrdeor‘rtrrtet,

623 3692 714 3745 eltirtds
741 3689 889 3752 mattiones
909 3687 1061 3748 enituerunt,
1085 3684 1228 3757 adjutorio,
1253 3683 1417 3755 paternatio-

623 3801 677 3847 rrer,
692 3798 783 3854 penrru
804 3779 949 3851 linpuerrtrrn
965 3776 991 3848 (Ι
1011 3775 1071 3832 Gor.
1092 3791 1147 3840 ιιι,
1162 3774 1227 3848 98).
1250 3774 1318 3843 Quid
1332 3775 1417 3846 ergo?

622 3859 742 3929 dicemus
753 3871 823 3942 quod
837 3870 895 3925 lratc
906 3867 995 3924 orrtrria
1010 3883 1062 3922 ιιοιι
1074 3865 1193 3920 babuerit
1205 3872 1339 3935 apostolus
1349 3866 1418 3921 Pau·

623 3967 663 4020 lus
671 3965 685 4019 i
694 3963 758 4032 Quis
774 3962 825 4018 lroc
839 3960 935 4017 audeat
944 3958 1052 4016 diceret
1067 3958 1131 4012 Nam
1149 3972 1182 4012 eo
1198 3957 1256 4027 ipso
1268 3956 1339 4027 qnod
1352 3971 1417 4027 artri·

622 4062 706 4114 stolus
720 4067 788 4123 erat,
803 4055 917 4112 babebat
931 4054 1022 4125 utique
1036 4051 1223 4122 apostolatum.
1237 4049 1290 4105 Sed
1302 4050 1416 4106 lrabelrat

622 4160 649 4206 et
664 4148 841 4226 prophetiam.
863 4149 904 4201 Art
926 4159 978 4200 non
994 4142 1132 4215 prophetia
1147 4142 1205 4211 ejus
1227 4141 1287 4196 esti
1302 4141 1416 4212 Spiritus

621 4243 692 4300 enirn
705 4228 837 4311 manifeste
845 4239 916 4306 dicit,
927 4238 986 4308 puio
995 4238 1022 4291 irt
1033 4236 1174 4291 novissimis
1186 4234 1338 4305 temporibus
1347 4250 1416 4290 reee-

622 4337 683 4390 dertt
695 4334 798 4414 quidum
810 4350 826 4386 e
837 4332 904 4404 fide,
916 4330 1071 4386 intendentes
1089 4328 1219 4399 spiritibus
1231 4327 1414 4395 seductoribus,

622 4427 742 4483 doctrinis
762 4425 944 4481 doetttotriorum
969 4420 996 4493 (Ι
1025 4421 1090 4476 Tim.
1113 4437 1148 4485 tv,
1175 4422 1220 4492 i).
1234 4419 1291 4490 lpse
1311 4430 1369 4476 erat
1389 4431 1416 4477 et

621 4521 707 4572 elector
719 4516 834 4571 lierrtlrrtn
846 4516 872 4569 irt
886 4515 938 4584 fide
950 4524 974 4568 et
988 4513 1090 4568 inritare
1100 4512 1155 4577 lid.
1172 4529 1200 4574 rr,
1216 4512 1247 4582 l)
1261 4529 1268 4566 :
1283 4522 1310 4568 et
1320 4529 1415 4582 opera-

622 4615 699 4666 lratrrr
717 4610 826 4666 tirtrrtrs
839 4623 865 4664 er
880 4608 1024 4670 sanitates;
1041 4623 1100 4660 nam
1116 4605 1280 4660 mordentem
1299 4606 1416 4675 viperam

622 4720 701 4757 rtatim
715 4705 832 4759 etetrssit
846 4701 927 4755 illesa
942 4698 1010 4769 (det.
1029 4713 1129 4763 xavrtt,
1143 4697 1189 4768 5),
1214 4706 1241 4753 et
1256 4697 1416 4767 paralyticus

620 4795 652 4847 ad
668 4794 775 4848 verbnm
789 4792 846 4860 rjus
860 4790 981 4847 restituta
996 4790 1123 4845 cotttittuu
1138 4791 1222 4845 salute
1232 4790 1346 4843 surrexit
1357 4788 1413 4856 (id.

622 4902 678 4947 stt,
695 4885 739 4952 9).
754 4884 892 4954 Αιι]ιιιοι·ἱιι
903 4899 962 4954 quse
972 4881 1053 4949 dieat,
1065 4881 1207 4936 obscurum
1222 4890 1279 4946 est;
1290 4882 1415 4950 rpromam

619 4978 659 5028 vir
682 4975 761 5044 bttjtts
776 4974 848 5029 vetiti
865 4975 916 5028 lare
931 4984 1002 5043 patet
1015 4990 1022 5026 :
1036 4974 1095 5044 quis
1111 4981 1200 5029 tamen
1220 4973 1280 5026 lrttle
1296 4982 1323 5027 et
1338 4973 1415 5026 istam

621 5066 733 5131 pralium
752 5064 869 5118 defuisse
888 5044 975 5129 dieat,
990 5078 1038 5133 per
1069 5063 1145 5133 eujus
1159 5064 1276 5118 laborem
1302 5064 1415 5120 salutent

623 5158 761 5227 ltorttlnum
776 5158 815 5212 sic
824 5164 929 5212 constat
942 5155 1081 5220 adjutaml
1094 5156 1162 5224 Quid
1174 5172 1238 5212 vero
1250 5157 1309 5229 ejus
1321 5162 1417 5229 guber·

622 5252 729 5306 tratione
744 5247 907 5320 preclarius,
921 5248 1028 5318 quaudo
1038 5257 1064 5303 et
1077 5261 1124 5318 per
1138 5264 1199 5304 enm
1211 5248 1340 5307 Dominus
1353 5259 1416 5305 turre

621 5356 661 5400 ιιιι
678 5343 813 5409 lleelesias
827 5341 996 5415 gubernarit,
1012 5352 1038 5397 et
1059 5357 1107 5412 per
1121 5342 1178 5413 ejus
1193 5341 1326 5413 Epistulas
1345 5360 1416 5401 nrnre

620 5437 767 5508 pttlternatl
778 5435 838 5492 lam
848 5450 947 5512 gorreia
961 5434 1121 5506 linguarum,
1133 5452 1191 5504 rrum
1206 5436 1243 5491 illi
1259 5438 1353 5493 deesse
1367 5454 1415 5507 po·

622 5537 747 5595 ttterunt,
763 5542 823 5586 ettrtt
839 5528 896 5597 ipse
908 5525 994 5594 dieat,
1013 5524 1115 5581 Gratius
1133 5526 1201 5590 Dro,
1223 5529 1291 5597 prod
1303 5530 1416 5583 otrtrriutrt

621 5631 730 5674 restrum
749 5620 837 5692 tinptro
856 5617 946 5689 loquor
967 5617 994 5688 (l
1018 5615 1079 5672 Cor.
1108 5633 1161 5681 arv,
1187 5617 1259 5685 teti
1271 5617 1337 5697 Quia
1351 5633 1416 5700 ergo

622 5713 734 5767 istorum
748 5712 866 5766 ornrtirtm
888 5709 951 5765 nibil
974 5709 1096 5779 apostolo
1118 5708 1200 5762 Paulo
1221 5708 1337 5763 doluisse
1355 5724 1416 5765 ere-

622 5803 736 5858 dendum
749 5812 800 5866 est,
822 5812 961 5872 propterea
986 5800 1185 5869 responsionem
1202 5798 1309 5868 Pelagii,
1327 5816 1336 5850 ι
1355 5817 1415 5870 otri·

623 5911 672 5950 tres
686 5899 783 5965 gratias
797 5879 948 5950 eidnrtstas
962 5910 1021 5949 esse
1039 5912 1048 5945 t
1064 5891 1186 5957 dicentis,
1200 5891 1303 5962 ludices
1317 5908 1413 5962 appro-

623 5991 764 6043 baverunt.
777 5989 830 6044 Sed
844 5999 904 6042 surtt
919 5998 946 6042 et
960 5987 1019 6042 alirn
1035 5987 1145 6055 grinte,
1163 5999 1223 6055 qnae
1236 5984 1280 6040 bic
1295 5999 1415 6040 comate·

623 6090 733 6136 irrorate
749 6094 801 6136 nort
815 6090 885 6135 suttt.
898 6080 990 6150 Neque
1000 6078 1081 6142 enim,
1094 6077 1216 6149 quatrivis
1228 6086 1299 6133 osset
1309 6085 1416 6147 aposto-

623 6176 665 6239 lus
688 6173 785 6228 l‘aulrts
812 6169 923 6225 inultum
955 6171 1091 6225 erudiens
1119 6168 1267 6224 membrum
1294 6168 1416 6238 corporis

624 6266 734 6331 diluisti,
756 6263 845 6320 trullas
864 6263 954 6330 plures
975 6270 1001 6314 ot
1023 6259 1167 6330 assumturus
1191 6259 1291 6330 gratias
1313 6259 1416 6329 aeeepit

624 6359 630 6371 ⁸
660 6375 710 6415 rtem
732 6356 812 6416 totitas
836 6355 955 6426 diriperis
975 6363 1064 6422 eaput,
1085 6350 1181 6406 sivein
1198 6367 1288 6416 vetite,
1309 6351 1367 6411 sive
1388 6353 1413 6405 itt

1141 918 1185 975 DE
1206 916 1327 974 Gestis
1349 913 1546 1001 PELdGll,S.
1568 917 1751 978 aucesium

2204 926 2259 984 tto

1470 1033 1557 1086 aalma
1574 1034 1707 1104 bortrinis,
1722 1053 1801 1107 qnam
1817 1050 1965 1096 creaturam
1986 1053 2067 1099 tuam
2081 1044 2196 1105 Verbum
2215 1048 2260 1106 tid

1470 1125 1496 1179 ln
1512 1128 1638 1181 unitatum
1651 1146 1771 1198 personat
1786 1147 1851 1194 suu,
1868 1143 1896 1188 ιιι
1909 1143 2028 1190 nostrum
2042 1146 2121 1207 caput
2141 1147 2224 1202 esset,
2234 1148 2260 1194 et

1469 1228 1567 1284 eorpus
1591 1218 1648 1287 ejus
1671 1233 1802 1283 essemus,
1823 1225 1976 1292 assumpsit.
1992 1222 2025 1280 Et
2047 1229 2180 1281 revereri
2202 1242 2262 1285 esse
2332 1257 2334 1259 ·

1470 1319 1577 1376 possent
1589 1309 1616 1363 in
1631 1310 1743 1382 singuiis
1755 1315 1854 1380 omnia,
1870 1314 1966 1370 trustra
1980 1317 2014 1372 de
2027 1318 2154 1372 membris
2165 1333 2251 1387 corpo

1470 1398 1507 1453 ris
1531 1404 1616 1457 nostri
1637 1404 1670 1458 ad
1693 1406 1760 1461 ltartc
1780 1422 1836 1461 rertt
1862 1408 1921 1461 duta
1946 1409 2092 1465 similitudo
2115 1410 2263 1467 videretur.

1468 1490 1536 1548 Sunt
1551 1491 1629 1549 'enim
1657 1498 1778 1566 quadam
1801 1502 1953 1555 eommunia
1977 1502 2100 1558 omnibus
2122 1503 2263 1567 membris,

1469 1583 1536 1637 sieut
1551 1587 1659 1651 sanitas,
1677 1588 1745 1642 sieut
1759 1589 1810 1644 vira
1825 1600 1903 1646 :sttrtt
1917 1601 2005 1647 autem
2019 1592 2069 1646 alia
2080 1594 2160 1648 etiam
2174 1594 2264 1664 siugu-

1473 1675 1506 1738 lis
1519 1679 1636 1754 propria,
1652 1681 1721 1735 unde
1739 1698 1787 1736 nee
1800 1683 1870 1736 arrris
1885 1685 1964 1737 sentit
1978 1685 2094 1752 colores,
2106 1702 2155 1741 trec
2170 1686 2266 1741 nerrlrts

1469 1780 1563 1832 roceas
1577 1774 1767 1841 propterquod
1783 1772 1889 1838 dieitur,
1908 1774 1939 1829 Si
1953 1785 2032 1829 totum
2051 1793 2142 1848 corpur
2162 1780 2263 1844 ocultis,

1469 1856 1512 1911 oli
1523 1860 1625 1915 auditur
1633 1862 1646 1916 ?
1654 1861 1685 1918 Si
1695 1873 1775 1917 toturn
1786 1866 1897 1932 unditus,
1908 1868 1951 1921 udi
1965 1870 2086 1924 odoratus
2103 1869 2123 1939 (l
2137 1869 2197 1924 Cor.
2215 1887 2264 1935 ιιι,

1471 1947 1539 2019 li)?
1554 1950 1628 2017 Quod
1642 1952 1748 2021 quidem
1765 1969 1816 2007 ιιοιι
1831 1955 1864 2008 ita
1879 1956 1986 2021 dieitur,
1999 1967 2124 2035 tartonam
2138 1960 2265 2029 impossi-

1470 2037 1522 2092 bile
1539 2039 1593 2093 lleo
1613 2040 1658 2101 sit,
1675 2052 1701 2096 et
1716 2044 1825 2098 auribus
1838 2054 1964 2114 praeserere
1976 2060 2083 2101 sensum
2098 2047 2223 2117 ridendi,
2238 2061 2266 2105 et

1469 2128 1555 2182 oeulis
1567 2130 1701 2186 audiendi.
1717 2132 1787 2198 Quid
1804 2143 1893 2190 tamen
1910 2133 1990 2190 iaciat
2005 2137 2030 2191 irt
2043 2137 2140 2192 Cltristi
2150 2153 2266 2210 corpore

1469 2218 1539 2286 quod
1549 2230 1591 2273 est
1604 2219 1734 2288 Ecclesia,
1747 2232 1773 2278 et
1783 2240 1861 2294 qtrunt
1872 2224 2052 2283 diversitatem
2063 2229 2264 2287 Ecclesiarum⁸

1469 2306 1542 2361 velut
1562 2324 1610 2375 per
1624 2312 1742 2366 membra
1749 2314 1864 2386 ⁴diversa
1881 2323 2015 2372 messem
2029 2318 2097 2374 dotta
2111 2321 2191 2375 etiam
2207 2320 2265 2375 sirt-

1468 2398 1537 2468 gulis
1556 2403 1672 2471 propriu,
1698 2405 1887 2475 significaverit
1906 2410 2059 2477 apiostolus,
2075 2422 2177 2468 eertum
2194 2418 2263 2470 est¹.

1468 2488 1645 2561 Quapropter,
1653 2503 1735 2563 etqua
1746 2509 1827 2552 eausa
1836 2496 1862 2551 bi
1871 2498 2265 2570 qniillrtrlolijrrterunt,auterri

1470 2582 1602 2635 mtluerirtt
1612 2582 1764 2639 distantiam
1778 2588 1933 2656 gratiarum,
1948 2597 1976 2644 et
1989 2593 2040 2661 qua
2054 2608 2133 2648 carisa
2144 2595 2265 2666 episcopi

1468 2681 1577 2743 propter
1592 2674 1701 2730 Paulum
1715 2678 1878 2746 apostolum,
1895 2681 1920 2734 itt
1936 2696 1990 2751 epto
2005 2683 2073 2737 dona
2089 2688 2189 2750 nnrrria,
2204 2702 2267 2756 qum

1470 2764 1529 2821 loeo
1549 2781 1601 2818 ttrto
1622 2772 1839 2824 commemoravit
1854 2814 1861 2836 ,
1875 2774 2063 2842 agnosrimrts,
2081 2776 2108 2828 id
2128 2777 2198 2846 quud
2221 2771 2277 2832 ιι(

1469 2857 1576 2926 spondit
1587 2856 1709 2928 eottgtus
1720 2861 1854 2929 potuerint
1863 2865 2021 2933 approbare,
2029 2866 2082 2933 jain
2095 2868 2196 2922 ebrum
2211 2882 2264 2924 est.

1504 2945 1549 3000 55.
1562 2946 1629 3014 Quid
1644 2958 1684 3003 ost
1696 2964 1771 3020 ergo,
1786 2951 1857 3006 trude
1872 2952 1958 3007 mede
1973 2953 2023 3007 boe
2036 2956 2152 3026 eapirulrt
2163 2958 2265 3013 sollici·

1470 3044 1525 3090 tum
1541 3036 1637 3091 lectrum
1650 3053 1710 3093 esse
1723 3041 1854 3109 pru-dixit
1866 3042 1922 3098 lloe
1935 3043 2067 3109 t'itlelieet,
2083 3047 2153 3116 quod
2168 3048 2205 3102 ait
2216 3048 2267 3103 ae

1469 3128 1564 3197 lugius,
1584 3146 1593 3180 ι
1611 3130 1717 3187 llortare
1731 3132 1813 3187 llettnt
1829 3136 1863 3198 ei,
1878 3136 1922 3204 qui
1934 3136 2011 3190 tuerit
2024 3136 2121 3208 diguus
2131 3139 2265 3208 accipere.

1471 3233 1565 3273 omnes
1580 3222 1690 3289 gratias,
1707 3224 1777 3279 sieut
1793 3224 1876 3279 Paulo
1894 3226 2015 3295 apiostolo
2029 3227 2146 3285 donarit.
2167 3249 2176 3283 r
2192 3230 2268 3288 Nitril

1470 3321 1558 3363 essem
1578 3309 1612 3365 de
1634 3310 1755 3382 linceius
1776 3316 1952 3383 responsione
1965 3319 2111 3388 sollicitus,
2129 3322 2179 3377 nisi
2193 3327 2267 3394 quod

1475 3396 1573 3452 attinet
1583 3399 1616 3453 ad
1635 3399 1704 3456 tratre
1718 3417 1836 3467 eausam,
1855 3406 1932 3476 errius
1944 3409 2057 3463 maxirrte
2071 3427 2134 3465 eura
2147 3417 2266 3484 gerenda

1472 3500 1524 3559 est,
1540 3508 1574 3547 rte.
1589 3493 1689 3550 scilieet
1701 3496 1786 3564 pratia
1802 3498 1859 3562 Dei,
1872 3499 1949 3553 nobis
1964 3504 2110 3558 terentibus
2124 3514 2151 3559 et
2162 3514 2267 3562 tautum

1471 3584 1571 3639 malum
1586 3586 1833 3661 dissiutnbtrttibus,
1856 3604 2033 3662 oppugnetur.
2051 3595 2116 3650 Cum
2135 3613 2200 3668 erpo
2213 3615 2266 3665 aori

1469 3678 1516 3740 ait,
1545 3677 1649 3735 bonare
1674 3680 1759 3735 [lenm
1786 3682 1829 3737 eui
1854 3685 1985 3748 voluer·it;
2007 3686 2053 3741 sed
2072 3689 2117 3751 ait,
2132 3707 2142 3740 ι
2159 3690 2267 3747 [turnare

1472 3769 1555 3825 benur
1568 3772 1603 3838 ei,
1615 3773 1659 3842 qui
1673 3772 1753 3829 luerit
1764 3775 1859 3846 dignus
1870 3779 2001 3847 arripere,
2015 3784 2232 3852 omnesgratias;
2254 3807 2265 3848 ι

1469 3876 1522 3916 ιιοιι
1534 3865 1618 3932 potui,
1628 3880 1688 3919 etttn
1701 3867 1828 3936 legerem,
1841 3886 1893 3923 nun
1905 3885 1965 3926 esse
1974 3873 2162 3943 srrspieiosrrs⁸.
2175 3875 2266 3946 ipsunt

1468 3954 1567 4025 quippe
1579 3955 1672 4025 gratie
1687 3973 1784 4013 nonten
1804 3969 1831 4014 et
1851 3962 1908 4030 ejus
1924 3964 2039 4019 numinis
2052 3966 2205 4024 itrtelleettts
2218 3985 2267 4024 att·

1469 4043 1563 4112 lertnr,
1587 4048 1608 4102 si
1623 4063 1676 4102 nott
1691 4050 1775 4119 gratis
1797 4050 1885 4116 datur,
1902 4053 1948 4107 sed
1969 4069 2027 4108 eam
2045 4055 2089 4125 qni
2111 4056 2208 4127 diguus
2225 4073 2265 4115 ost

1468 4137 1575 4206 recipit.
1592 4139 1633 4193 Art
1650 4139 1717 4195 lorte
1731 4141 1882 4210 quisdicat,
1898 4145 2027 4213 apostolo
2040 4162 2083 4200 me
2096 4147 2186 4204 lucere
2196 4150 2267 4221 inju-

1471 4226 1548 4292 riant,
1561 4228 1623 4296 quia
1642 4243 1703 4282 eunt
1718 4231 1803 4300 gratia
1817 4232 1925 4302 dignum
1940 4234 2020 4290 luisse
2039 4250 2091 4289 nort
2109 4236 2190 4292 dieol
2209 4241 2267 4295 lunt

1470 4325 1532 4373 tune
1553 4317 1621 4372 lucio
1641 4328 1668 4373 et
1682 4319 1719 4374 illi
1741 4320 1875 4390 irrJ'rtrr'am,
1892 4333 1918 4377 et
1933 4325 1998 4378 milti
2018 4340 2133 4393 poertartr,
2152 4328 2175 4382 si
2193 4333 2264 4399 quo-l

1469 4408 1525 4478 ipse
1538 4409 1611 4476 dicit,
1626 4425 1678 4464 iton
1699 4412 1845 4478 credetur
1862 4414 1905 4469 ille
1915 4416 2027 4485 gratiam
2050 4432 2102 4471 ιιοιι
2120 4417 2155 4472 ita
2167 4419 2265 4474 delini·

1471 4501 1517 4560 vit.
1544 4508 1574 4553 ιιι
1596 4516 1655 4555 cam
1678 4503 1725 4566 sie,
1754 4504 1824 4572 rptttd
1851 4503 1960 4561 daretur
1984 4507 2076 4577 brutis,
2104 4511 2263 4579 appellatam

1468 4589 1644 4645 intenderet?
1656 4591 1757 4662 Netnpe
1773 4593 1829 4662 ipse
1843 4594 1908 4648 dixit
1924 4611 1934 4649 .·
1953 4595 1984 4652 Si
2001 4608 2083 4652 sutem
2096 4601 2196 4671 pruriet,
2207 4603 2264 4674 p'ern

1467 4698 1517 4753 non
1541 4699 1573 4737 eu
1593 4684 1726 4753 operibus:
1749 4685 1863 4758 oliopttitt
1886 4690 1969 4758 pretia
1984 4691 2040 4759 p'ortt
2056 4709 2107 4746 nott
2127 4704 2163 4748 ert
2182 4697 2263 4766 pretia

1469 4771 1556 4843 (ilem.
1571 4789 1607 4835 ιι.
1621 4773 1660 4844 dl.
1677 4774 1753 4831 Unde
1767 4777 1829 4831 itettr
1840 4778 1908 4832 uixit
1921 4797 1928 4833 ε
1942 4779 1974 4833 Ei
1985 4791 2068 4836 orrtem
2080 4784 2261 4854 quiaprmtut,

1471 4879 1565 4918 ntrrcer
1577 4881 1627 4918 non
1641 4865 1782 4936 insputatur
1791 4868 1929 4922 seeundum
1940 4872 2057 4942 pretium,
2073 4874 2117 4929 red
2126 4875 2263 4928 suendum

1468 4956 1579 5009 debiturn
1594 4956 1649 5026 (ld.
1662 4973 1699 5024 ιι,
1711 4957 1751 5030 t).
1763 4959 1889 5030 Quisquis
1898 4977 1962 5033 erga
1974 4962 2068 5034 dignus
2078 4974 2130 5032 est,
2142 4965 2262 5022 debitum

1468 5056 1510 5103 est
1524 5048 1567 5112 ei:
1583 5047 1608 5103 si
1626 5059 1715 5105 autent
1729 5050 1848 5106 debitum
1864 5062 1905 5106 ost
1916 5094 1924 5119 ,
1936 5055 2019 5124 gratia
2035 5070 2087 5110 nort
2101 5065 2164 5112 est:
2178 5059 2263 5128 pratia

1468 5139 1565 5208 quippe
1579 5141 1706 5206 dottatur,
1722 5140 1843 5195 debitum
1857 5143 1987 5199 redditur.
2001 5145 2091 5202 Gratia
2103 5161 2168 5219 ergo
2180 5148 2265 5205 doua-

1469 5239 1512 5284 tur
1527 5230 1653 5301 indiguis,
1669 5240 1697 5285 rtt
1711 5232 1838 5289 reddatur
1852 5233 1969 5290 debitum
1984 5236 2089 5308 dignis:
2105 5239 2162 5310 ipse
2173 5252 2263 5297 autem

1469 5318 1532 5376 lucit
1542 5332 1567 5375 ιιι
1581 5321 1696 5378 balreartt
1706 5339 1881 5395 qttmcrtmqrre
1895 5327 2047 5382 redditurus
2057 5339 2096 5384 est
2108 5330 2205 5401 dignit,
2218 5338 2264 5404 rpri

1468 5428 1499 5471 ea
1512 5430 1571 5482 qum
1587 5432 1638 5468 rrrttr
1656 5414 1788 5470 habebant
1802 5415 1909 5471 donavit
1925 5417 2049 5488 indignis.

1504 5507 1549 5562 et.
1566 5505 1620 5560 lloe
1632 5506 1699 5562 torte
1712 5506 1801 5562 dicet:
1816 5508 1873 5577 Ego
1886 5523 1938 5563 nott
1958 5527 1991 5566 ex
2011 5511 2148 5579 operibus,
2163 5511 2213 5570 ssd
2232 5532 2264 5570 rs

1469 5596 1521 5650 lide
1533 5597 1587 5650 titi
1601 5598 1759 5667 Apostolum
1770 5599 1878 5670 dignuin
1891 5600 1982 5664 luisse.
1994 5603 2037 5659 cui
2051 5612 2130 5658 tantre
2143 5604 2267 5674 illapra-

1470 5694 1514 5743 tiro
1524 5686 1705 5753 donarentur;
1720 5703 1773 5745 nott
1785 5690 1857 5747 enim
1870 5686 2037 5764 operamne
2052 5694 2120 5748 bona
2134 5705 2197 5749 ante
2212 5712 2267 5750 turn

1469 5778 1571 5839 ltalrnit,
1584 5778 1734 5841 sedeanterr
1750 5779 1816 5835 ltdes
1825 5780 1883 5849 ejus
1895 5783 1945 5838 lrue
1965 5784 2071 5840 uterrtit.
2085 5785 2153 5851 Quid
2170 5787 2263 5844 euim:

1471 5880 1593 5939 putamus
1605 5869 1676 5939 quod
1690 5868 1757 5925 tides
1767 5885 1820 5924 nott
1832 5873 1980 5941 operetur?
1995 5873 2052 5928 ltuo
2066 5873 2122 5944 ipsa
2133 5877 2264 5932 veraciter

1469 5966 1603 6027 operatur,
1618 5972 1677 6028 qttce
1692 5959 1922 6029 perdilectionem
1936 5972 2062 6032 operatur
2078 5961 2214 6033 (Celeus,
2227 5967 2267 6020 tit.

1502 6112 1509 6145 ¹
1522 6118 1600 6172 truite,
1611 6110 1754 6176 prationem.

1500 6174 1511 6206 ¹
1530 6182 1544 6220 t
1555 6174 1682 6236 musnet,
1693 6174 1811 6228 broerttrm
1819 6185 1863 6230 ert.

1501 6188 1592 6304 ’inditi
1604 6245 1736 6299 suspectus.
1751 6248 1824 6295 [tene.
1841 6244 1959 6299 sidrudem
1981 6254 2054 6303 sttptra
2070 6242 2209 6304 tegeretis.
2221 6256 2270 6295 vm

1470 6303 1543 6360 poliret
1555 6312 1562 6347 :
1573 6296 1676 6368 alimprin
1691 6302 1830 6367 legentum,
1841 6301 1968 6367 sipiritum·
1977 6305 2093 6366 rntjnata
2104 6303 2270 6366 nimiruum

1471 6361 1686 6422 ru.,·er.<trciosi.·,
1963 6365 1969 6376 ·
2087 6369 2090 6372 ’
