5592 7350
641 926 693 981 tus
914 937 917 942 ·
950 919 1083 978 costus
1104 919 1193 977 outs
1212 919 1397 975 uetstotts
1417 918 1694 986 eccisuuonutt.
1715 919 1745 977 s.
1766 918 1949 977 tuousrtut
2103 902 2111 913 ‘
2215 921 2269 977 ιιι

636 1032 1431 1110 (notrum,bl;etttttlieantsanctusinhaesimnunbabuis·
1483 1043 1522 1090 tes
1544 1036 1618 1091 lestis
1641 1036 1691 1091 iste
1713 1036 1866 1107 ιοιιιιιιιίιι
1883 1053 2002 1106 cunam,
2016 1052 2067 1108 qua
2089 1036 2181 1093 dicuot
2201 1038 2271 1094 nihil

640 1137 826 1199 sepeocatum,
837 1139 868 1180 ae
876 1126 915 1181 sic
923 1134 1065 1180 evacuetur
1075 1124 1159 1179 oratio
1168 1125 1263 1194 ¹quam
1271 1125 1370 1181 sanctis
1381 1134 1430 1180 tra·
1481 1123 1605 1180 vitiorum
1617 1140 1650 1181 es
1663 1124 1747 1180 helam
1761 1124 1866 1181 trahere
1878 1139 1963 1197 penus
1977 1125 2134 1193 humanum,
2148 1128 2219 1199 quod
2233 1131 2270 1185 sit

640 1218 757 1288 ututtout
769 1231 820 1272 non
840 1215 954 1271 hahebat
970 1225 1117 1286 peccatum,
1135 1223 1162 1269 et
1182 1229 1318 1285 perquem
1331 1214 1430 1270 sanctis
1481 1214 1625 1271 cenandum
1638 1215 1839 1287 sanandumque
1853 1232 1900 1287 per
1911 1216 2065 1283 Christum
2080 1217 2202 1283 alteram,
2217 1237 2269 1289 qua

639 1307 778 1364 omntibm
786 1305 925 1361 dimittitur
935 1312 1167 1374 omnepeecatum.
1177 1302 1218 1358 sd
1230 1303 1287 1358 brec
1298 1303 1348 1358 tria
1361 1302 1430 1358 mala
1481 1303 1573 1360 dicunt
1584 1304 1684 1359 nullum
1699 1311 1759 1374 post
1770 1304 1934 1373 baptismum
1947 1305 2162 1362 sanctoshabere
2176 1322 2272 1377 pecca·

641 1397 763 1453 homines
773 1394 893 1451 incautos
903 1403 929 1449 et
938 1393 1085 1449 ineruditos
1098 1393 1214 1462 quinque
1226 1391 1330 1448 illorum
1344 1391 1431 1447 bono·
1481 1398 1549 1447 ιιιιιι.
1563 1392 1677 1449 Rursum
1691 1393 1716 1447 iu
1731 1393 1825 1449 eadem
1843 1394 1955 1465 epistola
1967 1410 1975 1451 ι
1989 1416 1999 1450 ι
2014 1396 2117 1463 Ponat,
2138 1416 2149 1451 ι
2166 1398 2270 1469 iuquit,

641 1502 701 1543 rum
715 1484 880 1541 irauduleuta
895 1484 972 1539 laude
984 1482 1123 1539 seducunt.
1139 1483 1176 1538 he
1191 1483 1286 1553 quibus
1305 1482 1432 1539 omnibus
1484 1482 1689 1553 «unusquisque
1708 1491 1772 1538 ante
1788 1482 1880 1537 oeulos
1900 1498 1963 1539 suus
1986 1484 2122 1541 diabolum
2136 1501 2197 1542 cum
2213 1490 2270 1545 suis

640 1578 705 1633 satis
719 1592 762 1633 me
774 1575 896 1631 existimo
908 1574 1077 1645 respondisse
1089 1588 1180 1628 eorum
1194 1572 1383 1629 crudelissima
1404 1581 1431 1629 et
1481 1571 1575 1637 serris,
1587 1570 1613 1626 id
1627 1580 1669 1626 est
1679 1586 1739 1627 cum
1761 1571 1859 1640 populo
1881 1573 2038 1642 perditionis
2061 1579 2226 1643 aemonis,
2243 1577 2268 1631 in

641 1669 804 1739 impiissimae
818 1674 845 1722 et
858 1649 1185 1737 stuperbissims'mnuott.
1482 1662 1598 1716 medium
1612 1662 1744 1733 prosilire,
1760 1665 1863 1733 plebem
1876 1666 1886 1696 ¹
1901 1665 1998 1721 Christi
2011 1678 2144 1735 presente
2156 1683 2187 1725 ac
2198 1668 2270 1739 jndi-

677 1757 790 1815 cheul
813 1756 880 1812 lllll.
896 1756 989 1811 -ιο,
1006 1755 1159 1810 testimonio
1180 1764 1288 1809 actuum
1311 1755 1431 1809 ιιιιιιειιιιι
1482 1760 1560 1806 caute
1574 1751 1632 1822 ipso
1646 1755 1852 1823 comparationis
1865 1757 1988 1811 examine
2010 1771 2158 1826 prouocare
2176 1760 2267 1815 dicen·

643 1848 863 1923 Puteolanossed
874 1848 997 1919 ottoniam
1008 1847 1107 1913 dicunt,
1123 1865 1133 1899 t
1148 1845 1271 1901 iuimicus
1284 1860 1348 1900 suos
1359 1845 1430 1901 dicta
1483 1849 1551 1904 tem,
1567 1840 1623 1911 Ego
1642 1857 1691 1911 pro
1710 1843 1768 1898 istis
1781 1858 1849 1915 quos
1869 1859 1973 1901 mecum
1995 1847 2087 1912 rides,
2110 1864 2160 1905 uec
2182 1850 2270 1921 alapas

643 1951 734 1996 nostra
746 1940 772 1994 in
787 1937 904 1993 imitatis
918 1936 1006 1993 odium
1019 1936 1185 2007 suscepisse,
1206 1945 1233 1990 et
1250 1943 1305 1991 totu
1326 1935 1431 2005 penitus
1482 1929 1581 2001 accepi,
1596 1945 1646 1985 nce
1660 1930 1762 2002 bugella
1776 1934 1901 2001 sustinui,
1917 1949 1967 1990 nce
1979 1950 2085 1991 crucem
2099 1940 2206 2007 pertuli,
2220 1955 2269 1996 uec

642 2028 787 2086 Occidente
801 2044 854 2084 nou
868 2006 955 2082 minus
969 2026 1077 2081 stultum
1097 2040 1178 2096 quam
1201 2027 1311 2096 impium
1334 2026 1431 2097 dogma
1482 2020 1638 2090 sattguinem
1652 2019 1724 2089 ludi,
1738 2036 1788 2077 nec
1801 2020 1928 2078 lumiliam
1941 2039 2028 2079 meam
2042 2026 2128 2095 pretio
2140 2029 2270 2098 passionis
2292 2068 2294 2070 >

642 2131 703 2173 esse
716 2126 878 2186 susceptum,
889 2124 918 2172 et
930 2114 1094 2187 simplicibus
1106 2116 1238 2186 episcopis
1251 2115 1309 2171 sinc
1321 2130 1432 2186 congre·

640 2205 748 2277 petione
761 2204 854 2277 synodi
869 2204 898 2262 in
910 2204 976 2259 lucis
989 2203 1045 2259 suis
1059 2203 1210 2260 sedentibus
1220 2203 1315 2260 adhoc
1328 2203 1431 2260 conlir·

642 2296 768 2353 mandum
785 2295 1006 2364 subscriptionem
1017 2302 1164 2366 queruntur
1180 2303 1326 2361 extortam;
1344 2314 1354 2348 ι
1370 2311 1431 2351 cunr

644 2388 731 2457 ptuius
744 2402 835 2441 eorum
846 2384 1075 2470 prolauasnrocum
1088 2385 1216 2440 novitates
1229 2384 1249 2455 (l
1259 2384 1326 2440 Tim.
1339 2384 1430 2458 ereo)

644 2474 762 2531 Ecclesia
774 2472 871 2529 Christi
881 2481 907 2529 et
919 2472 1089 2528 occidentalis
1098 2482 1125 2528 et
1134 2473 1270 2528 orientalis
1282 2472 1429 2529 horruerit:

643 2565 677 2620 sd
689 2581 778 2621 citrum
788 2574 904 2621 nostram
912 2563 1036 2620 existimo
1050 2563 1190 2633 pertinere,
1203 2578 1255 2619 non
1266 2564 1350 2620 solum
1361 2564 1432 2621 Scri·

598 2671 604 2679 ·
645 2651 736 2727 pttffas
746 2656 997 2712 smetaseanonicas
1007 2654 1134 2710 adversus
1145 2668 1192 2710 eos
1202 2664 1283 2711 testes
1293 2654 1429 2722 adbibere,

643 2747 715 2818 quoti
734 2747 788 2818 jam
803 2746 867 2803 satis
885 2744 1013 2812 lecimus;
1028 2759 1118 2800 uerum
1135 2744 1216 2799 etium
1230 2744 1265 2801 de
1278 2752 1431 2800 sauctorum

644 2838 756 2904 litteris,
770 2837 813 2908 qui
826 2851 872 2893 cas
884 2844 946 2892 aute
959 2851 1008 2891 nos
1021 2835 1089 2889 lama
1102 2835 1274 2890 celeberrima
1290 2844 1317 2890 et
1332 2836 1431 2906 ingenti

643 2931 726 3003 gloria
739 2936 933 2991 tractaverunt,
947 2927 1034 2997 aliqua
1049 2925 1208 2981 documenta
1222 2926 1360 2995 prolerre:
1376 2942 1430 2983 uon

644 3034 698 3091 quo
711 3018 845 3075 canonicis
858 3016 944 3071 Libris
955 3031 970 3069 a
985 3015 1061 3069 nubis
1071 3015 1150 3071 ullius
1163 3015 1333 3085 disputatoris
1343 3032 1432 3087 mtpttc·

645 3120 689 3166 tur
700 3109 844 3164 auctoritas
855 3149 862 3171 ,
875 3116 999 3176 tauquam
1015 3108 1125 3161 omuino
1137 3121 1189 3161 nott
1204 3107 1239 3161 sit
1251 3108 1321 3177 quod
1337 3110 1432 3164 rtaelius

644 3215 692 3256 seu
704 3199 792 3255 scrius
804 3198 838 3254 ab
850 3196 940 3267 aliquo
953 3195 1098 3262 catholico,
1120 3212 1199 3267 quam
1215 3197 1248 3252 ab
1268 3198 1320 3252 alio
1342 3198 1431 3254 itidem

644 3289 776 3346 catltolico
789 3288 936 3354 sentiatur;
949 3286 998 3343 setl
1018 3295 1047 3341 ut
1059 3286 1263 3351 admoneantur,
1278 3289 1323 3359 qni
1341 3298 1433 3358 putant

644 3381 710 3437 istos
723 3378 821 3450 aliquid
833 3376 931 3444 dicere,
945 3376 1168 3447 queritadmodum
1183 3376 1217 3434 de
1229 3378 1270 3432 bis
1281 3380 1360 3434 rebus
1370 3387 1431 3435 ante

644 3484 713 3525 nora
734 3470 845 3524 istorum
859 3467 1025 3538 vaniloquia,
1040 3465 1162 3522 ettholici
1183 3468 1315 3525 antistites
1329 3470 1433 3541 elttquis

644 3562 732 3617 diuina
747 3561 831 3615 secuti
847 3560 915 3625 sint;
931 3568 959 3614 et
971 3561 1057 3615 seiaut
1074 3575 1088 3613 a
1104 3559 1179 3616 nobis
1195 3570 1295 3615 rcetam
1314 3572 1342 3617 et
1360 3565 1433 3618 attti·

644 3653 734 3724 quitus
748 3639 882 3706 laudatam
895 3648 1050 3705 catholicam
1065 3648 1142 3704 lltlem
1160 3650 1289 3706 aduersus
1302 3652 1431 3709 receden-

645 3751 699 3796 tem
714 3739 914 3809 Pelagianorum
928 3737 1112 3793 hereticorum
1129 3738 1360 3808 presumptionem
1371 3756 1433 3812 per·

647 3830 797 3898 uiciumque
808 3813 928 3884 delendi.

680 3921 726 3976 st.
741 3918 943 3983 beatissimum,
958 3930 1057 3974 corona
1071 3918 1150 3973 etiam
1164 3920 1281 3992 martyrii
1297 3922 1433 3991 gloriosis·

644 4009 923 4082 simumCyprianttm,
932 4023 982 4065 use
995 4009 1126 4065 Africanis
1136 4018 1215 4081 atque
1225 4011 1435 4072 occidentalibus

647 4113 758 4170 tantum,
773 4117 864 4159 terum
877 4111 904 4158 et
916 4101 1091 4157 orientalibus
1101 4102 1236 4169 Ecclesiis,
1250 4103 1320 4159 lama
1336 4105 1434 4175 praedi·

646 4204 724 4252 caute
737 4204 765 4251 et
777 4195 875 4266 scripta
888 4193 946 4264 ejus
961 4192 1038 4264 longe
1052 4194 1156 4264 lateque
1171 4193 1334 4252 dillundente
1347 4198 1434 4254 nutis·

647 4287 753 4354 simum,
765 4286 844 4342 etiam
855 4285 911 4356 ipse
922 4284 1111 4341 ltaeresiarcbes
1121 4285 1231 4340 istorum
1242 4286 1364 4358 Pelagius
1373 4302 1435 4344 eum

647 4379 738 4435 debito
747 4385 821 4434 certe
834 4377 937 4433 honore
947 4383 1149 4443 commemorat,
1163 4377 1207 4431 ubi
1220 4377 1432 4435 testimoniorum

649 4468 747 4533 librum
762 4467 900 4532 scribens,
915 4481 977 4522 eum
995 4479 1025 4521 se
1043 4467 1138 4520 asserit
1152 4465 1264 4532 imitari,
1283 4485 1293 4518 ι
1311 4469 1361 4524 hoc
1374 4484 1404 4524 se
1422 4488 1432 4522 ι

648 4559 739 4614 tliccns
754 4576 764 4610 t
780 4557 868 4612 lacere
881 4555 915 4610 ad
934 4555 1100 4618 Romanum,
1123 4555 1192 4624 quud
1215 4555 1260 4611 ille
1282 4556 1379 4613 lecerat
1401 4558 1435 4614 atl

648 4647 796 4716 Quirinum.
812 4665 821 4699 ι
835 4643 977 4701 Videamus
985 4657 1049 4714 ergo
1062 4642 1123 4714 quid
1133 4643 1168 4699 de
1178 4644 1297 4714 originali
1313 4656 1433 4717 peccatu,

648 4736 717 4806 qitod
735 4750 873 4805 perunum
887 4734 1022 4790 bominem
1038 4733 1146 4789 intrarit
1160 4735 1185 4788 itt
1201 4735 1330 4791 utttutlum
1343 4735 1432 4808 (ιιοιιι.

649 4842 676 4890 ι,
692 4826 754 4894 lo),
775 4825 889 4881 senserit
901 4823 1059 4896 Cyprianus.
1078 4822 1107 4881 ln
1126 4824 1238 4894 epistola
1257 4826 1291 4883 de
1303 4826 1389 4898 Opere
1408 4837 1436 4884 ct

650 4913 833 4987 lilecmusynis
846 4914 881 4968 ita
896 4914 1029 4983 loquitur:
1045 4931 1055 4965 t
1069 4911 1135 4968 Cum
1150 4913 1277 4970 Dominus
1290 4915 1436 4972 adueniens

650 5015 770 5060 satiasset
785 5005 828 5061 illa
842 5020 899 5075 qum
912 5003 996 5060 Adam
1009 5012 1159 5073 portaverat
1171 5006 1325 5073 valuernut
1334 5023 1436 5066 teucria

651 5095 783 5163 serpentis
792 5095 917 5165 antiqua·
927 5101 1057 5160 curasset,
1068 5093 1153 5164 legent
1164 5094 1235 5150 dedit
1244 5111 1320 5163 sotto,
1329 5108 1355 5154 ot
1366 5115 1436 5168 prm·

632 5184 722 5254 ‘cupiit
736 5199 770 5240 ue
784 5184 854 5239 ultra
864 5183 919 5253 jam
933 5191 1064 5254 peccaret,
1078 5183 1185 5253 nequid
1198 5188 1318 5257 peccanti
1329 5189 1437 5258 pravius

652 5277 791 5333 eueniret»
807 5273 895 5347 (doun.
907 5290 933 5340 r,
947 5273 1001 5343 lt).
1017 5291 1027 5325 ι
1039 5273 1169 5330 Coarctati
1180 5291 1296 5345 eramus,
1309 5290 1336 5335 et
1348 5280 1373 5335 in
1387 5297 1437 5335 att·

652 5379 757 5439 piretum
770 5366 928 5422 introeuntis
936 5363 1136 5435 prascriptione
1144 5368 1259 5422 conclusi
1273 5386 1279 5424 :
1291 5386 1341 5425 nec
1355 5372 1437 5427 habe-

652 5454 1067 5527 rot⁸t1uitlirapilitutishumauae
1081 5455 1219 5511 iufirmitas
1228 5467 1306 5526 atque
1316 5460 1435 5517 imbecil-

654 5553 712 5606 :ius
727 5551 841 5614 laceret,
863 5548 913 5602 nisi
929 5548 1024 5602 iterum
1037 5547 1122 5618 pietas
1142 5547 1230 5604 dii-tna
1255 5550 1435 5619 subveniens,

651 5640 758 5712 justitior
782 5648 811 5694 et
833 5635 1023 5693 misericordiae
1051 5636 1176 5706 operibus
1202 5640 1337 5706 ostensis,
1365 5643 1435 5699 viam

652 5729 791 5800 pustulam
806 5727 910 5784 tuendo
923 5725 1015 5782 salutis
1026 5726 1159 5796 aperiret;
1173 5735 1202 5781 ιιι
1211 5729 1304 5785 sordes
1317 5741 1437 5801 postmo-

652 5820 713 5876 ιιιιιιι
728 5833 907 5890 quoscumque
916 5816 1106 5884 contrahimus,
1114 5817 1290 5889 eleotnusyuis
1298 5821 1437 5882 abluamus

652 5909 728 5978 line.
744 5925 792 5974 ιι,
815 5907 873 5978 ιι).
894 5906 951 5964 lloe
963 5907 1114 5964 testimonio
1130 5905 1196 5963 duas
1210 5907 1320 5965 istorum
1334 5909 1438 5968 lalsita·

685 6085 691 6115 ¹
710 6081 789 6132 urhe
806 6088 870 6140 uss..
880 6037 1107 6131 mommoreto
1122 6077 1206 6130 oratio

683 6145 693 6176 ¹
709 6144 746 6192 sic
762 6153 812 6191 tm.
832 6148 869 6190 ter.
882 6148 909 6190 et
919 6148 971 6189 etse.
982 6139 1093 6191 sititensi
1112 6152 1142 6191 ae
1160 6140 1274 6192 tuumne
1293 6148 1321 6195 ll
1341 6149 1396 6193 los.
1410 6151 1436 6198 el

649 6198 1056 6328 ⁰⁰f⁸tffibfflffii.,wb
1069 6260 1360 6326 mussantibus.

1482 2119 1510 2168 et
1523 2111 1625 2167 cruoris
1637 2110 1752 2177 redemi;
1768 2113 1816 2168 sed
1833 2128 1883 2169 nee
1895 2128 2005 2184 regnum
2024 2114 2062 2169 illl
2076 2116 2187 2173 eoeleste
2208 2134 2269 2189 pro·

1482 2203 1570 2271 mitto,
1580 2203 1668 2260 necati
1678 2204 1828 2275 paradisum
1837 2203 1961 2260 restituta
1974 2204 2173 2264 immortalitate
2183 2208 2269 2266 denuo

1482 2308 1589 2349 revoco.
1601 2313 1611 2348 ι
1622 2294 1810 2365 Respondeant
1822 2294 1969 2366 Pelagiani,
1983 2296 2089 2367 quando
2102 2298 2232 2355 luerimus
2244 2302 2268 2357 in

1483 2383 1680 2440 immortalitate
1703 2384 1835 2454 paradisi,
1855 2393 1883 2439 et
1905 2385 2042 2456 quomodo
2062 2386 2123 2443 inde
2144 2387 2269 2446 fuerimus

1482 2473 1603 2542 expulsi,
1617 2483 1646 2528 ut
1659 2488 1692 2530 eo
1709 2472 1807 2529 Christi
1821 2475 1906 2545 pratia
1920 2490 2085 2532 revocemur.
2099 2478 2134 2533 Et
2151 2494 2213 2535 cum
2228 2483 2266 2536 iu·

1483 2561 1975 2634 tenireuequireriutquitlbieprosua
1984 2569 2269 2641 perversitaterespon·

1482 2647 1577 2717 deant,
1590 2650 1726 2706 attendant
1743 2650 1965 2722 quemadmodum
1979 2654 2141 2714 intellexerit
2158 2660 2267 2731 Cypria·

1482 2751 1532 2794 uus
1553 2739 1624 2810 quod
1642 2741 1677 2795 ait
1696 2741 1856 2811 Apostolus,
1878 2740 1913 2796 ln
1934 2760 1982 2816 quo
2003 2761 2094 2801 onmes·
2109 2763 2269 2820 peccuoemut

1485 2827 1572 2899 (Rom.
1582 2845 1611 2895 u,
1620 2830 1664 2900 ιι)
1677 2848 1686 2885 t
1697 2840 1723 2885 ct
1735 2831 1868 2901 Pelagium
1878 2833 1994 2890 heretici
2007 2838 2067 2893 nori
2076 2838 2110 2894 tlc
2118 2840 2269 2898 llanicltaeis

1482 2917 1616 2973 retcubus
1630 2918 1761 2974 haereticis
1781 2920 1846 2975 nulli
1869 2922 2000 2980 catholico
2021 2926 2138 2985 audeaut
2155 2931 2269 3003 irrogare

1482 3007 1651 3076 calumniam,
1664 3023 1698 3064 ne
1712 3018 1764 3064 tam
1779 3011 1934 3067 sceleratam
1946 3014 2025 3070 etiam
2038 3020 2150 3091 martyri
2163 3023 2268 3093 antiquo

1483 3096 1614 3169 Cypriane
1627 3098 1714 3155 lacere
1723 3101 1913 3157 contineantur
1927 3103 2060 3173 injuriam.

1517 3187 1561 3241 22.
1578 3187 1634 3244 lluc
1652 3190 1763 3245 enimet
1783 3190 1810 3246 in
1823 3192 1950 3262 epistola,
1973 3195 2048 3266 cujus
2062 3196 2096 3254 de
2115 3198 2269 3258 llortalitate

1484 3280 1574 3336 titulus
1589 3280 1749 3350 inscribitur,
1771 3283 1805 3338 ita
1824 3283 1887 3339 dicit
1900 3301 1907 3338 ε
1922 3302 1932 3337 ι
1946 3285 2068 3357 uagitum
2088 3289 2154 3358 Dei,
2177 3291 2268 3349 iratres

1483 3370 1663 3439 dilectissimi,
1678 3389 1738 3429 esse
1751 3375 1832 3445 coepit
1845 3376 1872 3431 in
1886 3377 2022 3446 proximo,
2042 3382 2179 3449 premium
2194 3387 2267 3453 tite,

1483 3461 1643 3531 etgaudium
1656 3463 1749 3517 salutis
1758 3471 1875 3530 murus,
1887 3472 1915 3520 et
1924 3476 2050 3537 perpetua
2059 3468 2161 3538 laetitia,
2174 3484 2200 3528 et
2210 3489 2269 3546 pos·

1484 3549 1568 3603 sessio
1583 3549 1695 3618 paradisi
1711 3554 1918 3623 nuperamissa,
1934 3556 2032 3611 mundo
2046 3563 2267 3633 transeunteJan

1486 3640 1603 3697 ueniunt.
1619 3641 1697 3699 illoc
1716 3657 1808 3700 rursus
1829 3645 1855 3701 in
1874 3646 1987 3704 eadem:
2004 3665 2014 3702 t
2032 3650 2239 3723 Amplectamur,
2256 3676 2266 3709 ι

1486 3729 1581 3799 iuquit.
1594 3747 1604 3781 t
1618 3730 1688 3787 diem
1703 3731 1746 3802 qul
1757 3733 1873 3804 assignat
1882 3735 2000 3808 singulos
2010 3738 2146 3797 domicilio
2156 3757 2214 3810 suo,
2225 3746 2267 3816 qui

1485 3832 1535 3873 uos
1548 3818 1644 3875 isthinc
1663 3828 1770 3891 ereptos
1788 3831 1814 3878 et
1836 3823 1937 3894 laqueis
1949 3828 2120 3884 saecularibus
2139 3833 2269 3890 exsolutos

1485 3908 1606 3979 paradiso
1620 3909 1739 3966 restituat
1750 3919 1777 3966 et
1790 3926 1882 3983 regno.
1899 3932 1909 3966 ι
1926 3913 1990 3971 ltcm
2005 3917 2031 3971 in
2044 3918 2157 3988 epistola
2170 3921 2204 3976 de
2215 3921 2267 3977 Pa·

1486 3999 1575 4055 tientia
1588 4016 1595 4053 :
1609 4017 1619 4051 t
1636 3999 1683 4055 [lei
1695 4002 1825 4057 sententia
1838 4003 1978 4073 cogitetur,
1994 4025 2004 4059 ι
2018 4007 2113 4078 inquil,
2127 4028 2137 4062 t
2153 4025 2231 4081 uuam
2244 4012 2268 4066 iu

1485 4087 1586 4157 urigine
1599 4089 1687 4143 statim
1700 4089 1791 4145 mundi
1800 4098 1828 4147 et
1837 4093 1942 4162 generis
1954 4093 2059 4151 humani
2072 4097 2156 4154 tltlam
2171 4115 2270 4169 prace-

1485 4179 1522 4248 pti
1537 4181 1675 4235 immemor
1687 4188 1715 4236 et
1724 4180 1793 4236 datar
1805 4182 1870 4254 legis
1879 4193 2058 4256 transgressor
2070 4194 2174 4259 accepit
2187 4208 2194 4244 ι
2208 4201 2269 4247 tunc

1485 4270 1599 4323 sciemus
1607 4284 1684 4339 quam
1698 4270 1827 4339 patientes
1836 4287 1895 4328 esse
1907 4274 1933 4327 in
1944 4274 1995 4329 istu
2005 4275 2103 4332 seculo
2113 4277 2268 4345 debeamus,

1486 4359 1529 4430 qui
1543 4359 1582 4414 sic
1597 4361 1739 4427 nascimur,
1752 4369 1781 4416 ut
1791 4364 1920 4433 pressuris
1934 4364 2011 4421 istltic
2024 4375 2051 4422 et
2065 4370 2269 4426 conflictationi·

1486 4448 1535 4503 bus
1556 4447 1715 4505 laboremus.
1738 4451 1803 4518 Quia
1823 4453 1926 4521 orruisti,
1941 4455 2034 4525 inquit,
2057 4473 2141 4512 uocem
2161 4461 2271 4516 mulieris

1486 4547 1545 4605 tute,
1557 4548 1580 4593 el
1594 4542 1750 4593 utuuducttsti
1763 4557 1795 4595 ee
1806 4542 1850 4596 illu
1863 4543 1960 4608 arbore,
1974 4545 2063 4616 dequo
2075 4548 2131 4601 sola
2144 4566 2269 4621 precepe-

1485 4643 1541 4680 runt
1554 4627 1597 4681 tibi
1611 4644 1642 4682 ue
1654 4628 1830 4698 ututtdueeres,
1844 4633 1976 4687 maledieto
1986 4642 2052 4688 terro
2062 4638 2108 4690 erit
2119 4638 2145 4690 iu
2155 4640 2268 4693 cornibus

1487 4716 1600 4786 operibus
1614 4718 1673 4771 tttr's.
1689 4715 1722 4772 ln
1735 4719 1835 4774 tristitie
1850 4730 1875 4775 el
1894 4723 1986 4793 pruritu
2003 4725 2060 4778 edes
2072 4741 2103 4780 es
2117 4743 2146 4780 eu
2158 4729 2272 4782 autoribus

1487 4806 1640 4862 diebusvitae
1652 4816 1722 4861 tttoe:
1735 4809 1821 4876 spinos
1841 4819 1863 4863 et
1884 4812 1987 4867 tribulus
2007 4815 2089 4884 ejiciet
2103 4815 2147 4869 titi
2154 4834 2165 4883 ,·
2179 4827 2202 4870 et
2216 4820 2273 4874 etit-s

1487 4895 1606 4964 pabulum
1617 4899 1682 4967 apri.
1698 4898 1730 4952 lu
1748 4899 1839 4954 sttdure
1856 4901 1938 4955 sintin
1953 4904 1989 4954 tui
2006 4904 2064 4959 eries
2082 4923 2172 4975 punem
2193 4917 2272 4974 trem,

1486 4986 1565 5039 dortee
1585 4989 1715 5067 reuerteris
1732 4989 1758 5043 in
1780 4999 1871 5044 taurum
1889 4992 1921 5044 tle
1941 5010 1990 5062 qua
2010 5006 2124 5065 sumptus
2144 5015 2171 5052 es
2187 5014 2269 5068 :quo-

1487 5076 1555 5130 stiam
1568 5087 1635 5132 terro
1646 5096 1682 5147 es,
1695 5089 1719 5134 el
1732 5081 1758 5134 iu
1772 5091 1862 5136 tarum
1873 5083 1919 5137 ibis
1932 5083 2007 5154 (Geu.
2021 5101 2060 5149 ut,
2072 5089 2178 5159 17-19).
2191 5090 2276 5160 liujus

1487 5168 1626 5224 sententiar
1635 5170 1740 5225 uinculo
1751 5172 1865 5242 colligati
1878 5188 1971 5228 omnes
1983 5184 2009 5230 et
2019 5177 2156 5231 constricti
2168 5194 2272 5246 sumus,

1487 5256 1572 5313 donee
1584 5269 1670 5314 morte
1683 5272 1812 5329 expuncta
1834 5262 1867 5317 tle
1890 5263 1941 5317 isto
1957 5267 2056 5320 saeculo
2076 5267 2246 5325 recedamus.
2262 5289 2273 5324 ι

1489 5348 1605 5419 itemque
1616 5349 1641 5404 in
1653 5349 1745 5406 cadem
1759 5368 1765 5404 ε
1782 5350 1860 5405 allum
1872 5368 1930 5407 rum
1943 5355 1968 5407 in
1980 5355 2051 5419 illa,s
2066 5357 2160 5426 inquit,
2176 5361 2278 5430 aprima

1489 5441 1696 5511 transgressione
1707 5442 1830 5510 precepti
1841 5442 1951 5498 ltrmitas
1962 5447 2151 5514 corporiscum
2165 5450 2278 5504 immor·

1488 5528 1589 5583 talitate
1603 5529 1771 5595 discesserit,
1787 5540 1887 5586 etcum
1901 5543 1989 5590 morte
2002 5534 2143 5591 iufirmitas
2156 5540 2277 5605 uenerit,

1488 5633 1536 5672 nec
1548 5619 1630 5687 possit
1640 5617 1751 5673 tirmitas
1761 5621 1853 5690 recipi,
1869 5621 1920 5676 ttisi
1932 5636 1992 5676 cunr
2006 5596 2151 5692 recepts⁴et
2167 5625 2279 5682 immor·

1489 5711 1576 5766 talitas
1590 5710 1686 5776 luerit;
1697 5721 1803 5782 oportet
1816 5713 1842 5767 iu
1853 5713 1903 5770 hac
1917 5712 2059 5786 impilitatc
2071 5725 2153 5786 atqua
2163 5718 2280 5773 iufirmi-

1488 5811 1542 5858 tate
1554 5804 1674 5872 corporis
1688 5802 1780 5857 luctari
1792 5819 1898 5874 semper
1906 5812 1934 5860 et
1943 5805 2079 5876 congruli.
2089 5805 2156 5876 Quae
2168 5808 2279 5863 luctatio

1488 5903 1515 5947 ot
1526 5892 1682 5963 tottgressio
1694 5908 1746 5947 non
1760 5893 1809 5947 nisi
1825 5894 1956 5963 patientie
1976 5903 2065 5966 potest
2080 5895 2182 5952 viribus
2195 5899 2279 5953 susti·
2313 5963 2317 5968 ,

1489 5999 1557 6039 nen.
1572 6002 1583 6037 ι

1523 6073 1570 6130 ιι.
1586 6074 1614 6128 lu
1628 6074 1740 6145 epistola
1754 6085 1841 6130 autem
1856 6091 1934 6146 qoam
1956 6078 2063 6149 scripsit
2075 6078 2108 6135 ati
2121 6080 2278 6152 episcopum

1428 6249 1430 6252 .
1522 6209 1530 6240 ¹
1547 6205 1658 6256 ‹ailimni
1674 6215 1737 6261 uss..
1750 6207 1903 6272 oppopoort't.

1522 6270 1622 6319 ¹titltuu
1636 6275 1701 6332 lass,
1714 6267 1792 6334 plebe.
1855 6325 1859 6332 ,
