5592 7350
569 939 622 996 stt

573 1059 644 1118 mut,
661 1050 711 1122 qui
731 1050 802 1107 liene
816 1050 900 1106 libr-ro
921 1056 1026 1104 utentes
1045 1049 1155 1104 arbitrio
1171 1059 1308 1106 morentur
1322 1050 1373 1106 Do-

577 1145 637 1200 nisti
652 1144 792 1214 gratiam,
806 1143 902 1214 eteius
920 1143 1045 1198 mandata
1065 1141 1229 1197 custodiunt.
1247 1141 1373 1213 »Nempe

581 1235 748 1291 milesium
758 1243 811 1306 est,
822 1249 883 1289 curn
895 1233 986 1289 dicere
995 1234 1106 1305 gratiam
1117 1233 1262 1288 secuudum
1279 1234 1372 1288 merita

581 1327 641 1394 dari,
653 1328 804 1399 quamlibet
813 1343 881 1392 earn,
898 1328 940 1382 nol
955 1326 1128 1397 qualemlibet
1139 1327 1372 1397 signilicatsquam

581 1427 664 1473 tanen
685 1429 779 1489 aperte
797 1434 850 1474 nou
870 1420 1004 1488 exprimit.
1023 1417 1090 1473 llam
1109 1434 1169 1474 cnm
1183 1432 1229 1473 eos
1246 1433 1372 1476 rernnne·

582 1511 676 1566 nudos
687 1510 763 1578 dicit,
779 1511 824 1582 qui
836 1510 905 1566 bene
919 1520 1029 1564 utuntur
1042 1509 1126 1564 libero
1139 1509 1260 1577 arbitrio,
1272 1518 1299 1565 et
1311 1509 1371 1564 ideo

584 1605 677 1660 uereri
698 1604 804 1660 Domini
826 1604 939 1675 gratiam
951 1644 959 1671 ,
971 1602 1089 1658 debitum
1110 1602 1151 1658 eis
1167 1600 1242 1657 reddi
1262 1601 1369 1656 latetur.

584 1695 629 1757 ilbi
641 1709 682 1755 est
694 1714 759 1771 ergo
773 1699 838 1753 iliud
852 1697 990 1769 Apostoli,
1004 1694 1144 1765 iustificati
1163 1696 1243 1765 pratis
1258 1711 1303 1765 per
1312 1712 1371 1763 grn-

587 1792 639 1845 uu
658 1792 738 1864 spen
757 1771 908 1862 (noun,
924 1787 991 1860 sur
1005 1787 1055 1861 uui
1080 1794 1121 1843 esi
1142 1784 1371 1852 milladium

589 1883 643 1938 stu
662 1882 722 1951 sacti
739 1881 819 1937 estis?
833 1881 866 1935 Et
888 1895 923 1934 ne
938 1884 1060 1949 putarent
1074 1892 1121 1948 per
1135 1891 1234 1947 opera,
1250 1876 1369 1940 addidit,

593 1989 627 2042 pa
637 1972 721 2041 fidem
735 1971 839 2025 Rursus
852 1985 887 2025 ne
900 1971 984 2039 ipsam
998 1968 1077 2023 lrdem
1090 1969 1150 2023 sino
1166 1967 1211 2022 bei
1222 1967 1306 2037 gratia
1319 1966 1368 2020 sibi

595 2071 701 2134 putarent
715 2076 774 2117 esse
784 2059 968 2127 tribuendam,
981 2059 1014 2112 Et
1025 2058 1091 2123 lton,
1106 2058 1207 2127 iuquit,
1223 2073 1273 2110 non
1283 2073 1315 2111 ea
1325 2074 1369 2110 uo·

551 2219 553 2226 Ι
597 2152 684 2218 &sed
701 2151 750 2206 Drr'
763 2152 858 2206 donum
872 2159 908 2205 est
921 2149 1029 2221 (Epiust.
1044 2165 1075 2211 ιι,
1091 2147 1131 2217 8).
1146 2147 1248 2217 Nempe
1261 2162 1325 2217 ergo
1339 2146 1369 2201 il·

599 2244 631 2300 lud
642 2243 709 2299 unde
721 2243 814 2312 incipit
823 2256 903 2297 omne
915 2239 986 2311 quod
1000 2238 1096 2293 merito
1109 2238 1232 2306 accipere
1244 2236 1367 2300 dicimur,

551 2375 554 2412 2
599 2339 640 2392 siue
656 2335 748 2391 merito
766 2333 927 2404 accipimus,
945 2331 1040 2396 idest,
1053 2332 1139 2401 ipsam
1161 2329 1250 2384 isdem.
1270 2330 1324 2384 Ant
1346 2329 1367 2382 si

601 2428 769 2500 regaturdari3
784 2425 846 2496 quid
860 2423 984 2494 estquod
1001 2423 1165 2488 dictumest,
1182 2421 1255 2477 Sicut
1268 2422 1368 2474 urricus·-

603 2537 633 2590 μ
643 2519 703 2574 deur
716 2518 823 2587 partitur
835 2525 871 2570 est
890 2530 1033 2568 ntensarnrn
1042 2511 1103 2581 fidei
1116 2510 1203 2585 (dont.
1217 2526 1264 2577 xri,
1277 2510 1327 2581 opi
1341 2511 1368 2565 si

602 2623 668 2666 sitem
681 2611 719 2665 sic
731 2609 830 2665 dieitur
843 2606 900 2660 dari
912 2646 919 2669 ,
931 2613 961 2659 ut
977 2602 1102 2659 reddatur
1118 2601 1237 2665 meritis,
1252 2616 1305 2655 non
1320 2601 1368 2654 dn·

602 2715 677 2766 uctrrr;
690 2701 751 2772 qnid
764 2698 889 2767 estquod
905 2698 1000 2751 iterum
1015 2696 1089 2759 dicit,
1110 2693 1186 2748 Vobis
1199 2693 1320 2748 dortottnu
1333 2701 1368 2747 cst

602 2793 747 2861 podiolato,
760 2806 810 2843 ιιι
823 2788 905 2843 solnm
918 2796 946 2840 nt
958 2786 1065 2839 credatis
1078 2786 1104 2838 iu
1117 2800 1185 2850 eunt,
1197 2799 1282 2838 oerum
1293 2786 1368 2837 etium

602 2888 634 2938 n¹
643 2886 764 2955 potiamini
778 2899 824 2952 pro
837 2898 866 2936 co
882 2879 1011 2951 (Philipp.
1028 2894 1046 2944 t,
1059 2877 1124 2946 iiii?
1138 2877 1283 2944 [brutioque
1296 2876 1366 2930 euim

602 2979 704 3033 lentatum
718 2992 778 3031 esse
789 2983 899 3030 testatus
909 2983 961 3038 cst,
974 2981 1002 3027 ct
1013 2970 1084 3042 quod
1094 2970 1212 3025 creditin
1220 2968 1366 3037 Christum,

602 3069 690 3139 nquod
704 3069 803 3138 patitur
815 3066 929 3136 queisque
940 3062 1113 3133 precipitio.
1127 3061 1171 3115 isti
1182 3071 1269 3116 autent
1283 3060 1367 3114 libero

601 3159 690 3214 arbitrio
708 3159 745 3213 sic
764 3157 899 3228 applicant
922 3155 1016 3219 iidem,
1030 3164 1060 3208 ut
1074 3153 1136 3209 lidei
1156 3153 1281 3208 uidelicet
1292 3152 1366 3207 reddi

601 3248 707 3314 rideatur,
722 3263 773 3302 non
783 3246 915 3318 gratuita,
930 3244 977 3299 sed
989 3242 1078 3298 debita
1091 3242 1174 3313 gratia
1191 3260 1198 3297 :
1214 3257 1246 3297 ae
1257 3257 1305 3312 pcr
1317 3242 1367 3297 boc

597 3342 639 3411 ism
647 3356 691 3395 nec
702 3339 794 3410 gratia,
809 3339 870 3408 quia
882 3337 931 3392 nisi
945 3338 1070 3407 gratuita,
1085 3350 1138 3389 non
1150 3344 1190 3389 est
1200 3336 1295 3404 gratia.

625 3430 724 3486 titur
742 3428 851 3485 xxxii.
865 3459 902 3469 -
915 3429 960 3483 55.
971 3428 1023 3483 Sed
1038 3428 1072 3483 ab
1085 3427 1125 3481 bis
1136 3427 1231 3481 litteris
1244 3426 1366 3496 Pelagius

602 3518 688 3575 alidei
698 3535 752 3575 arrae
765 3519 862 3575 librum
878 3518 915 3591 (n)
932 3518 987 3573 ruit
1002 3520 1116 3573 transire
1129 3520 1275 3583 lectorem,
1290 3516 1367 3585 crrjtrs

602 3610 677 3664 nbis¹
689 3611 967 3666 commemorationem
979 3607 1041 3665 iecit
1054 3626 1060 3663 :
1073 3609 1100 3663 in
1114 3623 1167 3680 quo
1180 3623 1210 3663 ca
1224 3606 1367 3679 dequibus

602 3717 641 3755 nnn
651 3701 871 3774 interrogabatur,
886 3702 968 3756 multa
981 3700 1117 3756 disseruit.
1132 3700 1185 3756 Sed
1200 3714 1248 3754 nos
1263 3699 1296 3754 do
1308 3699 1368 3769 qni-

602 3792 637 3846 bts
650 3795 745 3864 agiruus
762 3809 823 3849 cum
838 3793 908 3858 illis,
919 3794 976 3863 ipsa
997 3793 1144 3848 rideamus.
1164 3790 1232 3848 Cum
1247 3792 1318 3846 enim
1332 3792 1367 3847 ab

602 3885 682 3938 nitate
699 3885 835 3941 Trinitatis
857 3883 992 3954 usquead
1013 3885 1236 3939 resurrectionem
1265 3883 1365 3949 carnis,

602 3976 654 4041 ipsud
664 3975 695 4030 ab
707 3976 751 4032 illo
766 3991 846 4032 tremo
855 3976 1007 4045 quaerebat,
1022 3975 1229 4046 disputationem
1240 3985 1365 4047 quautam

604 4063 667 4119 uiuit
678 4066 861 4121 terminasset:
880 4085 890 4118 ι
908 4066 941 4120 Ει
952 4064 1097 4137 baptisma,
1118 4084 1127 4118 r
1145 4066 1238 4136 inquit,
1258 4081 1366 4120 sunum

604 4161 709 4221 ieiunus,
723 4155 793 4227 quod
801 4157 893 4212 iisdem
901 4156 1065 4212 sacramenti
1078 4157 1200 4213 serbisin
1212 4155 1365 4225 infantibus,

604 4246 677 4314 quibus
696 4251 774 4305 etiam
794 4251 820 4303 in
841 4249 986 4319 nrajnribus
998 4291 1005 4314 ,
1018 4249 1132 4305 dicimus
1146 4264 1207 4306 esse
1225 4252 1366 4307 cclebmn-

605 4333 659 4391 dum.
674 4357 683 4391 ι
698 4339 753 4395 Ηιι
764 4350 838 4396 certo
853 4355 900 4394 ros
914 4350 940 4395 ct
953 4355 967 4393 a
980 4349 1109 4409 praesente
1123 4340 1228 4396 audisse
1241 4334 1365 4398 disistis:

605 4427 638 4480 ed
653 4430 707 4499 quid
722 4431 848 4501 prodest,
864 4431 936 4501 quod
961 4431 1061 4485 eisdem
1085 4432 1173 4486 uerbis
1187 4433 1213 4485 in
1234 4435 1364 4501 pusulis,

604 4519 712 4586 tnibuset
729 4523 757 4577 in
774 4521 1078 4593 majoribus,colebrari
1098 4523 1163 4577 dicit
1175 4524 1302 4592 Baptisuri
1323 4541 1366 4579 sa-

604 4622 758 4679 nomentum,
773 4628 834 4669 cum
850 4629 893 4669 res
914 4615 1037 4680 anobis,
1054 4628 1106 4668 non
1121 4615 1178 4669 suia
1195 4614 1275 4670 verba
1295 4632 1367 4687 quar·

603 4705 689 4757 nuturl
700 4705 763 4761 Plus
774 4717 817 4761 cst
830 4707 901 4776 quod
914 4706 989 4761 robis
1002 4721 1049 4763 ore
1059 4709 1167 4778 proptio
1178 4707 1366 4779 interroganti-

602 4788 781 4866 btsrespondit,
796 4799 833 4852 uti
844 4799 971 4866 scribitis,
986 4817 995 4850 ι
1010 4799 1124 4854 iulantes
1137 4801 1164 4853 in
1180 4801 1366 4857 remissionem

600 4898 744 4952 putatorum
756 4894 894 4964 percipere
905 4894 1080 4963 Baptismnm.
1101 4915 1111 4947 r
1126 4894 1184 4950 Non
1198 4897 1271 4972 enim
1286 4906 1313 4952 ct
1325 4897 1367 4954 bic

597 4977 661 5043 dixit,
674 4981 699 5036 in
710 4984 799 5039 verbis
811 4985 979 5041 remissionis
991 4996 1178 5055 peccatorum
1195 4987 1243 5043 sed
1257 5004 1303 5045 eos
1319 4989 1365 5044 ba·

596 5069 672 5133 plicari
684 5072 709 5126 in
720 5074 804 5144 ipsam
815 5076 1000 5132 remissionem
1015 5078 1202 5136 confessusest
1215 5098 1222 5134 ε
1238 5088 1365 5138 ettamen

594 5161 688 5218 stateo
701 5167 868 5239 quaereretis,
882 5168 945 5238 quid
960 5171 1060 5238 peccati
1072 5171 1110 5225 cis
1120 5172 1244 5227 credatur
1255 5176 1364 5241 remitti,

594 5263 635 5304 non
647 5269 689 5309 ctis
703 5257 803 5327 aliquid
820 5258 919 5314 babere
933 5261 1117 5317 corrteudcrci.

619 5339 723 5400 cnidi
743 5345 861 5402 xxxiii.
880 5378 917 5389 -
937 5350 980 5405 56.
998 5351 1061 5419 Quis
1081 5353 1220 5419 crederet,
1245 5345 1300 5409 sub'
1319 5356 1367 5410 luc

592 5432 652 5495 nusi
674 5436 815 5519 rrrauilesta
832 5439 1003 5496 consessione
1023 5458 1130 5498 sensum
1154 5444 1237 5499 bitere
1260 5456 1366 5501 contra·

591 5523 661 5595 litat,
672 5529 723 5583 nisi
740 5545 800 5584 eum
822 5533 964 5589 Coelestius
982 5535 1152 5604 aperuisset?
1166 5537 1216 5603 Qui
1235 5539 1260 5592 in
1275 5539 1366 5594 libello

590 5625 723 5690 nequem
739 5622 831 5678 Romae
845 5626 928 5695 gestis
941 5627 1129 5682 ecclesiasticis
1142 5629 1276 5699 allegarit,
1291 5647 1367 5700 ‹pru-

589 5707 686 5767 taloset
699 5713 826 5783 baptizari
843 5717 1070 5774 inremissionem
1090 5732 1260 5789 peccatorum
1275 5740 1285 5776 r
1301 5739 1365 5778 cirri-

589 5795 661 5859 ltssus
674 5813 732 5870 est,
750 5817 777 5861 ct
790 5810 896 5878 negarit
913 5828 921 5860 r
940 5811 1022 5864 ullum
1040 5812 1138 5868 babere
1156 5814 1284 5889 originale
1303 5831 1366 5884 picc-

587 5900 670 5950 taum.
688 5896 766 5951 »Sed
783 5914 853 5954 nuuc
873 5915 925 5955 uon
945 5902 979 5957 dc
991 5903 1154 5972 Baptismute
1174 5905 1364 5974 paruulorum,

587 5982 666 6043 tcdde
685 5987 819 6058 adjutorio
835 5990 926 6061 gratiae
941 5994 1047 6063 potius,
1060 5995 1139 6049 ctiam
1157 6001 1181 6050 in
1201 5996 1292 6051 libclln
1306 5997 1367 6055 idei

608 6100 722 6166 ¹intiss,
730 6116 813 6156 return
823 6105 897 6157 etium
906 6106 1032 6172 ριιιιιιιί
1040 6123 1084 6175 pro
1094 6124 1137 6172 ro;
1147 6114 1245 6169 annisus
1254 6119 1278 6162 in
1286 6125 1294 6171 ;
1302 6114 1367 6176 <prul

584 6169 621 6213 Ιιι
629 6168 750 6229 repetitur
762 6170 786 6217 in
797 6182 887 6230 graeco

607 6224 675 6277 Ἀιιι.
689 6235 726 6278 [ι.
739 6236 765 6278 ιι
777 6239 840 6290 tiss,
853 6231 928 6283 nobis.

607 6284 701 6347 'riute
714 6292 807 6341 crcrlnt,

604 6346 638 6414 (ι)
654 6353 804 6423 Ειιιιιιιιηιιι
815 6354 885 6418 infra,
898 6358 1005 6419 ιρι-ιιι.
1019 6366 1087 6420 praete
1100 6359 1122 6407 d.

1163 935 1263 995 trusit
1282 938 1325 995 bii
1344 935 1472 997 Gliled
1492 938 1641 1001 citltts'tt.

2170 951 2224 1011 itt

1430 1066 1496 1119 sum,
1511 1070 1590 1124 quem
1606 1057 1716 1112 ltomam
1732 1055 1820 1127 misit,
1835 1060 1897 1130 quid
1909 1058 2029 1133 Pelagius
2050 1067 2165 1119 senserit
2181 1078 2222 1122 at-

1428 1142 1579 1200 tendamus.
1603 1147 1767 1216 «Liberum,
1783 1169 1793 1203 r
1810 1152 1914 1222 inquit,
1931 1172 1942 1205 ι
1958 1154 1997 1209 sic
2010 1156 2221 1212 conlitemurar·

1426 1234 1554 1305 bitrium,
1568 1248 1598 1293 ut
1615 1239 1735 1296 dicamus
1755 1257 1805 1297 nos
1824 1244 1943 1315 indigere
1962 1246 2009 1301 Dei
2025 1261 2133 1315 semper
2146 1250 2220 1302 anxi·

1426 1324 1473 1381 lio.
1489 1344 1499 1380 r
1516 1328 1585 1385 Ecce
1598 1331 1692 1386 iterum
1701 1336 1855 1403 quaerimus,
1867 1351 1919 1406 qim
1928 1337 2026 1391 arrrilio
2039 1352 2088 1392 nos
2100 1338 2220 1407 indigere

1426 1413 1541 1473 fateatur
1555 1438 1562 1475 ε
1575 1430 1603 1475 ιι
1623 1423 1718 1477 iterum
1739 1424 1888 1480 invenimus
1907 1426 2077 1497 ambignum,
2093 1429 2219 1497 quoniam

1425 1518 1514 1578 potest
1527 1514 1701 1583 respondere,
1717 1516 1801 1586 legem
1815 1533 1844 1572 se
1855 1518 1944 1573 dicere
1954 1519 2135 1575 doctrinamve
2145 1520 2219 1574 cbri-

1424 1600 1549 1669 stianam,
1565 1607 1760 1674 qua'natnrnlis
1775 1609 1818 1663 ilia
1829 1609 1990 1678 possibilitas
1998 1611 2148 1681 adjuvetur.
2162 1610 2217 1667 Nos

1424 1705 1513 1750 antem
1530 1698 1603 1752 illam
1620 1700 1732 1769 gratiam
1752 1701 1778 1755 in
1799 1717 1893 1757 eorum
1914 1702 2083 1758 consessione
2104 1703 2219 1774 requiri·

1424 1800 1484 1843 mus
1496 1827 1504 1850 ,
1516 1787 1550 1843 de
1566 1804 1617 1858 qna
1636 1790 1701 1845 dicit
1716 1792 1880 1861 Apostolus,
1898 1792 1959 1847 Non
1981 1793 2047 1847 enim
2060 1792 2128 1847 dedit
2146 1793 2218 1847 nobtt

1424 1876 1494 1932 licus
1504 1879 1620 1948 spiritum
1632 1882 1747 1943 timorit,
1761 1884 1805 1937 ted
1820 1884 1919 1938 uirtutis
1933 1892 1957 1937 et
1971 1884 2101 1939 alteritatis
2115 1894 2138 1938 et
2155 1900 2217 1937 corr-

1424 1968 1536 2021 tiurntioe
1550 1969 1582 2039 (ll
1599 1969 1666 2023 Tim.
1680 1987 1700 2038 r,
1716 1971 1755 2042 l).
1769 1971 1827 2027 Non
1844 1981 1885 2027 est
1902 1982 1990 2029 autem
2007 1989 2175 2045 consequens
2189 1984 2219 2030 nt

1423 2058 1467 2126 qni
1489 2058 1567 2114 babet
1583 2059 1682 2114 donum
1704 2062 1839 2127 scientiae,
1858 2077 1911 2132 quo
1930 2064 2036 2118 nouerit
2054 2064 2118 2133 quid
2137 2079 2217 2134 agere

1423 2145 1530 2210 debeat,
1543 2147 1639 2203 bnbcat
1651 2150 1730 2203 etiam
1745 2149 1892 2216 charitatis,
1906 2160 1935 2205 ut
1949 2161 2021 2224 agat.

1457 2236 1570 2294 CAPUT
1584 2239 1751 2296 illleV.'-
1763 2241 1807 2296 st.
1823 2242 1885 2297 lllos
1895 2243 1986 2307 eliani,
2000 2258 2066 2313 quos
2079 2244 2104 2297 in
2114 2242 2215 2300 eisdem

1422 2328 1536 2395 litteris,
1550 2345 1615 2400 quas
1629 2332 1701 2387 misit
1717 2331 1750 2386 ad
1762 2342 1861 2389 sanetae
1876 2335 2012 2390 meritorie
2028 2350 2121 2405 papam
2136 2335 2216 2390 luno·

1422 2421 1557 2486 scirtium,
1573 2421 1656 2478 libros
1675 2438 1737 2478 suos
1752 2424 1794 2478 rel
1809 2425 1907 2495 scripta
1920 2437 2130 2492 commenmrat,
2146 2428 2208 2497 legi,

1422 2521 1519 2579 prater
1539 2527 1616 2565 tinam
1635 2504 1775 2582 epistolam
1786 2558 1792 2580 ‚
1805 2531 1883 2586 quam
1897 2530 1927 2572 se
1941 2516 2048 2572 brevem
2064 2519 2168 2573 misisse
2182 2519 2215 2572 ad

1421 2612 1541 2657 sanctum
1563 2600 1747 2657 Constantium
1767 2606 1919 2675 episcopum
1939 2606 2022 2660 dicit:
2045 2621 2095 2662 noo
2116 2608 2214 2663 alicubi

1421 2693 1494 2762 putari
1510 2694 1643 2763 reperire,
1660 2693 1729 2750 banc
1741 2710 1802 2749 cum
1817 2693 1927 2766 gratiam
1941 2698 2080 2765 conliteri,
2094 2714 2145 2769 qua
2160 2712 2214 2755 non

1421 2786 1506 2839 solum
1530 2786 1691 2853 possibilitas
1710 2787 1838 2843 naturalis
1862 2789 2005 2844 uoluntatis
2028 2797 2056 2845 et
2079 2790 2213 2855 actionis,

1421 2892 1499 2946 quum
1513 2877 1578 2931 dicit
1589 2894 1637 2932 nos
1651 2878 1749 2934 lubere
1767 2880 1871 2934 etiamsi
1891 2895 1942 2935 nec
1961 2882 2082 2936 unlunms
2097 2897 2146 2936 nec
2159 2883 2216 2952 agi·

1421 2983 1481 3023 mus
1496 2969 1593 3023 bonum
1607 3011 1614 3033 ,
1629 2971 1675 3024 sed
1691 2971 1747 3039 ipsa
1763 2972 1843 3027 ctiam
1856 2972 1978 3026 viduatas
1992 2982 2018 3028 ot
2033 2975 2103 3030 actio
2115 2975 2216 3029 submi-

1421 3059 1578 3116 nistratione
1593 3064 1677 3117 sarrcli
1692 3061 1807 3132 Spiritus
1818 3063 1968 3133 atljtrmtnr.

1456 3148 1569 3207 CAPUT
1588 3150 1697 3207 xxxi.
1711 3182 1749 3193 -
1760 3154 1805 3209 58.
1824 3172 1834 3205 r
1850 3155 1961 3224 legant,
1977 3173 1987 3208 r
2004 3156 2098 3226 iuquit,
2115 3176 2126 3209 ι
2145 3158 2214 3213 illam

1420 3242 1570 3311 epistolam,
1584 3259 1663 3313 quam
1678 3245 1711 3300 ad
1724 3257 1845 3300 sanctuni
1859 3247 1944 3301 sirum
1960 3247 2098 3303 Paulinum
2109 3251 2215 3318 episco-

1420 3348 1483 3404 pum
1499 3343 1560 3387 autc
1573 3334 1714 3388 duodecim
1728 3335 1784 3390 lere
1795 3351 1881 3391 arrrros
1896 3338 2072 3406 scripsimus,
2086 3356 2145 3408 quae
2160 3349 2214 3394 tre·

1419 3424 1506 3478 centis
1517 3423 1585 3479 lorte
1599 3425 1799 3503 uersibusuibil
1820 3424 1893 3480 aliud
1908 3442 1986 3494 quam
2002 3428 2047 3481 bei
2063 3428 2173 3497 gratiam
2187 3435 2214 3482 ct

1419 3516 1546 3575 auxilium
1562 3515 1713 3580 contitctur,
1728 3531 1830 3587 nosque
1842 3517 1906 3572 nibil
1920 3520 2030 3574 omnino
2049 3519 2111 3574 boui
2126 3519 2213 3576 licere

1420 3620 1500 3676 posse
1514 3607 1572 3662 sine
1587 3607 1651 3662 beo.
1669 3626 1678 3659 ι
1691 3607 1765 3664 llauc
1777 3624 1842 3681 ergo
1858 3611 1996 3681 epistolam
2011 3610 2072 3681 legi,
2087 3611 2213 3667 cinitoni

1419 3711 1481 3754 oum
1502 3715 1570 3769 pene
1588 3715 1636 3769 per
1650 3709 1731 3755 totam
1746 3715 1798 3756 non
1812 3703 1958 3767 immmari,
1974 3703 2024 3759 nisi
2040 3704 2066 3758 in
2088 3702 2215 3761 breuitate

1419 3797 1448 3845 et
1458 3790 1632 3859 possibilitate
1641 3799 1752 3859 natura,
1763 3800 1789 3847 ct
1800 3808 1867 3862 pene
1877 3792 1912 3847 ibi
1928 3801 2029 3848 tantum
2043 3794 2088 3848 bei
2102 3795 2214 3865 gratiam

1420 3881 1601 3936 constituere:
1617 3882 1790 3938 christianam
1804 3899 1867 3939 vcro
1881 3884 1992 3952 gratiam
2002 3892 2074 3939 trinta
2085 3885 2215 3941 breuitate

1420 3971 1477 4026 solt
1500 3973 1617 4027 nominis
1637 3975 1894 4030 commemoratione
1917 3976 2081 4046 perstringit,
2102 3985 2130 4031 ut
2149 3978 2214 4032 nibil

1420 4063 1490 4118 aliud
1506 4063 1637 4129 uideatur,
1653 4080 1733 4134 qrranr
1749 4080 1807 4120 eam
1820 4074 1909 4120 tacere
1922 4066 2052 4121 timuisse.
2064 4066 2160 4122 Utrum
2177 4076 2215 4120 tn·

1420 4170 1552 4209 moneam
1566 4155 1592 4208 in
1606 4155 1766 4211 remissione
1777 4165 1944 4224 pcccatorum
1961 4157 2023 4211 uelit
2034 4157 2144 4228 intelligi
2158 4200 2165 4222 ,
2180 4173 2213 4211 an

1420 4246 1500 4301 ctiam
1517 4247 1542 4300 in
1564 4246 1683 4302 doctriua
1702 4246 1818 4312 Cbristi,
1835 4246 1878 4302 irbi
1895 4257 1936 4302 cst
1955 4256 1982 4303 ct
2002 4249 2215 4302 conuersationis

1420 4337 1478 4406 ejus
1499 4338 1667 4406 exemplum,
1682 4338 1752 4407 quod
1772 4337 1877 4406 aliquod
1896 4352 2004 4393 snorum
2024 4337 2212 4407 opusculorum

1421 4427 1487 4482 locis
1501 4427 1573 4494 iacit,
1586 4444 1621 4483 an
1633 4430 1725 4484 credat
1738 4429 1845 4501 aliquod
1860 4429 2020 4498 adjutorium
2039 4430 2107 4484 bene
2116 4429 2212 4499 agendi

1420 4519 1572 4589 adjtrnctnm
1596 4529 1696 4577 nutnrae
1710 4530 1790 4592 atque
1808 4522 1934 4577 doctrina·
1953 4539 2000 4592 per
2011 4523 2210 4592 inspirationem

1421 4609 1633 4681 llagmntissiruae
1644 4624 1670 4668 ct
1681 4614 1895 4668 luminosissima
1909 4614 2057 4682 charitatis,
2069 4629 2121 4668 uon
2132 4630 2213 4683 appu·

1421 4709 1462 4755 ret
1475 4703 1594 4756 omnino.

1456 4791 1569 4848 cnidi
1590 4792 1710 4849 iixllvl.
1721 4795 1810 4850 -5tt
1826 4813 1834 4845 r
1850 4794 1951 4863 Legunt
1966 4795 2063 4858 eiiam,
2082 4813 2092 4845 r
2109 4795 2210 4864 inquit,

1424 4883 1483 4937 rad
1498 4892 1618 4939 sanctum
1641 4884 1825 4940 Constamium
1847 4886 2018 4954 episcopum,
2032 4886 2076 4939 nbi
2097 4886 2213 4940 iuer-tur

1420 4973 1536 5044 quidem,
1549 4974 1597 5029 scd
1613 4975 1689 5044 plane
1703 4974 1787 5029 libero
1799 4975 1915 5028 itorrriuis
1926 4975 2035 5029 arbitrio
2044 4975 2090 5030 bei
2101 4977 2212 5046 gratiam

1420 5067 1601 5135 auxiliumque
1614 5067 1750 5137 conjunxi.
1768 5087 1777 5120 r
1795 5067 1869 5121 itam
1883 5069 2036 5137 epistolam,
2049 5079 2079 5122 nt
2091 5071 2213 5139 superins

1421 5159 1474 5214 diri
1486 5158 1561 5230 (Cup.
1577 5159 1630 5223 δι,
1644 5176 1670 5213 u.
1687 5158 1743 5230 bi),
1757 5174 1810 5213 unu
1825 5159 1877 5228 legi
1893 5177 1899 5212 :
1916 5159 1963 5215 sed
1976 5160 1998 5214 si
2013 5176 2065 5214 nou
2078 5169 2119 5217 est
2132 5162 2213 5216 dissi·

1360 5282 1363 5287 -
1421 5248 1491 5303 milis
1503 5250 1618 5314 caeteris,
1634 5265 1693 5320 que
1707 5249 1769 5303 milri
1783 5259 1845 5305 nota
1856 5259 2058 5318 cornruenrorat,
2073 5266 2124 5306 uon
2135 5252 2214 5306 babet

1421 5342 1501 5396 etiam
1517 5341 1574 5412 ipsa
1586 5342 1657 5411 quod
1670 5343 1824 5411 quaerimus

1455 5431 1568 5487 catilli
1587 5432 1763 5488 xstitit-
1777 5435 1842 5490 ld«
1862 5434 1962 5505 Legunt
1975 5434 2064 5495 ctiam,
2082 5451 2090 5483 r
2108 5434 2212 5503 iuquit,

1425 5542 1434 5576 r
1450 5539 1529 5594 qnam
1544 5525 1693 5579 adsacrum
1708 5524 1806 5581 Christi
1826 5525 1956 5596 uirginem
1977 5525 2170 5579 Derrretriadeur
2187 5527 2212 5579 in

1420 5616 1529 5674 Oriente
1544 5619 1752 5688 conscripsimus
1764 5616 1815 5690 (a),
1827 5628 1854 5673 et
1868 5617 2003 5673 invenient
2017 5631 2066 5671 nos
2082 5618 2116 5669 ita
2128 5616 2214 5670 ironii-

1421 5709 1463 5763 nis
1476 5707 1585 5764 laudme
1602 5719 1741 5773 naturam,
1754 5719 1784 5765 ιι
1798 5708 1843 5762 bei
1860 5722 1966 5776 semper
1978 5706 2071 5776 gratim
2084 5704 2213 5760 addamus

1421 5796 1559 5851 auxilinm.
1577 5817 1586 5850 ι
1600 5796 1681 5856 istam
1693 5813 1758 5855 sarie
1771 5799 1820 5870 legi
1832 5839 1840 5863 ,
1852 5795 1971 5866 mihique
1985 5811 2052 5865 pene
2071 5812 2213 5866 persuase-

1420 5896 1472 5953 rat,
1488 5887 1637 5944 lraueillum
1648 5890 1770 5959 gratiam,
1780 5887 1872 5958 dequo
1883 5887 1996 5957 questio
2008 5897 2059 5951 est,
2074 5889 2194 5942 coniitcri
2206 5905 2212 5943 .·’

1420 5978 1542 6047 quamuis
1556 5977 1583 6033 in
1596 5979 1686 6033 multis
1700 5978 1758 6046 ejus
1771 5977 1890 6046 opusculi
1902 5977 1968 6031 loeis
1977 5977 2027 6031 sibi
2039 5977 2095 6046 ipso
2109 5989 2215 6032 curma-

1421 6066 1511 6123 diecre
1522 6066 1657 6122 rideretur
1672 6085 1679 6122 :
1694 6066 1743 6122 sed
1757 6082 1817 6122 cum
1829 6067 1857 6121 iu
1871 6063 1966 6122 manus
1979 6082 2054 6122 meas
2066 6075 2094 6122 ct
2106 6068 2157 6122 alia
2168 6083 2213 6123 re·

1421 6157 1534 6224 ruissent,
1557 6174 1617 6227 quac
1642 6159 1777 6227 posterius
1803 6158 1935 6229 latiusque
1959 6160 2131 6230 conscripsit;
2157 6159 2209 6214 ridi

1421 6246 1644 6319 qtremadmoduin
1658 6251 1774 6321 potuerit
1786 6251 1865 6306 ctiam
1874 6251 1926 6306 illie
1938 6253 2049 6323 gratiam
2061 6253 2208 6307 trorninarc.

1453 6360 1490 6434 (n)
1508 6361 1556 6412 tid.
1570 6361 1630 6413 banc
1646 6356 1772 6427 epistuliis
1785 6363 1809 6412 iu
1823 6363 1958 6426 nppcudcc
1971 6364 2028 6417 toni
2041 6362 2063 6413 2.
