5592 7350
596 933 648 990 tls

598 1046 634 1099 lia
647 1057 705 1114 guae
720 1040 817 1096 babeant
831 1036 936 1094 feminae
950 1034 1069 1104 eorporis
1082 1028 1217 1094 nternbra,
1233 1034 1260 1080 et
1276 1030 1384 1078 nonest

597 1136 695 1191 tomiua
709 1152 717 1189 ι
731 1146 815 1203 egone
827 1144 879 1185 non
893 1128 980 1183 dicam
995 1140 1057 1180 vera
1071 1120 1247 1184 constantius,
1261 1116 1295 1171 Ει
1307 1115 1387 1169 babet

604 1226 716 1287 reulum,
731 1231 758 1278 et
770 1219 850 1275 babet
864 1219 991 1288 linguam,
1005 1223 1032 1271 et
1044 1213 1123 1268 lrabet
1134 1210 1256 1281 digitum,
1271 1216 1298 1262 ει
1311 1204 1389 1258 babet

606 1324 695 1372 :atera
707 1312 802 1367 similia
817 1310 938 1379 corporis
950 1306 1080 1371 membra,
1094 1312 1122 1360 et
1139 1302 1196 1357 baec
1211 1309 1265 1356 tota
1277 1306 1318 1354 est
1330 1312 1390 1353 cor·

601 1405 673 1474 maris
682 1399 837 1467 similitudo,
851 1414 904 1454 non
917 1412 1033 1467 eorpus:
1049 1410 1108 1450 cram
1123 1394 1173 1448 boe
1185 1389 1256 1463 guod
1268 1403 1317 1459 ego
1329 1387 1390 1442 dico

601 1493 693 1566 probet
703 1481 774 1562 a'pnd
787 1506 816 1545 se
830 1491 955 1561 quisque,
968 1503 1028 1543 enm
1042 1497 1155 1555 corpora
1169 1480 1327 1548 imaginatur
1341 1474 1390 1528 ab·

600 1584 732 1647 sevitium,
749 1581 843 1651 probet
854 1588 944 1646 certe,
960 1592 1019 1633 cum
1034 1574 1131 1644 figuras
1150 1579 1178 1626 et
1196 1576 1311 1624 suamet
1326 1564 1392 1619 alias

599 1689 708 1728 saiorum
719 1673 812 1728 recolit
822 1671 985 1725 sonrniorum
999 1686 1006 1720 r
1021 1681 1036 1719 a
1047 1673 1074 1720 ιε
1083 1673 1171 1717 autem
1182 1661 1261 1729 hujus
1269 1656 1391 1719 monstri,

602 1765 646 1820 ubi
658 1773 686 1819 ct
698 1779 789 1818 verum
804 1770 854 1823 εει,
870 1770 897 1815 ει
911 1760 1000 1813 viuum
1014 1765 1065 1822 εει,
1079 1764 1107 1810 ει
1120 1752 1264 1808 femineum
1279 1756 1321 1804 est
1333 1761 1393 1800 cor-

601 1868 661 1924 pus,
674 1865 701 1909 et
715 1854 845 1909 femineus
860 1859 965 1906 nonest
979 1862 1069 1913 sevus,
1088 1845 1190 1900 nullum
1204 1843 1230 1897 in
1244 1849 1336 1896 natura
1346 1852 1391 1892 re·

601 1963 660 2001 rom
675 1945 826 2017 proferatur
837 1940 1007 2012 exemplum?

637 2037 682 2092 as.
699 2036 774 2103 erod
794 2033 914 2090 carimde
936 2031 1059 2103 plaoeaire
1082 2027 1216 2100 loqueris,
1231 2024 1265 2080 ad
1286 2037 1342 2079 rem
1360 2020 1393 2076 de

602 2141 654 2198 qua
678 2128 764 2196 agitur
790 2126 899 2182 omnino
928 2140 982 2178 non
1010 2122 1132 2193 pertinet.
1161 2115 1394 2174 Resurrectionem

603 2219 702 2288 quiippe
716 2217 759 2272 illa
774 2217 906 2288 signifieat
918 2230 1079 2285 corporum,
1101 2226 1155 2267 non
1170 2226 1263 2267 sexum
1282 2207 1396 2265 destruit

603 2309 771 2363 animarum:
787 2308 809 2363 si
825 2318 932 2370 tamea,
948 2314 977 2361 ιι
989 2303 1116 2369 creditur,
1137 2301 1171 2357 de
1189 2315 1237 2356 sua
1251 2308 1337 2355 morte
1350 2311 1395 2353 re·

604 2402 731 2457 irascitur.
746 2397 799 2456 Sed
819 2400 936 2454 arbitror
953 2395 1023 2468 quod
1039 2404 1116 2450 tuum
1134 2405 1287 2448 sermonem
1302 2405 1395 2458 parum

604 2492 740 2561 putaveris
754 2490 812 2547 sore
826 2488 1003 2562 plausibilem,
1019 2488 1043 2542 si
1055 2501 1109 2540 nou
1125 2484 1206 2539 multa
1225 2481 1260 2538 de
1274 2479 1397 2550 pboeoics

603 2599 680 2639 mors
693 2583 902 2639 adolescentium
918 2580 1092 2636 declamares.
1107 2574 1238 2646 Numquid
1251 2574 1322 2629 carim
1335 2582 1398 2627 sunt

605 2675 632 2730 in
645 2669 702 2743 ejus
716 2688 829 2743 corpore
843 2672 968 2744 genitalia
985 2670 1130 2728 masculina
1148 2679 1175 2723 ει
1190 2683 1243 2723 non
1265 2672 1306 2720 εει
1337 2680 1396 2720 ma-

606 2766 707 2829 sculus,
722 2765 763 2821 vel
778 2763 904 2821 feminina
916 2772 944 2819 ει
957 2772 1061 2819 nonest
1074 2760 1189 2816 feminal
1203 2758 1243 2814 Tu
1253 2768 1341 2813 autern
1354 2766 1397 2811 at·

607 2857 685 2912 tende
697 2857 759 2927 quid
773 2856 857 2923 dieas,
871 2854 934 2926 quid
944 2864 1075 2917 astruere,
1090 2852 1152 2923 quid
1169 2848 1331 2921 persuadere
1348 2861 1397 2902 co·

606 2947 690 3001 neris.
716 2947 839 3000 dirimam
860 2945 927 3001 dicis
949 2960 996 3013 per
1020 2954 1114 2997 cuncta
1136 2942 1254 2995 membra
1277 2938 1398 2994 diliusam

606 3036 720 3106 gelarvdo
732 3036 856 3105 riguisse,
870 3044 898 3092 et
910 3050 925 3088 a
938 3034 1038 3089 vertice
1051 3048 1135 3103 usque
1151 3030 1185 3085 ad
1206 3031 1259 3085 ima
1271 3028 1398 3098 vestigia,

606 3125 761 3181 aravedullis
779 3125 878 3180 intimis
896 3121 1024 3194 usquead
1040 3119 1208 3191 superficiem
1222 3118 1301 3186 eutis,
1318 3126 1398 3172 totam

609 3218 691 3272 totius
704 3217 838 3286 accepisse
850 3215 971 3286 eorporis
987 3213 1098 3268 turmam
1111 3231 1117 3266 :
1131 3226 1164 3267 ae
1176 3226 1222 3280 per
1236 3209 1287 3264 boe
1298 3208 1401 3278 accepit

610 3305 637 3361 ia
650 3305 766 3362 feminco
779 3320 891 3376 corpore
907 3303 1033 3375 quivbprid
1046 3302 1144 3358 babent
1166 3301 1341 3357 femineorum
1356 3298 1398 3354 vi·

607 3411 715 3454 secatam
725 3396 840 3464 lemine,
853 3405 881 3452 et
893 3410 984 3451 verum
996 3403 1038 3450 est
1050 3394 1102 3450 boe
1112 3407 1221 3464 corpus,
1230 3400 1258 3448 ει
1269 3392 1327 3446 bara
1337 3406 1400 3447 sera

607 3499 670 3544 siant
684 3489 813 3554 membra,
827 3497 854 3543 et
864 3496 953 3542 tamen
964 3500 1016 3541 non
1030 3492 1071 3541 cst
1085 3484 1193 3539 femina.
1207 3482 1272 3548 Cur,
1285 3480 1398 3537 obsecro

609 3589 653 3648 te,
676 3584 702 3636 io
716 3596 781 3637 vero
795 3590 821 3637 ct
835 3580 897 3637 vivo
909 3595 1020 3651 corpore
1039 3577 1127 3634 onvnia
1142 3585 1203 3632 sunt
1223 3575 1343 3631 membra
1357 3574 1398 3631 ie·

607 3670 713 3740 minea,
733 3679 761 3728 et
778 3686 831 3726 uon
851 3680 892 3727 est
912 3668 1028 3736 lentina3
1052 3667 1079 3723 in
1092 3682 1157 3724 rero
1171 3674 1199 3722 ει
1216 3665 1276 3721 riro
1288 3681 1403 3736 corporo

608 3759 728 3817 membra
740 3770 802 3817 sunt
815 3761 904 3816 ornnia
915 3759 1069 3824 masculina,
1085 3766 1114 3814 ει
1125 3772 1178 3813 nou
1195 3765 1236 3812 cst
1249 3755 1402 3812 masculus?

609 3852 674 3921 Quis
686 3851 735 3908 ista
750 3851 872 3917 credere,
888 3850 986 3916 dicere,
1002 3849 1101 3905 docere
1114 3847 1274 3917 prassrunatl
1287 3846 1326 3901 da
1340 3847 1401 3917 quia

609 3954 661 3996 non
674 3950 802 4013 generant
819 3941 931 3996 anianae?
949 3939 1020 4011 Ergo
1039 3953 1091 3994 nec
1109 3937 1174 3993 muli
1194 3945 1221 3992 ει
1240 3935 1319 3991 ιιιΙιε
1341 3944 1404 3990 ειιιι

567 4040 570 4047 ·
610 4032 719 4087 masculi
729 4041 757 4088 ει
767 4030 883 4087 lemine.
898 4032 939 4087 An
952 4029 1013 4103 quia
1030 4045 1079 4087 nee
1088 4025 1267 4085 concumbere
1279 4033 1403 4097 poterunt

610 4120 668 4176 sine
680 4120 785 4176 carrucis
798 4121 954 4192 corporibus
966 4120 1082 4176 araiuuei
1102 4120 1155 4176 Scd
1181 4121 1231 4175 boe
1244 4117 1364 4173 aufertur
1376 4127 1404 4173 ει

533 4268 539 4276 ,
610 4209 653 4265 lais
662 4210 706 4281 qui
717 4219 868 4266 castrantur
881 4229 887 4265 :
900 4221 927 4268 ει
938 4221 1026 4266 tarraco
1038 4226 1097 4265 cam
1108 4209 1148 4266 eis
1157 4209 1289 4265 adimatur
1299 4219 1326 4264 ει
1336 4223 1403 4279 opus

611 4308 639 4371 et
648 4310 748 4369 motus,
760 4315 813 4356 non
829 4300 954 4357 adimitur
966 4316 1055 4366 εειιιε,
1068 4300 1150 4372 ligura
1163 4299 1404 4371 qviantolacumquc

611 4390 817 4446 varasculinorum
830 4402 956 4448 urarvento
976 4393 1167 4447 rnetnbrorum.
1182 4391 1266 4446 Nemo
1287 4406 1402 4460 utiquam

611 4482 758 4537 masculam
784 4484 889 4553 aregarit
910 4483 1073 4538 ειιιιιεΙιιιιι.
1097 4483 1164 4549 Quid
1189 4481 1260 4553 qarod
1283 4482 1352 4552 aprud
1378 4492 1404 4538 te

610 4573 707 4627 arritum
721 4573 800 4628 ctiam
813 4573 997 4627 evaraucborum
1016 4581 1098 4627 testes
1117 4573 1233 4643 integros
1248 4572 1361 4640 habeat,
1377 4583 1405 4628 ει

610 4664 634 4718 εἰ
653 4664 775 4734 cuiquam
791 4663 914 4735 genitalia
937 4678 1045 4734 prorsus
1069 4674 1123 4720 tota
1147 4666 1282 4731 tollantur,
1303 4665 1404 4720 totuin

612 4754 669 4824 cjavs
684 4757 787 4822 anima,
802 4755 949 4812 secundam
968 4757 1120 4826 opinionem
1135 4765 1223 4823 tuam,
1247 4767 1274 4813 ει
1294 4760 1404 4812 omnino

613 4847 715 4917 irrtegra
731 4848 939 4916 peruranebuoti
953 4847 1030 4902 Novit
1043 4848 1113 4902 caim
1127 4861 1157 4902 se
1170 4847 1342 4913 subtrahere,
1353 4836 1410 4904 sic·¹

617 4946 646 4991 ot
664 4939 747 5001 dieis,
765 4952 825 4992 cum
848 4955 878 4992 ea
899 4954 960 5009 pars
982 4941 1070 4995 curuis
1091 4941 1202 5011 coeperit
1221 4942 1355 5006 exsecare
1371 4949 1401 4996 ut

614 5043 645 5083 ea
660 5027 746 5082 ivrrrua
768 5045 828 5098 qvam
849 5030 911 5084 iude
932 5040 1036 5100 sumpta
1059 5041 1117 5098 cst,
1139 5032 1245 5101 ‹gvrarvdo
1258 5033 1319 5086 illud
1336 5032 1406 5088 vinde

615 5129 721 5188 sumpta
741 5127 782 5173 εει
796 5129 959 5188 antputatur,
979 5137 1029 5176 aon
1047 5130 1153 5190 pereat3
1169 5122 1215 5178 sed
1229 5124 1349 5192 quiavaris
1365 5124 1390 5177 iu

616 5210 673 5266 insa
688 5211 827 5281 gelaverit,
840 5220 913 5267 motu
927 5220 1013 5265 tanrea
1027 5212 1168 5267 celerrimo
1182 5213 1308 5282 rapiatur,
1322 5222 1349 5269 ει
1364 5214 1407 5268 in-

614 5303 699 5359 terius
713 5302 885 5368 recondatur,
906 5312 934 5355 ιιι
949 5301 1020 5357 salva
1044 5309 1182 5356 servetur:
1198 5311 1224 5357 ει
1246 5313 1333 5358 ιιιιιειι
1352 5321 1406 5358 noa

614 5393 650 5449 sit
661 5393 796 5449 masculas
809 5393 879 5464 apud
894 5392 1008 5459 irvicros,
1031 5393 1236 5449 masculinorum
1252 5396 1406 5464 genitalium

614 5501 704 5542 seeum
718 5487 833 5542 aderens
847 5489 856 5519 ¹
872 5496 955 5542 totum
968 5529 975 5550 ,
990 5487 1035 5558 qui
1051 5502 1111 5542 cum
1125 5487 1169 5542 illa
1188 5487 1214 5542 in
1227 5503 1340 5559 corpore
1354 5507 1407 5546 nam

615 5558 744 5644 lsab'cret,
758 5579 892 5634 masculus
907 5577 956 5632 brit
977 5588 1085 5649 propter
1099 5593 1190 5633 eoram
1205 5580 1290 5634 solam
1306 5581 1406 5635 locum.

616 5664 693 5722 Falsa
707 5677 768 5723 saut
780 5668 847 5734 lame,
862 5667 899 5725 stli
912 5687 918 5723 :
931 5668 954 5723 si
967 5684 1020 5724 non
1033 5669 1073 5724 vis
1086 5675 1115 5724 ut
1125 5669 1159 5724 sit
1172 5669 1198 5724 in
1211 5671 1298 5725 anima
1311 5686 1406 5739 sexus,

616 5773 669 5813 non
684 5759 719 5814 sit
731 5768 758 5813 et
772 5774 880 5828 carptus.

651 5851 763 5907 Cal‘UT
779 5852 944 5909 xxi-at.
957 5853 1016 5909 Non
1026 5853 1113 5908 oannis
1127 5853 1274 5908 similitudo
1284 5857 1409 5925 corporis

616 5956 713 6011 corpus
728 5952 779 5998 cst.
797 5945 896 6011 Dormi,
909 5954 937 6000 et
952 5945 1071 6001 videbis:
1088 5946 1134 6000 sed
1150 5961 1210 6000 eum
1225 5946 1406 6017 evigilaveris,

617 6031 758 6103 vigilanter
772 6034 893 6090 discerne
906 6035 977 6106 qarod
991 6035 1098 6092 videris.
1116 6035 1144 6091 ln
1159 6038 1261 6092 somnis
1275 6037 1345 6092 caim
1362 6038 1408 6093 tibi

618 6124 690 6180 velot
710 6138 855 6194 corporeos
876 6127 1017 6197 apparebis
1034 6145 1040 6180 :
1063 6144 1148 6199 neque
1164 6129 1189 6184 id
1204 6145 1302 6202 corpus
1317 6140 1408 6198 tuom,

650 6253 741 6312 ¹luliti,
752 6255 872 6314 aratorias.
893 6264 920 6306 ιι
935 6269 1021 6309 omncs
1042 6272 1117 6321 panope.
1136 6267 1197 6316 ιιεε..
1216 6262 1317 6324 affluens
1336 6276 1405 6327 :quo

618 6319 694 6367 verbo
703 6321 1013 6368 ornabunturcnvttravietas
1021 6322 1045 6368 ia
1055 6320 1125 6371 dietis
1137 6323 1211 6385 ipsios
1222 6325 1329 6374 lictoris.

1040 917 1084 975 DE
1102 913 1208 973 sulita
1229 912 1272 968 ul
1292 904 1592 973 subsortiturus.
1612 900 1797 961 AUGUSTlNl

2180 901 2238 959 bid
2273 907 2285 940 a

1443 1018 1490 1074 sed
1504 1019 1591 1073 anima
1606 1027 1660 1083 tua,
1673 1032 1723 1073 nee
1735 1031 1827 1072 rerum
1842 1030 1947 1086 corpas,
1963 1013 2010 1071 sed
2024 1011 2240 1071 siodlitudoeor·

1444 1109 1517 1179 poris
1526 1109 1586 1165 erit.
1596 1108 1699 1164 lacebit
1711 1107 1783 1163 enim
1794 1121 1892 1176 corpus
1905 1115 1989 1173 tuum,
2001 1104 2148 1162 ambulabit
2160 1107 2218 1177 ipsa
2230 1123 2237 1159 ε

1444 1201 1532 1257 silebit
1544 1202 1631 1272 lingua
1645 1199 1766 1270 corporis
1781 1200 1829 1266 tui,
1845 1199 1969 1269 loquetur
1982 1198 2045 1254 illa:
2060 1200 2144 1254 clausi
2158 1209 2241 1255 erunt

1444 1293 1514 1348 oculi
1530 1294 1578 1361 tui,
1591 1293 1691 1348 videbit
1705 1294 1747 1346 illa
1761 1311 1768 1347 ι
1781 1301 1809 1347 ει
1823 1292 1913 1363 utique
1935 1292 2050 1347 virentia
2060 1290 2187 1362 jacebunt
2201 1302 2241 1346 tur

1445 1385 1565 1455 corporis
1580 1387 1718 1450 membra,
1734 1402 1786 1442 non
1806 1395 1919 1441 mortua.
1936 1388 1974 1441 ilc
1994 1402 2042 1457 per
2057 1387 2107 1441 boc
2120 1387 2241 1442 nondum

1444 1485 1562 1530 extracta
1584 1486 1626 1531 εει
1638 1477 1710 1531 ιεΙιι
1728 1476 1762 1532 de
1783 1475 1876 1548 vagina
1896 1490 1954 1540 sua,
1972 1476 2058 1547 gelata
2075 1475 2121 1532 illa
2135 1477 2241 1543 lerata,

1446 1565 1514 1619 εἰειι
1528 1574 1623 1635 putas,
1644 1567 1739 1621 animae
1760 1576 1830 1633 tuae,
1853 1576 1881 1621 ει
1896 1566 1922 1621 iu
1941 1580 1972 1621 ca
1988 1576 2076 1622 tamea
2093 1575 2147 1620 tota
2160 1576 2243 1637 atque

1447 1657 1548 1727 integra
1559 1659 1831 1715 ceraitarsimilitudo
1843 1660 1933 1716 carnis
1949 1670 2012 1715 tuas.
2029 1661 2067 1715 Ειι
2080 1660 2130 1716 lroe
2141 1675 2243 1731 genere

1447 1749 1648 1804 similitudinum
1670 1751 1865 1821 corporalium,
1886 1766 2017 1821 quianon
2038 1765 2150 1821 corpora
2172 1752 2245 1806 sicut

1447 1853 1560 1910 corpora
1574 1849 1722 1910 apparent,
1746 1849 1809 1895 sunt
1828 1839 1919 1896 omnia
1941 1834 2125 1910 quassandas
2147 1839 2244 1895 Libros

1448 1931 1540 2001 lugens
1554 1932 1581 1985 io
1597 1930 1757 2001 propbeticis
1771 1932 1851 1987 ctiam
1867 1932 2016 1988 visionibus
2024 1949 2077 1988 non
2093 1933 2241 2004 intelligis:

1447 2022 1543 2093 quibus
1557 2021 1741 2093 significantur
1753 2039 1784 2079 ea
1797 2040 1857 2095 quac
1870 2034 2000 2094 geruntur
2015 2025 2041 2080 in
2057 2027 2241 2096 temporibus,

1447 2113 1490 2166 vel
1499 2114 1635 2183 prasenti,
1646 2114 1689 2168 vel
1702 2114 1848 2183 praeterito,
1860 2115 1902 2171 vel
1912 2114 2011 2170 loturo.
2028 2115 2143 2172 Falleris
2153 2125 2243 2172 auteur

1449 2204 1475 2259 ia
1497 2205 1552 2272 eis,
1568 2220 1620 2260 non
1634 2206 1696 2275 guia
1710 2215 1773 2261 sont
1791 2208 1847 2277 ipsa
1869 2205 1992 2274 fallacia,
2008 2206 2054 2263 sed
2067 2209 2130 2278 qraia
2144 2224 2199 2264 non
2212 2225 2244 2266 ea

1449 2292 1517 2349 sicut
1537 2294 1691 2364 accipienda
1714 2303 1777 2350 sunt
1797 2295 1907 2366 accipis.
1932 2295 1984 2352 Ubi
2006 2297 2078 2352 enim
2098 2297 2163 2352 vise
2182 2307 2245 2354 sunt

1448 2389 1544 2444 arnimar
1559 2401 1704 2462 martyrum
1715 2391 1805 2463 (Aper.
1820 2408 1856 2458 vr,
1870 2392 1915 2464 9),
1930 2390 2065 2448 incudem
2081 2392 2242 2449 retelatione

1449 2480 1521 2535 visus
1530 2490 1570 2535 est
1580 2490 1608 2536 ει
1614 2496 1699 2552 agnus
1712 2482 1910 2553 qvtasioecisus,
1921 2483 2023 2539 babens
2033 2498 2132 2539 cornua
2141 2491 2244 2554 septem

1449 2569 1505 2642 (ld.
1520 2587 1546 2637 v,
1558 2569 1602 2643 b):
1618 2572 1653 2627 ibi
1665 2573 1744 2643 equi,
1760 2574 1864 2645 aliaque
1876 2574 2019 2643 animalia,
2040 2575 2109 2630 sicut
2121 2578 2240 2646 oportuit

1451 2664 1578 2736 figurata:
1593 2665 1628 2720 ibi
1642 2675 1779 2736 postremo
1790 2675 1817 2721 et
1830 2666 1915 2722 stellae
1928 2664 2093 2731 ceciderunt,
2106 2675 2134 2722 et
2145 2667 2246 2722 eoelum

1450 2757 1566 2826 plicitum
1579 2759 1587 2789 ¹
1606 2768 1648 2813 est
1667 2767 1696 2813 ut
1708 2759 1776 2814 liber
1790 2756 1845 2831 (ld.
1861 2774 1886 2813 ιι
1899 2769 1923 2813 ει
1938 2760 1994 2829 ιι);
2008 2773 2058 2814 aee
2073 2768 2166 2813 umen
2181 2767 2246 2813 tarne

1450 2846 1565 2902 concidit
1578 2847 1702 2903 mundus.
1716 2847 1767 2903 lsta
1783 2850 1871 2919 itaque
1885 2849 1975 2904 omnia
1988 2864 2010 2904 sa
2025 2850 2160 2918 sapienter
2175 2849 2248 2905 acci·

1450 2938 1547 3010 pimus,
1559 2940 1680 3009 utramvis
1689 2940 1809 2996 dicamus
1819 2942 1876 2996 visa
1886 2940 2002 3006 veracia,
2016 2954 2068 2995 aon
2083 2948 2171 2996 tarnen
2184 2955 2248 2996 vera

1451 3029 1565 3086 dicimus
1577 3046 1700 3102 corpora.

1446 3163 1450 3170 .
1488 3122 1532 3178 ³5.
1552 3123 1708 3179 Prolirioris
1722 3133 1812 3181 autem
1824 3125 1957 3181 sermonis
1970 3134 2021 3193 est,
2034 3124 2068 3181 de
2083 3125 2135 3180 isto
2147 3139 2249 3197 genere

1451 3213 1655 3269 similitudinum
1670 3217 1849 3286 corporalium
1863 3217 2066 3286 diligentissima
2085 3216 2248 3287 disputatio,

1452 3311 1541 3358 utrum
1562 3312 1589 3360 et
1609 3306 1718 3376 angeli,
1740 3321 1787 3361 seu
1802 3309 1881 3374 boni,
1897 3323 1944 3364 scu
1958 3310 2019 3364 mali
2031 3310 2070 3364 sie
2083 3317 2248 3379 appareant,
2300 3323 2303 3328 ·

1452 3393 1558 3464 quando
1573 3396 1661 3464 specie
1674 3395 1826 3464 bominum,
1848 3398 1890 3454 vel
1902 3400 2082 3468 quorumlibet
2100 3415 2247 3471 corporum

1453 3495 1580 3555 appareat
1590 3501 1597 3551 ;
1609 3500 1642 3540 an
1656 3485 1771 3542 babeant
1783 3489 1870 3558 aliqua
1885 3505 1948 3545 vera
1958 3505 2081 3561 corpora,
2095 3501 2122 3547 et
2135 3492 2162 3545 in
2175 3492 2251 3562 ipso-

1453 3591 1512 3633 ruur
1527 3579 1614 3648 potius
1627 3580 1739 3635 veritate
1752 3581 1909 3637 videantur:
1923 3598 1957 3638 an
1969 3584 2074 3639 veroin
2087 3586 2190 3641 somatis
2205 3586 2249 3642 vel

1453 3667 1480 3725 in
1494 3669 1606 3737 ocsmsi,
1621 3670 1718 3728 inistis
1731 3684 1884 3741 cernantur,
1900 3690 1953 3730 non
1965 3676 2137 3746 corporibus,
2149 3677 2196 3733 sed
2211 3679 2250 3734 si·

1454 3761 1649 3818 militudinibus
1674 3779 1840 3835 corporum
1872 3767 2044 3837 vigilantibus
2068 3778 2158 3825 autem
2185 3785 2248 3826 vera

1455 3852 1606 3919 cernenda,
1627 3863 1654 3908 ot
1674 3854 1696 3908 si
1716 3870 1782 3925 opus
1796 3865 1856 3925 εει,
1879 3858 1960 3913 ctiam
1980 3860 2111 3931 tangenda
2127 3861 2250 3932 ingerant

1452 3953 1578 4012 corpora.
1601 3943 1654 3999 Scd
1675 3944 1724 4000 ista
1746 3947 1773 4001 in
1796 3946 1847 4003 boc
1869 3949 1937 4005 libro
1959 3950 2117 4021 requirenda
2138 3962 2166 4009 et
2184 3968 2248 4023 per·

1454 4033 1591 4088 tractmda
1610 4049 1671 4090 esse
1692 4052 1746 4091 nun
1764 4037 1889 4093 arbitror.
1913 4038 1989 4096 Noae
2001 4041 2035 4096 de
2048 4044 2135 4097 anima
2154 4044 2245 4100 inicor-

1454 4135 1536 4194 porea
1557 4124 1623 4180 satis
1643 4125 1742 4181 dictum
1765 4129 1820 4184 sit:
1844 4145 1924 4200 quarn
1938 4132 2137 4202 sitcorporearn
2160 4137 2246 4191 maris

1455 4213 1575 4282 credere,
1588 4216 1660 4285 prius
1670 4216 1716 4272 tibi
1726 4218 1906 4276 definiendum
1919 4231 1960 4277 cst
1970 4223 2032 4293 quid
2045 4224 2080 4279 sit
2091 4239 2204 4295 eorpus,
2216 4242 2250 4283 ns

1456 4305 1524 4361 lorte
1543 4322 1603 4362 curu
1617 4308 1651 4365 de
1662 4323 1693 4365 re
1706 4309 1762 4380 ipsa
1784 4311 1853 4367 inter
1864 4328 1914 4369 uos
1926 4323 2044 4379 constet,
2066 4315 2200 4371 incassum
2216 4317 2250 4372 de

1456 4397 1563 4453 nomine
1578 4399 1740 4458 laboremus.
1755 4402 1859 4469 eranta
1879 4414 1905 4460 te
1918 4395 2006 4461 tamen
2024 4406 2138 4462 absurda
2154 4419 2245 4465 secuta

1456 4485 1511 4540 sint
1523 4487 1575 4542 tale
1587 4503 1685 4559 eorpus
1698 4491 1726 4546 in
1738 4494 1826 4547 anima
1839 4495 2012 4563 cogitantem,
2023 4496 2110 4567 qualia
2122 4507 2251 4570 sarrrtquac

1457 4575 1491 4630 ab
1500 4578 1624 4634 omuibus
1634 4580 1746 4636 eruditis
1758 4596 1870 4652 corpora
1881 4595 2075 4655 naracupantur,
2091 4586 2180 4652 idest,
2192 4604 2251 4660 qrrze

1456 4679 1506 4737 per
1519 4667 1672 4723 distantiam
1690 4671 1880 4742 longitudinis,
1903 4673 2064 4743 latitudiuis,
2086 4677 2251 4747 altitudinis,

1458 4758 1578 4814 locorum
1590 4773 1721 4831 occupant
1734 4764 1829 4834 spatia,
1843 4765 1947 4821 minora
1962 4769 2111 4825 minoribus
2120 4771 2177 4826 suis
2193 4786 2254 4840 par·

1458 4847 1539 4914 tilios,
1554 4860 1581 4905 ει
1595 4852 1694 4922 taajora
1711 4855 1866 4924 ntajoribus,
1882 4858 2026 4928 putoqaod
2037 4861 2092 4929 jam
2107 4861 2253 4931 prudenter

1458 4939 1592 4996 atlt'etias.

1494 5033 1607 5089 cavel
1626 5036 1804 5094 llll-so.
1819 5039 1913 5095 Restat
1927 5042 2069 5098 ostendere
2080 5045 2253 5114 qarornauno-

1459 5126 1538 5191 dum,
1557 5130 1679 5199 quamvis
1697 5142 1723 5187 et
1741 5134 1847 5202 proprie
1859 5133 1962 5189 dicator
1975 5138 2101 5206 spiritus,
2124 5151 2178 5192 non
2193 5138 2252 5194 nni·

1459 5233 1536 5274 versa
1549 5221 1648 5287 anima;
1660 5222 1706 5277 sed
1719 5222 1818 5294 aliquid
1833 5225 1926 5294 ipsius,
1942 5227 2010 5281 sicat
2023 5228 2167 5297 Apostolus
2178 5229 2253 5295 dicit,

1460 5309 1495 5364 El
1508 5310 1604 5382 integer
1616 5313 1720 5382 spiritvs
1733 5324 1823 5380 aester,
1835 5325 1859 5370 et
1871 5319 1974 5384 oninra,
1989 5328 2013 5371 ει
2024 5335 2116 5390 corpus
2129 5318 2149 5390 (1
2161 5319 2254 5376 Thess.

1460 5416 1487 5468 v,
1500 5402 1563 5473 ἳὸις
1578 5405 1619 5459 vcl
1632 5405 1695 5460 illud
1706 5407 1791 5461 multo
1802 5409 1955 5478 expressius
1970 5411 1996 5464 in
2011 5411 2079 5466 libro
2092 5411 2154 5480 lob,
2166 5413 2257 5468 disol-

1460 5493 1516 5547 aisti
1529 5494 1641 5549 animant
1653 5513 1734 5550 urcem
1744 5498 1774 5551 aa
1785 5499 1875 5569 spiritu
1886 5516 1940 5555 meo
1953 5499 2014 5571 (iob
2027 5517 2073 5566 vn,
2087 5519 2138 5557 εεε.
2150 5503 2235 5575 LXX)
2249 5522 2256 5558 ι

1461 5592 1550 5640 tamen
1572 5594 1600 5641 et
1621 5588 1743 5643 universa
1763 5591 1851 5645 anima
1874 5593 2021 5662 appelletur
2046 5592 2097 5650 boc
2125 5596 2255 5660 nomine;

1461 5676 1582 5746 quamvis
1595 5679 1679 5732 multo
1692 5681 1777 5751 magis
1788 5682 1845 5736 bare
1856 5684 1969 5753 qurestio
1984 5685 2122 5740 nominum
2136 5686 2256 5742 videatur

1462 5782 1539 5836 esse,
1562 5783 1615 5823 aon
1631 5784 1731 5825 rerum.
1747 5772 1813 5827 Cum
1826 5774 1898 5827 enim
1912 5782 2018 5830 ειιιειει
2037 5790 2097 5831 εεεε
2116 5776 2216 5847 aliquid
2231 5779 2256 5833 iu
2320 5824 2322 5831 .

1462 5860 1558 5927 anima,
1571 5862 1642 5932 qvvod
1660 5865 1768 5935 proprie
1781 5864 1891 5934 spiritus
1903 5868 2056 5923 norninetur
2069 5910 2077 5935 ,
2098 5885 2152 5939 guo
2175 5885 2254 5926 exce·

1464 5961 1509 6021 pto
1530 5955 1638 6025 proprie
1678 5969 1834 6012 nominatur
1864 5967 1892 6014 ει
1926 5960 2035 6025 anima,
2071 5962 2127 6031 jam
2153 5962 2188 6018 de
2213 5977 2254 6016 re·

1464 6044 1513 6099 bos
1533 6046 1597 6116 ipsis
1619 6047 1690 6102 nulla
1712 6050 1849 6103 contentio
1868 6058 1926 6116 e›t;
1945 6053 2093 6121 prasertim
2115 6056 2177 6125 quvis
2193 6050 2254 6108 illud

1464 6138 1543 6192 etiam
1556 6154 1605 6208 rgo
1615 6138 1674 6194 dieo
1686 6141 1791 6209 proprio
1803 6143 1891 6196 vorari
1905 6143 2038 6213 spiritum,
2052 6146 2122 6216 quod
2137 6155 2164 6200 ει
2177 6154 2203 6200 ιι
2215 6144 2253 6198 di·

1464 6230 1512 6292 ιιι,
1531 6229 1555 6282 id
1570 6238 1620 6295 est,
1636 6245 1689 6299 quo
1705 6232 1894 6288 ratiocinamur
1908 6241 1935 6290 ει
1951 6234 2138 6306 intelligimus,
2153 6233 2254 6307 girando

1499 6324 1506 6355 ¹
1519 6323 1552 6369 siv
1562 6320 1615 6370 tta.
1631 6324 1697 6381 inlita,
1710 6322 1832 6385 plicatura.
