5592 7350
584 893 636 952 tit
1019 890 1063 947 DE
1081 886 1321 947 colluctatoris
1342 887 1385 942 ΕΤ
1404 887 1545 947 cuntis.
1565 890 1594 946 S.
1614 887 1796 948 cucusum
2174 890 2224 949 att

584 985 685 1056 pareri
706 984 750 1040 tibi
763 982 847 1054 (Psoi.
863 999 907 1051 ιιι,
923 983 967 1053 5).
979 983 1047 1052 Quid
1068 984 1194 1049 iacerent,
1206 983 1250 1053 qui
1271 982 1304 1036 de
1319 981 1404 1035 libero
1424 981 1474 1037 sibi
1493 980 1640 1052 gloriantur
1658 982 1768 1037 arbitrio
1782 983 1864 1052 (peruri
1885 998 1938 1039 nou
1957 991 2080 1055 negatur,
2092 996 2157 1038 curn
2173 982 2220 1039 bet

584 1074 716 1131 duntaxat
732 1075 893 1145 adjutorio),
916 1074 937 1127 si
949 1076 1003 1143 jane
1020 1074 1143 1144 absorpta
1159 1073 1250 1129 luisset
1264 1086 1336 1126 rums
1349 1072 1375 1125 in
1389 1071 1510 1134 victoria,
1524 1072 1547 1126 si
1557 1072 1611 1142 jam
1625 1072 1737 1127 mortale
1759 1083 1880 1142 uestrum
1902 1074 2017 1129 induerit
2032 1073 2222 1129 immortalita-

585 1178 650 1236 iem‚
665 1177 691 1223 et
706 1166 877 1236 corruptibile
899 1175 1018 1219 nostrum
1041 1165 1155 1219 iudneeit
1175 1164 1398 1233 incorruptionem
1421 1162 1441 1236 (Ι
1454 1161 1512 1217 Cor.
1534 1179 1580 1227 su,
1595 1163 1641 1227 5³,
1655 1161 1725 1237 stit
1736 1165 1803 1221 eece
1823 1165 2035 1233 leteutrulncee
2058 1174 2086 1221 et
2103 1164 2224 1236 superbe

588 1260 685 1329 potitur
696 1257 838 1313 uredicina.
849 1256 905 1312 Nou
916 1256 1008 1311 eiieuut
1021 1258 1089 1312 sient
1104 1257 1202 1328 justus.
1216 1256 1275 1311 b'in'
1290 1254 1413 1310 Dominus
1426 1256 1563 1327 edireeirset
1576 1272 1625 1320 me,
1639 1256 1717 1327 poulo
1731 1257 1814 1311 minen
1827 1257 1961 1313 lreir'tcsret
1974 1259 2001 1311 in
2014 1258 2116 1326 inferne
2131 1258 2221 1311 eriere

586 1365 641 1403 urea
657 1346 973 1421 (Pral.1cttt.l'll.ll'on
994 1349 1084 1404 dicunt
1106 1348 1175 1402 sicut
1192 1355 1308 1410 sanetus,
1330 1344 1389 1400 biri
1407 1344 1532 1401 Doudoua
1553 1346 1698 1401 custodierit
1712 1347 1847 1413 cieltotenr,
1863 1349 1957 1419 [centro
1974 1349 2086 1420 uigilauit
2114 1348 2159 1418 qut
2177 1364 2224 1401 cu-

584 1440 662 1496 stodit
674 1456 730 1494 eom
745 1436 827 1512 (Psoi.
846 1454 936 1502 erret,
951 1441 963 1495 l
976 1440 996 1513 ).

617 1531 645 1590 d.
660 1531 714 1589 snt
728 1548 790 1599 ora,
807 1532 924 1602 piissime
940 1542 1025 1603 pater,
1048 1542 1076 1586 ut
1086 1531 1141 1602 jam
1155 1546 1208 1588 nou
1223 1545 1312 1586 curant
1327 1543 1463 1602 geramus,
1473 1528 1525 1583 uisi
1539 1544 1586 1599 pro
1603 1539 1714 1601 peccato
1728 1541 1823 1587 nostro
1838 1532 1963 1605 lacrymis
1976 1533 2122 1603 expiando,
2135 1542 2162 1589 ct
2174 1532 2222 1589 bct

582 1624 666 1698 grana
676 1624 896 1681 commendando.
913 1624 975 1694 Ora,
993 1625 1100 1680 domiue
1115 1641 1200 1695 pater,
1215 1633 1243 1680 ut
1257 1640 1309 1678 uon
1323 1631 1416 1693 urgeat
1426 1636 1507 1693 super
1527 1637 1576 1677 nos
1594 1633 1688 1692 perteus
1701 1640 1732 1677 os
1751 1637 1828 1679 suum
1843 1623 1930 1693 (Prol.
1942 1641 2032 1690 exerte,
2044 1625 2109 1695 lli),
2124 1635 2153 1680 ut
2168 1626 2222 1679 ssl-

581 1732 704 1773 rcmura
727 1717 998 1773 descendentibus-iu
1016 1716 1103 1771 laeum
1115 1715 1198 1788 (Psoi.
1230 1732 1304 1781 xxix,
1317 1716 1361 1785 l),
1377 1725 1406 1770 ιιι
1421 1729 1475 1769 non
1495 1725 1587 1784 pereat
1610 1715 1773 1785 cumimpiis
1791 1718 1879 1771 aniene
1893 1728 1983 1773 nostra
1997 1718 2083 1789 (Psoi.
2102 1735 2171 1785 aar,
2186 1719 2221 1785 9)

581 1823 630 1879 per
648 1807 799 1879 superbiam
819 1818 948 1869 nostram,
960 1808 1009 1863 scd
1024 1816 1133 1863 sanetur
1156 1824 1203 1877 per
1223 1806 1327 1860 Donrini
1341 1815 1463 1876 gratiam.
1480 1806 1554 1859 Sient
1568 1819 1631 1873 ergo
1646 1808 1805 1875 precepisti,
1820 1807 1927 1865 domine
1943 1825 2020 1879 papa,
2032 1810 2116 1866 irater
2131 1821 2223 1866 noster

582 1900 693 1967 Florus,
708 1914 802 1955 socrus
817 1899 972 1955 sanctitatis
988 1910 1049 1967 tuae,
1065 1898 1140 1953 omui
1150 1897 1286 1953 alacritate
1309 1895 1436 1967 perrexit,
1450 1895 1492 1951 cui
1518 1911 1570 1950 uon
1585 1896 1705 1966 impedit,
1721 1898 1767 1952 sed
1790 1900 1895 1970 proiecit
1914 1900 2089 1971 terrigenam
2112 1901 2227 1958 accedat

581 1997 606 2052 ei
626 1994 769 2052 dilucidata
783 1995 872 2050 cordis
885 1996 1032 2058 inseruerim
1047 2008 1125 2067 quern
1139 2003 1189 2047 turc
1200 1990 1387 2047 sanctimonie
1403 1990 1556 2061 suppliciter
1565 1990 1793 2057 commendamus,
1807 1993 1957 2065 pariterque
1969 1994 2226 2064 deposebnusoeer

580 2086 687 2157 ignaros
698 2085 750 2140 tuis
759 2084 922 2140 orationibus
938 2084 1050 2139 Domino
1062 2082 1234 2138 commendes
1246 2079 1460 2135 mansuetissime
1473 2081 1683 2150 componendus.
1693 2081 1756 2146 Ora,
1765 2081 1873 2137 domiue
1882 2090 1909 2139 ct
1921 2084 2077 2140 dulcissime
2095 2095 2183 2154 poter.
2196 2094 2223 2140 ιιι

581 2176 663 2248 lugiet
676 2178 797 2233 diabolus
807 2176 840 2232 de
853 2180 1057 2247 congregatione
1070 2185 1171 2242 nostra,
1186 2183 1211 2229 et
1227 2182 1314 2228 amota
1330 2171 1403 2227 omui
1415 2172 1563 2228 alienarum
1575 2174 1752 2243 qeraestiouum
1767 2176 1891 2245 procella,
1905 2177 1980 2231 neris
1994 2178 2125 2247 propositi
2140 2186 2224 2232 noster

579 2265 833 2339 epibatisielquietis
847 2276 940 2321 onusta
954 2266 1022 2319 intra
1036 2265 1175 2320 stationem
1191 2262 1314 2318 tutissimi
1330 2272 1423 2331 portus
1437 2277 1531 2318 secure
1540 2263 1678 2332 consistat,
1686 2264 1749 2320 dum
1764 2265 1871 2336 navigat
1886 2282 1933 2337 per
1946 2265 1998 2323 hoc
2011 2281 2087 2322 enare
2098 2283 2224 2339 uraguom

579 2366 608 2415 et
628 2358 801 2424 immensum,
814 2365 842 2411 et
859 2355 885 2411 iu
902 2355 947 2409 iiio
961 2367 1048 2426 portu,
1064 2355 1131 2409 iutra
1146 2369 1225 2424 quem
1237 2353 1292 2421 jarer
1313 2368 1365 2406 nou
1385 2350 1437 2406 erit
1456 2351 1628 2407 metuendum
1643 2353 1704 2408 uite
1722 2354 1867 2425 navigium,
1884 2355 2013 2410 mercium
2035 2354 2226 2426 indiscrepans

580 2449 693 2521 accipiat
707 2449 821 2519 pretium
844 2448 1009 2517 placitarum.
1025 2446 1082 2501 lloc
1097 2456 1147 2501 tuor
1162 2444 1315 2501 sanctitatis
1334 2444 1525 2513 impetraturos
1545 2459 1594 2499 nus
1615 2444 1774 2501 corrbdirnus
1797 2447 1940 2515 adiutorio,
1958 2462 2006 2518 pe.-
2025 2448 2140 2518 gratiam
2163 2464 2225 2519 quen

579 2548 620 2598 αι
635 2540 662 2594 iu
676 2536 782 2595 Cirristo
793 2536 855 2593 Jesu
870 2537 982 2592 Domino
1004 2546 1105 2591 nostro.
1119 2536 1219 2591 Omnes
1247 2534 1315 2590 filius
1328 2532 1492 2603 apostolatus
1507 2534 1543 2587 tui
1558 2533 1670 2589 domnos
1681 2544 1787 2590 nostros
1804 2538 1926 2601 clericos,
1941 2552 1973 2592 ac
1986 2547 2097 2592 sauctus
2113 2538 2140 2592 in
2157 2553 2224 2593 eon-

579 2634 733 2705 gregatione
750 2632 879 2704 propositi
898 2633 1045 2688 servientes
1059 2631 1235 2703 deprecamur
1246 2640 1275 2683 ut
1285 2628 1402 2698 digneris
1416 2635 1508 2681 nostro
1523 2626 1611 2681 olbeiu
1621 2628 1749 2693 salutare,
1766 2637 1794 2684 ut
1806 2645 1867 2683 euen
1886 2638 1929 2684 tua
1948 2630 2118 2684 beatitudine
2132 2646 2226 2687 ornuca

581 2741 628 2797 pro
640 2726 716 2782 nobis
733 2741 811 2781 orare
831 2725 982 2795 dignentur.
998 2722 1182 2794 indiscrepans
1194 2721 1310 2776 Trinius
1328 2719 1430 2774 boutiui
1448 2719 1493 2773 bei
1510 2719 1592 2773 nostri
1605 2719 1783 2788 apostolatum
1805 2733 1889 2787 tuum,
1905 2737 1985 2792 queen
1999 2722 2081 2793 clegit
2096 2737 2146 2792 pce
2165 2738 2226 2793 gra-

580 2818 654 2885 tiam,
667 2826 809 2874 consecret
824 2816 901 2870 uobis
914 2816 940 2869 iu
956 2814 1073 2870 Ecclesia
1088 2828 1147 2880 sua,
1158 2823 1185 2868 ct
1198 2812 1280 2868 nostri
1295 2825 1443 2865 memorem
1455 2817 1566 2865 coronet
1580 2807 1607 2863 iu
1624 2808 1742 2864 Ecclesia
1753 2825 1858 2880 magua,
1867 2811 1938 2881 qerod
1952 2821 2089 2882 optamus,
2104 2813 2224 2866 domine.

579 2906 608 2963 Si
627 2906 689 2978 qnid
704 2919 793 2961 autem
811 2903 926 2959 lamulus
938 2913 988 2959 tuae
1003 2902 1157 2959 Sarrcutnis
1171 2902 1251 2958 irater
1266 2900 1427 2971 suggesserit
1441 2897 1548 2956 Florus.
1559 2913 1607 2968 pro
1620 2899 1711 2969 regula
1726 2902 1890 2966 monasterii,
1904 2901 2034 2972 digneris,
2050 2913 2138 2973 pater,
2157 2904 2227 2973 peti·

580 3011 650 3065 mus,
666 2996 778 3052 libenter
790 2997 922 3064 accipere,
936 3004 963 3049 et
975 3010 1021 3064 per
1033 2994 1121 3049 ermuia
1143 3009 1193 3049 uos
1206 2993 1326 3047 infirmos
1340 2993 1481 3047 iustruere.

609 3086 647 3151 (ιι)
664 3084 774 3153 metui
787 3087 900 3137 dicuntur
911 3084 1002 3137 milltes
1011 3085 1136 3147 cimbrii,
1147 3085 1189 3149 qul
1205 3084 1230 3134 lu
1242 3085 1344 3134 travibus
1354 3090 1489 3134 merentur.

552 3227 557 3235 .
592 3177 2229 3235 m

884 3286 957 3403 S·
994 3289 1375 3403 suanm
1412 3287 1917 3403 secusdum

1167 3478 1425 3545 nteeonsusts
1443 3478 1622 3544 crisconi

579 3617 1441 3903 concurreretur}
1504 3735 1665 3897 ue
1736 3736 2221 3906 enarre

716 3987 771 4052 AD
790 3988 963 4053 Ruborem
981 3986 1246 4051 VALENTINUM
1266 3986 1318 4046 ΕΤ
1339 3983 1423 4047 CUM
1442 3983 1536 4047 ILLO
1555 3983 1775 4049 bonucrios
1790 3988 2075 4053 ADRUMETINOS

1208 4127 1347 4220 ‘fiili'
1369 4141 1479 4222 utus
1507 4125 1566 4212 (ι).

1273 4294 1510 4348 —eco-

606 4398 722 4462 i’rloolplo
732 4397 788 4449 dlcit
798 4409 908 4460 quaenam
920 4397 951 4446 sit
958 4393 1075 4446 catholica
1092 4388 1192 4442 iidcsde
1200 4387 1268 4453 lege,
1280 4388 1312 4438 de
1323 4387 1403 4438 libero
1412 4387 1512 4438 aririteio
1521 4394 1547 4437 et
1555 4386 1588 4436 do
1602 4388 1688 4450 gratia.
1706 4389 1808 4439 oratiam
1824 4391 1868 4439 bel
1880 4403 1923 4452 pce
1934 4397 2017 4440 tesrrm
2027 4390 2148 4442 ebusum
2165 4404 2220 4442 eaor

576 4471 634 4512 esse
645 4459 726 4517 docet,
737 4471 784 4521 uua
796 4458 847 4507 sola
859 4458 969 4506 homines
981 4451 1220 4508 lilreeautueauraio.
1234 4455 1260 4499 et
1272 4451 1327 4498 siue
1360 4461 1390 4498 ua
1408 4447 1500 4498 nullum
1511 4461 1610 4510 prorsus
1621 4445 1710 4499 iscium
1725 4451 1825 4507 bouum,
1838 4463 1884 4500 uon
1900 4451 1978 4502 solum
1996 4460 2148 4503 monstrante
2167 4454 2220 4515 ipsa

574 4521 633 4584 quid
646 4519 780 4570 leeleodum
790 4521 832 4576 sit,
844 4518 888 4568 scd
900 4518 973 4567 etiam
984 4521 1115 4577 prestante
1127 4513 1178 4574 lpse
1186 4518 1214 4561 ιιι
1224 4510 1247 4560 ld
1258 4523 1313 4560 cunr
1323 4463 1456 4582 dilectione
1467 4510 1562 4582 iaciant,
1571 4522 1626 4560 cerm
1637 4511 1667 4558 ils
1678 4518 1742 4560 ocus
1753 4511 1934 4573 inspirationem
1952 4514 2023 4562 boue
2036 4511 2168 4564 retentaris
2186 4522 2221 4564 st-

610 4583 716 4644 eoperls
727 4581 762 4630 lae
780 4582 851 4629 iatur.
862 4578 1042 4649 &ereptionem
1054 4574 1176 4624 bominum
1188 4570 1313 4631 malorum,
1330 4584 1371 4634 qur
1384 4571 1445 4621 lrauc
1455 4578 1556 4633 gratiam
1568 4583 1614 4620 noc
1627 4580 1782 4633 acceperunt.
1793 4585 1840 4622 nec
1849 4572 1960 4635 injustam
1972 4587 2109 4632 esse‚.enm
2125 4588 2169 4624 sua
2180 4589 2222 4624 ro·

604 4649 671 4693 ιιιιιιιι
683 4641 738 4691 maii
749 4595 813 4700 spon
827 4651 874 4748 effi
885 4636 1003 4695 inettrleen.
1017 4635 1111 4686 tauretsi
1124 4632 1246 4707 latendum
1262 4639 1301 4682 est
1312 4633 1407 4681 nourrisl
1416 4645 1460 4695 per
1476 4630 1611 4704 [icumllerl
1623 4638 1650 4681 ut
1674 4633 1749 4682 erosit.
1762 4635 1969 4684 cersereranuam
1989 4633 2013 4683 in
2025 4636 2089 4683 bono
2103 4648 2220 4697 eroganero

575 4714 666 4754 reuera
678 4715 734 4753 esse
746 4703 787 4751 oei
800 4715 839 4750 inu
875 4696 1190 4757 sznectamenideoepus
1199 4700 1518 4756 qurooupeeseverarcut,
1537 4691 1637 4756 neglege
1687 4707 1709 4741 ,ιι
1726 4697 1989 4755 emecoucpticucrm
2005 4702 2032 4745 et
2050 4697 2093 4756 qui
2115 4709 2162 4745 uou
2179 4708 2220 4745 ac-

573 4771 646 4826 cepto
659 4764 705 4813 boc
715 4763 779 4813 dono
789 4761 863 4813 luerit
874 4773 917 4810 sua
930 4759 1054 4810 volantatc
1065 4756 1117 4808 ecla
1147 4769 1176 4805 us
1186 4757 1211 4804 iu
1223 4762 1357 4818 peccatum,
1368 4766 1425 4803 eum
1436 4766 1485 4803 uon
1496 4755 1650 4815 correptione
1663 4761 1764 4814 tautum,
1778 4755 1822 4804 scd
1834 4757 1855 4804 si
1867 4768 1945 4817 oseae
1956 4756 1986 4805 ad
1998 4763 2103 4804 mortem
2114 4757 2137 4805 iu
2155 4758 2221 4806 ma'o

576 4825 747 4886 permanserit.
762 4825 835 4872 etiarn
847 4829 938 4871 aetceua
949 4820 1102 4869 damnatione
1129 4817 1135 4866 i
1171 4827 1212 4865 um
1224 4828 1289 4865 esse.
1300 4821 1346 4864 cur
1361 4815 1408 4864 boe
1418 4813 1507 4864 dorium
1516 4811 1559 4863 ille
1573 4816 1684 4877 accipiat,
1698 4815 1739 4865 iile
1752 4828 1800 4865 uon
1813 4817 1922 4877 accipiat.
1932 4829 1989 4865 csse
1997 4816 2166 4866 inscrutabile.
2186 4824 2219 4868 ιιι

535 4918 539 4926 -
634 4885 754 4935 lostiuatis
764 4883 857 4934 nullum
869 4884 951 4945 perire
963 4893 1035 4943 turmo
1047 4895 1054 4931 ε
1073 4891 1125 4929 aes
1160 4877 1215 4927 iude
1227 4877 1446 4939 perseverantiam,
1458 4887 1530 4938 qnam
1542 4887 1589 4925 ooo
1600 4888 1687 4925 onrues
1696 4877 1868 4939 accip-bautoni
1887 4877 1926 4926 bic
1940 4877 1980 4926 lilii
1994 4878 2037 4926 oei
2054 4877 2219 4939 appellantur,

583 4945 605 4995 is
615 4946 727 4995 erunibus
735 4945 786 4994 dari
798 4945 840 5007 qui
851 4956 910 4992 rore
920 4941 959 4991 lilii
977 4949 1035 4992 suut
1045 4941 1196 5004 prescientia
1208 4946 1234 4988 et
1243 4937 1455 4999 predestinatione
1466 4938 1516 4985 oei.
1529 4937 1664 4997 umroudet
1672 4936 1702 4985 ad
1714 4939 1940 5001 quaestionemque
1950 4938 1983 4987 de.
1993 4939 2081 4987 udaruo
2091 4952 2121 4989 se
2133 4939 2215 4993 offert.

650 5006 696 5055 odo
708 5007 760 5067 ipse
773 5018 820 5055 uon
834 5002 1015 5066 perseuerantio
1027 5002 1143 5065 pecodeit,
1155 5000 1196 5062 qui
1210 4999 1416 5062 perseuerantiam
1428 5010 1476 5047 oon
1487 4998 1588 5060 accepit.
1600 4998 1711 5047 ostendit
1721 4998 1771 5047 tale
1783 5000 1885 5060 primam
1899 4999 1941 5060 usi
1957 4999 2041 5048 datum
2053 5012 2112 5048 esse
2124 5002 2218 5060 adjuto-

657 5067 711 5115 siue
720 5078 770 5128 quo
782 5079 834 5114 uon-
841 5071 924 5126 posset
936 5065 959 5112 in
971 5065 1034 5113 leno
1045 5074 1190 5125 permanere
1201 5063 1220 5110 si
1233 5059 1318 5115 rellet.
1333 5071 1381 5108 noa
1391 5071 1441 5120 qrro
1456 5057 1527 5108 lieret
1545 5065 1572 5107 rat
1583 5057 1674 5108 reilet:
1686 5070 1750 5108 uuuc
1760 5072 1820 5110 rcro
1830 5073 1875 5122 per
1883 5060 2000 5109 christum
2008 5060 2069 5116 daei,
2081 5074 2129 5109 ouo
2140 5059 2218 5110 selum

573 5128 629 5177 aiere
637 5140 686 5191 quo
698 5138 842 5188 pernrsrrero
854 5139 877 5175 ru
890 5127 953 5174 bouo
962 5137 1009 5174 nou
1021 5135 1157 5198 [rossuruns.
1176 5120 1270 5171 etiarnsi
1289 5120 1400 5176 eclimus
1414 5133 1498 5169 reum
1511 5120 1584 5169 etiarn
1595 5126 1687 5170 uatum
1698 5132 1727 5170 ac
1736 5118 1793 5176 tale.
1806 5134 1855 5185 qrro
1864 5120 1905 5170 ilat
1916 5127 1943 5171 ut
1962 5121 2075 5170 relinms.
2090 5122 2219 5171 medeant-

575 5195 696 5246 ratorum,
708 5186 797 5250 quibus
808 5199 858 5248 pren
867 5187 929 5234 ιὶιιιιι
942 5192 980 5234 est
990 5182 1126 5246 leupusurodl
1137 5183 1236 5239 cicerone,
1249 5183 1333 5244 probat
1347 5188 1441 5230 eertum
1453 5194 1509 5230 esse
1519 5194 1646 5229 numerum
1659 5194 1740 5242 tregue
1751 5182 1897 5243 augendum,
1910 5194 1992 5244 neque
2004 5183 2179 5231 minuendum:
2193 5189 2220 5233 et

572 5258 628 5300 cuo
650 5249 760 5313 ιςιιοιιιιιι
776 5248 808 5298 sit
823 5258 879 5309 qrrrs
895 5246 925 5294 ad
943 5257 1000 5294 eune
1016 5256 1145 5294 rturneruru
1164 5244 1293 5304 pertineat,
1314 5243 1370 5304 quis
1389 5254 1437 5291 coc
1455 5246 1587 5304 pertineat,
1602 5242 1770 5291 medicinalem
1785 5244 1962 5305 correptionem
1980 5243 2145 5292 arlbibcudsrn
2161 5256 2220 5292 mo

574 5311 689 5422 omolilgrus
700 5308 865 5419 preempiibulsi.
878 5319 910 5357 uc
919 5306 958 5357 rel
968 5307 1013 5370 ipsi
1024 5313 1128 5369 peream
1138 5301 1179 5355 tici
1190 5303 1250 5354 alios
1258 5303 1368 5367 pentane.
1377 5301 1500 5355 comiciis
1510 5304 1618 5365 demuto,
1632 5315 1680 5353 nec
1687 5304 1765 5366 gratia
1775 5303 1899 5368 pmltlberl
1907 5305 2097 5367 correptionem,
2111 5317 2219 5354 neocor-

573 5382 619 5436 rep
655 5384 687 5421 oc
698 5382 775 5434 uegar
794 5381 838 5435 gra
857 5381 905 5418 am.

610 5471 723 5531 CAPUT
749 5470 893 5529 PiliilUll.
918 5500 951 5512 -
976 5469 1003 5526 l.
1027 5467 1115 5525 Lectis
1140 5466 1236 5522 litteris
1260 5466 1366 5530 restris,
1422 5467 1489 5532 tias,
1505 5466 1576 5538 qerod
1591 5477 1705 5522 reseram
1720 5467 1747 5523 ln
1762 5467 1993 5553 Dominopaeem.
2016 5479 2043 5526 et
2062 5470 2218 5528 inveritate

576 5562 716 5620 valentine
749 5562 832 5619 irater
852 5560 1040 5623 dilectissime,
1056 5567 1084 5614 et
1102 5559 1146 5628 qul
1162 5558 1241 5614 simui
1263 5557 1368 5613 servitis
1421 5556 1636 5621 consensionem,
1651 5564 1679 5612 et
1698 5556 1724 5610 iu
1739 5556 1870 5612 ebaritatc
1882 5556 2048 5628 flagrantiam
2066 5569 2156 5616 restro
2171 5579 2218 5615 nu-

498 5639 503 5651 ’
575 5655 649 5724 Deo,
664 5669 732 5726 uuas
746 5670 794 5726 per
807 5655 915 5709 iratrem
931 5650 1038 5707 Florum
1050 5691 1058 5714 ‚
1072 5659 1100 5706 et
1121 5665 1171 5706 eos
1187 5649 1232 5719 orei
1247 5663 1307 5703 cum
1323 5647 1368 5702 ilio
1423 5647 1464 5704 bis
1478 5646 1582 5703 redditu
1594 5660 1718 5704 sermone
1730 5648 1852 5719 cognovi.
1867 5649 1943 5718 Quod
1955 5659 2043 5710 annm
2057 5653 2091 5706 ad
2106 5653 2218 5709 subuer-

573 5747 607 5806 ad
623 5763 673 5807 not
686 5753 827 5814 venemur,
840 5745 915 5803 misit
927 5744 1050 5802 Charitas
1064 5749 1164 5808 resim,
1179 5742 1221 5813 egi
1238 5741 1292 5796 Deo
1303 5754 1367 5811 gra·
1421 5737 1524 5792 sionem
1538 5736 1714 5809 qrrorumdarn
1736 5738 1806 5809 apud
1823 5754 1873 5796 ros
1894 5741 2056 5798 molliusest
2080 5743 2217 5812 iuimicus,

1162 5866 1305 5910 ΔΝΙΟΝΙΤΙΟ
1323 5866 1364 5906 rr.
1384 5865 1624 5906 BBNBDlCTth‘lRUH·

574 5975 679 6086 88ιιιιὲιζθιἢ
682 5973 723 6085 dg,
724 5975 928 6086 ιιῑῶιτωοιοιιιὲιῐιιῗοξι,
929 5970 1048 6084 1ιιιιιιὶἱιιὶιυίιῑιι
1058 5967 1266 6021 eedem-codices
1275 5978 1330 6017 cem
1340 5963 1404 6015 ibeo
1414 5964 1448 6015 ds
1457 5965 1536 6015 Gratia
1547 5970 1573 6015 et
1583 5964 1669 6015 iiboeo
1679 5965 1791 6027 Arbium,
1801 5979 1864 6030 quos
1873 5979 1947 6031 supra
1956 5971 2156 6030 memorarlnrrrs,
2170 5971 2218 6023 coi.

606 6137 856 6219 Courpaeuct'rnus
864 6144 1015 6218 pretereo
1031 6152 1079 6194 ecs
1091 6148 1192 6194 omncs
1204 6128 1353 6192 editiones
1368 6128 1461 6190 r'rrr'tr‘o
1475 6129 1561 6192 llelr.
1574 6145 1601 6196 et
1611 6127 1753 6198 Confess.
1776 6139 1849 6194 loru.
1868 6133 1896 6207 i,
1913 6142 2108 6196 memoratae.
2153 6139 2198 6201 ιι,
2232 6189 2235 6194 ,

604 6261 640 6323 (u)
656 6261 761 6323 scriptus
770 6270 833 6308 anno
843 6257 927 6307 cbnsb
941 6254 984 6306 iso
996 6263 1036 6306 aut
1052 6255 1102 6313 lii,
1111 6252 1234 6315 aliquanto
1246 6257 1299 6313 posi
1310 6252 1406 6301 easclra.
