5592 7350
567 876 619 933 uis
1176 864 1204 921 S.
1225 860 1407 921 incusum
1427 857 1580 916 crisconi
2162 856 2213 911 sus

568 968 695 1028 uberibus
709 966 843 1023 nutriebar
857 1005 865 1031 ,
879 978 932 1019 non
946 961 1032 1017 solum
1047 958 1169 1015 absentia
1188 969 1232 1014 tua
1248 956 1368 1019 crucior,
1386 967 1479 1008 rerum
1495 960 1575 1008 etiam
1595 947 1742 1020 peruicacia
1763 944 1956 1018 quorumdam,
1975 945 2022 1017 qni
2037 959 2093 1001 non
2108 953 2214 1002 ,ιιιιιιιιιι

569 1060 708 1118 manilesta
728 1063 875 1128 respuunt,
894 1053 942 1112 scd
961 1054 1041 1109 etiam
1057 1068 1109 1105 non
1125 1050 1259 1106 intellecta
1276 1043 1487 1117 reprehendunt.
1507 1044 1639 1099 Ceterum
1656 1041 1705 1095 bac
1726 1040 1877 1109 suspicione
1898 1040 1926 1093 in
1948 1046 2053 1094 uatum
2074 1053 2175 1104 cereo,
2189 1052 2215 1097 ut

570 1154 657 1224 potius
672 1151 852 1206 iullrmitatem
872 1161 976 1208 meare,
992 1160 1043 1214 qam
1057 1144 1122 1198 cales
1135 1157 1226 1212 parum
1244 1142 1376 1211 patienter
1389 1139 1465 1202 iero,
1480 1133 1625 1190 notabilem
1646 1140 1746 1202 putem.
1760 1130 1879 1197 Qualiter
1891 1138 1980 1185 autem
1994 1130 2027 1185 ad
2047 1130 2107 1185 lare
2120 1144 2216 1186 consu·

571 1247 677 1303 lendum
699 1242 821 1313 judicos,
837 1248 866 1295 ut
877 1239 932 1294 disi
948 1280 956 1305 ,
976 1246 1028 1292 tue
1050 1234 1187 1305 sapientiae
1201 1232 1370 1301 derelinquo.
1390 1228 1458 1286 Num
1471 1227 1504 1282 ad
1524 1241 1567 1282 uae
1581 1224 1632 1279 hec
1651 1222 1785 1293 pertinere
1796 1220 1895 1278 credidi
1911 1264 1920 1288 ,
1935 1236 1987 1293 pro
1999 1236 2032 1278 ea
2046 1237 2129 1292 quam
2142 1221 2215 1277 ciri·

573 1348 615 1394 sto
627 1336 668 1392 rel
693 1334 738 1389 tibi
758 1332 844 1387 debeo
856 1331 1002 1390 charitate,
1026 1337 1055 1383 ιιι
1068 1342 1127 1398 quae
1147 1327 1173 1381 iu
1194 1325 1368 1395 questionem
1384 1321 1516 1387 ueniunt,
1541 1332 1594 1372 non
1611 1327 1737 1371 tacerem.
1757 1314 1892 1385 Quidquid
1915 1330 1966 1386 pro
1980 1330 2012 1372 ea
2027 1318 2116 1387 qratia
2140 1331 2215 1386 quan

572 1432 599 1486 in
616 1439 641 1483 te
654 1426 743 1499 pusilli
758 1440 818 1479 eum
833 1422 935 1492 magnis
957 1420 1102 1485 miramur,
1123 1416 1240 1472 uolueris
1254 1423 1299 1468 aut
1313 1412 1450 1477 valueris,
1472 1408 1623 1480 gratissime
1644 1407 1826 1476 accipiemus,
1842 1413 1966 1475 tanquam
1989 1420 2004 1461 a
2020 1405 2104 1461 meliis
2117 1406 2217 1461 eberis.

572 1522 639 1576 sima
658 1529 686 1575 et
699 1515 920 1572 reverendissima
941 1513 1099 1567 auctoritate
1115 1510 1263 1564 decretum.
1278 1508 1349 1562 Saue
1362 1504 1423 1585 quia
1435 1545 1444 1571 ,
1458 1511 1570 1573 urgente
1586 1500 1737 1570 perlatore,
1759 1498 1835 1553 timui
1855 1513 1890 1554 ne
1907 1499 1951 1553 rel
1965 1514 2020 1554 non
2043 1500 2159 1563 omnia,
2179 1495 2219 1557 rel

572 1614 630 1668 lusce
653 1612 709 1681 ipsa
732 1611 820 1664 cirinus
839 1608 938 1677 digne,
953 1604 1076 1660 cennius
1090 1617 1210 1666 mearum
1233 1599 1349 1662 ririram,
1365 1610 1472 1666 possem
1486 1595 1602 1665 dirigere
1622 1611 1629 1646 ι
1650 1592 1692 1663 cqi
1711 1606 1773 1646 cum
1784 1591 1862 1658 uiro,
1883 1599 1938 1645 tum
1958 1593 2083 1647 moribus
2096 1601 2156 1647 tuna
2169 1591 2219 1646 elo-

572 1706 676 1774 quioet
700 1702 788 1757 stradio
809 1700 899 1766 claro,
922 1708 951 1752 ut
971 1706 1068 1767 quanta
1094 1704 1185 1766 posset
1204 1693 1315 1748 collecta
1334 1690 1392 1745 suis
1415 1689 1509 1744 litteris
1530 1689 1661 1743 intimaret
1677 1686 1740 1755 (e):
1760 1699 1827 1755 quas
1848 1683 2005 1754 conjunctas
2030 1684 2075 1740 liis
2087 1683 2220 1741 destinare

573 1792 675 1850 curari.
693 1793 741 1848 Est
753 1792 825 1846 enim
842 1790 900 1845 talis
913 1788 977 1858 qui,
992 1788 1072 1842 etiam
1087 1794 1184 1856 preter
1199 1783 1268 1838 banc
1281 1778 1490 1846 necessitatem,
1505 1778 1600 1850 dignus
1611 1788 1664 1832 tue
1678 1775 1832 1832 sanctitatis
1845 1776 1938 1830 notitia
1947 1775 2098 1846 judicetur.
2110 1775 2222 1831 Sanctus

574 1886 704 1942 Leontius
722 1884 864 1945 diaconus,
880 1881 968 1935 cultor
987 1885 1138 1943 taius,cum
1154 1875 1221 1930 meis
1237 1872 1390 1943 parentibus
1405 1871 1517 1927 multum
1531 1879 1556 1924 te
1569 1869 1676 1924 salutat.
1696 1866 1841 1922 liemoretu
1860 1867 1912 1921 mei
1932 1866 2130 1922 Paterrritatem
2155 1875 2221 1921 tuan

576 1979 705 2033 borninus
718 1974 839 2031 cbristus
857 1971 985 2027 Ecclesiae
1005 1984 1062 2024 sum
1074 1968 1151 2022 annis
1165 1965 1285 2035 pluribus
1297 1963 1397 2019 donare
1410 1962 1543 2034 dignetur,
1557 1959 1666 2015 dominc
1677 1968 1761 2029 pater.
1776 1958 1809 2012 Et
1828 1960 1898 2029 infre
1911 1975 1922 2012 .·
1934 1958 2006 2012 Sciat
2017 1957 2161 2014 Sanctitas
2172 1968 2222 2026 tua,

576 2071 686 2126 iratrern
702 2082 810 2133 menan,
832 2065 909 2134 euius
923 2064 1038 2118 maxime
1050 2075 1130 2116 causa
1144 2058 1206 2114 ltine
1217 2057 1392 2113 discessimus
1404 2099 1411 2122 ,
1424 2070 1484 2111 curn
1498 2063 1618 2110 matrona
1637 2066 1685 2107 sua
1699 2066 1733 2107 ex
1744 2065 1878 2106 consensu
1900 2050 2049 2120 perfectam
2064 2049 2122 2106 lieo
2143 2051 2223 2106 conti

577 2164 694 2219 nentiam
708 2160 858 2215 deuouisse.
874 2156 949 2213 Unde
962 2170 1086 2225 rogemus
1098 2152 1272 2209 sanctitatem
1286 2160 1370 2218 tuam,
1387 2157 1419 2204 ut
1431 2163 1510 2205 orare
1522 2146 1657 2219 digneris,
1673 2159 1726 2217 quo
1741 2143 1793 2199 boe
1813 2143 1899 2214 ipsum
1919 2144 1946 2199 ia
1960 2144 2001 2200 eis
2014 2143 2150 2200 domim
2162 2157 2222 2200 curt·

576 2253 684 2307 lirinare
703 2261 730 2306 ct
748 2247 883 2304 custodire
895 2247 1029 2317 dignetur.

607 2366 643 2429 (a)
659 2372 803 2428 prosperum
814 2358 955 2425 intelligere
963 2358 1070 2419 videtin,
1083 2358 1155 2420 orius
1165 2353 1283 2419 precedit
1301 2350 1416 2417 epistota.

1077 2522 1279 2533 *maan--

887 2620 959 2736 S.
1003 2521 1922 2734 Annmffeueusum

1175 2809 1435 2876 flieroniitisis
1450 2810 1624 2874 EPISCOPI

623 2981 798 3142 DE
851 2968 2183 3138 PRAEDESTINATIONE

1226 3233 1594 3321 SANCTORUM

908 3393 1027 3459 nrocn
1048 3393 1102 3457 nn
1122 3390 1358 3456 nnosrsnuu
1378 3390 1432 3452 nr
1453 3388 1655 3454 maenium
1674 3387 1821 3454 omnus
1836 3390 1891 3472 (a).

1308 3545 1493 3604 «ψ»

611 3723 635 3766 tn
647 3729 697 3780 quo
707 3715 927 3778 predestinationis
943 3720 970 3765 et
987 3714 1072 3778 matie
1083 3714 1174 3765 verius
1192 3720 1358 3786 propugnatur
1372 3717 1456 3763 emita
1474 3710 1694 3785 semipelagianos,
1704 3712 1817 3762 homiues
1827 3709 1943 3762 videlicet
1961 3722 1978 3761 a
1996 3711 2127 3786 Pelagium
2137 3712 2226 3768 iares.

579 3780 678 3828 omnino
690 3790 842 3840 nequaquam
851 3776 1007 3835 recedentes
1019 3779 1077 3824 dum
1083 3775 1169 3825 salutis
1179 3775 1273 3825 initium
1284 3786 1313 3823 ac
1322 3775 1378 3825 iulet
1388 3787 1421 3824 ex
1431 3775 1501 3824 nobts
1509 3786 1567 3846 ipsis
1575 3786 1633 3823 esse
1643 3773 1735 3833 uolunt,
1747 3774 1832 3824 uilloc
1846 3781 1960 3836 unquam
1970 3782 2060 3825 mento
2072 3777 2228 3837 precedente

580 3846 669 3889 cetera
681 3838 743 3886 bena
752 3838 816 3887 dono
828 3837 869 3885 bel
881 3849 955 3885 conse
982 3842 1069 3884 rantur.
1086 3837 1197 3886 ostendit
1205 3837 1363 3896 augustinus,
1377 3835 1467 3885 donum
1484 3841 1526 3884 iter
1543 3847 1609 3892 esse,
1621 3847 1669 3884 non
1684 3834 1761 3884 solum
1775 3842 1962 3894 incrementum,
1975 3835 2020 3885 scd
2038 3837 2119 3899 ipsum
2130 3848 2229 3947 quoque

581 3901 675 3949 initium
687 3899 752 3947 lider.
765 3905 812 3947 riae
822 3897 854 3946 de
865 3910 894 3946 re
907 3909 936 3946 se
947 3899 1019 3945 aiter
1030 3897 1139 3945 sensisse
1150 3896 1286 3960 aliquunde,
1299 3903 1326 3947 et
1337 3897 1362 3945 in
1372 3896 1496 3958 opusculis
1502 3903 1560 3946 ante
1571 3908 1641 3945 stum
1652 3897 1818 3959 episcopatum
1829 3897 1925 3957 scriptis
1933 3909 2032 3947 masse
2042 3911 2092 3947 nou
2101 3899 2135 3947 dt:
2154 3906 2228 3960 tetoe,

581 3959 650 4009 relat
661 3961 685 4008 in
698 3959 738 4008 illa
749 3972 821 4022 quam
832 3957 964 4028 oblectant,
976 3958 1129 4020 expositione
1148 3957 1335 4021 propositionum
1346 3971 1379 4007 ex
1391 3957 1494 4019 equistoia
1504 3958 1533 4006 ad
1546 3965 1670 4006 nonianus
1689 3965 1717 4009 lt
1728 3964 1812 4020 postea
1823 3957 1958 4008 euaristum
1969 3971 1999 4008 se
2008 3960 2100 4009 indicet
2109 3959 2156 4011 boe
2166 3972 2230 4032 qm·

581 4017 888 4133 itireiiliilbsil
899 4017 1207 4143 siluissem
1219 4016 1334 4141 sim*
1341 4016 2028 4141 libistimulsblesl‘uiliucem
2041 4021 2229 4131 Quid

582 4144 662 4194 ritiam
673 4144 752 4193 cordis
763 4142 876 4202 anderrn
888 4149 914 4192 ct
929 4140 959 4190 ad
974 4141 1092 4191 clarlstum
1105 4141 1191 4190 seruire
1203 4153 1289 4190 onmes
1298 4094 1365 4203 quia
1377 4147 1446 4190 Patre
1461 4141 1579 4190 docentur
1597 4147 1625 4191 ut
1642 4143 1742 4191 reuiaut
1754 4155 1761 4190 ε
1794 4114 1839 4192 uos
1857 4149 1941 4191 autem
2063 4143 2230 4194 misericordia

581 4205 687 4264 docerc;
701 4211 727 4253 et
735 4216 797 4267 quos
807 4218 855 4253 non
869 4203 950 4261 daret,
962 4202 1051 4264 iudicio
1063 4214 1111 4251 non
1123 4201 1222 4251 docere.
1232 4208 1317 4250 iocarm
1330 4199 1450 4265 exipsius
1461 4200 1562 4264 epistola
1578 4201 1630 4260 102,
1642 4209 1729 4264 quaest.
1777 4155 1794 4252 a

582 4266 623 4328 qui
636 4265 855 4328 aseniqeiaeiauis
866 4264 994 4327 allegatur,
1005 4277 1076 4325 posse
1091 4271 1160 4313 recte
1177 4261 1242 4312 salua
1254 4263 1339 4325 gratie
1349 4274 1378 4311 ec
1388 4262 1608 4325 predestinationis
1618 4263 1726 4312 doctrim
1746 4263 1872 4327 explicari.
1885 4270 1959 4313 nocet
1978 4265 2037 4326 quid
2050 4267 2117 4314 inter
2128 4268 2232 4327 gratiam

582 4325 679 4377 lutcrsit
691 4334 716 4377 et
730 4326 976 4390 praedestinationem.
990 4333 1060 4375 t¹orro
1069 4325 1280 4388 praslestinatione
1292 4330 1367 4372 ocum
1376 4336 1406 4372 ea
1418 4325 1568 4386 praescivisse
1579 4337 1635 4386 quse
1647 4325 1725 4374 lucrat
1743 4326 1796 4388 ipsc
1816 4325 1932 4374 lecturus.
1953 4326 2178 4376 naeuesiuuioeis
2188 4327 2227 4377 ed·

583 4389 713 4446 versariis,
725 4389 765 4451 qui
773 4388 803 4437 ed
815 4389 934 4437 incertum
945 4385 1076 4437 uoluntatis
1087 4386 1129 4436 tiei
1146 4384 1233 4435 deduci
1254 4398 1282 4434 sc
1294 4384 1359 4434 nolle
1370 4384 1492 4455 dicuntur,
1510 4385 1610 4433 nairatur
1621 4383 1693 4433 malle
1708 4386 1803 4448 scipsos
1814 4385 1945 4436 inllrnritati
1956 4399 2017 4447 siae,
2029 4400 2105 4448 quarn
2126 4387 2229 4440 densitati

583 4451 748 4510 promissionis
759 4451 800 4498 uei
812 4450 973 4500 committere
987 4448 1088 4497 restem
1100 4447 1303 4502 bacauetoritate,
1315 4445 1339 4495 si
1347 4445 1493 4503 credideris,
1503 4444 1584 4496 ruinam
1595 4446 1652 4505 eris,
1664 4448 1731 4495 abuti
1743 4454 1923 4497 commonstrat.
1935 4449 2022 4497 cratiae
2031 4461 2061 4498 ec
2072 4449 2230 4509 predestirw

583 4511 656 4560 tionis
668 4511 797 4560 ueritatem
808 4507 923 4559 relucere
935 4511 960 4558 iu
972 4507 1076 4571 paruulis
1086 4510 1127 4571 qui
1138 4508 1278 4565 salvantur,
1289 4506 1361 4556 nullis
1372 4508 1424 4556 suis
1434 4509 1530 4556 meritis
1540 4507 1640 4557 disereti
1651 4520 1665 4556 a
1676 4511 1773 4558 caeteris
1783 4509 1824 4571 qui
1837 4515 1950 4580 pereunt.
1963 4517 2014 4558 bon
2031 4511 2098 4558 enim
2110 4511 2229 4562 intereos

584 4571 688 4621 discerni
700 4585 731 4621 ex
746 4572 897 4633 praescientia
913 4572 1068 4628 meritorum,
1080 4582 1135 4632 quae
1146 4570 1166 4618 si
1178 4569 1269 4618 dlutius
1280 4569 1393 4618 uiuerent
1410 4566 1506 4618 lucrant
1526 4569 1639 4617 babituri.
1662 4569 1695 4617 eb
1713 4569 1859 4618 aduersariis
1874 4566 1933 4617 illud
1945 4569 2032 4631 injuria
2046 4578 2164 4634 unquam
2184 4583 2228 4620 iton

583 4633 724 4682 muronicam
736 4634 900 4683 testinnonium
910 4633 1003 4693 requei,
1012 4631 1076 4694 quod
1084 4633 1108 4680 iu
1119 4643 1173 4680 eam
1185 4643 1238 4680 rem
1247 4628 1335 4688 attulit,
1350 4634 1436 4693 liumus
1446 4636 1481 4680 est
1492 4643 1523 4679 rte
1533 4628 1643 4686 mulitia.
1656 4637 1704 4680 etc
1717 4629 1925 4679 mecbrisdmum
1937 4631 2083 4692 exemplum
2102 4633 2229 4692 teredeni-

585 4694 688 4743 nationis
701 4695 882 4756 eugraticcesse
895 4695 972 4754 ipsttttt
983 4692 1140 4750 saluatorem,
1152 4706 1177 4742 tn
1188 4706 1237 4754 quo
1248 4693 1329 4749 Ιιοιιιο,
1340 4697 1368 4740 ut
1377 4703 1391 4740 a
1400 4693 1479 4742 verbo
1496 4691 1558 4740 i‘atri
1569 4699 1692 4741 etseterm
1704 4692 1728 4740 in
1745 4693 1864 4740 urdtatcm
1881 4704 1993 4753 personae
2003 4702 2147 4756 assumptus
2155 4693 2231 4744 saltu·

585 4761 623 4803 tor
637 4761 662 4803 ct
673 4754 745 4804 l'ilius
755 4756 797 4803 oiri
814 4756 957 4816 urtigcuitus
968 4762 1044 4813 esset,
1064 4751 1138 4803 trutliis
1155 4754 1352 4816 precedentibus
1363 4750 1404 4801 vel
1422 4765 1525 4815 operum
1538 4752 1577 4801 uel
1589 4752 1645 4801 lldei
1668 4752 1763 4801 meritis
1780 4753 1934 4814 compererit,
1952 4755 2142 4804 l‘raedestiuatcs
2154 4754 2230 4803 soceri

584 4823 651 4864 certa
664 4817 765 4878 quadam
777 4815 911 4866 cleriorrrm
924 4817 1019 4877 querula
1027 4818 1166 4874 uocationc;
1178 4822 1254 4877 atque
1264 4821 1321 4863 ente
1332 4813 1415 4863 usundi
1427 4815 1624 4863 constitutionem
1633 4813 1726 4867 electoe
1737 4825 1803 4874 esse,
1815 4826 1862 4862 uon
1873 4815 1930 4877 quia
1937 4815 2057 4864 moduni
2068 4817 2230 4878 pudebun-

586 4883 624 4926 tur
637 4885 663 4927 et
673 4879 746 4927 loturi
758 4879 842 4939 soracti,
854 4878 900 4927 sed
911 4884 939 4926 ut
949 4876 1012 4928 tales
1024 4885 1109 4928 essent
1117 4891 1161 4940 per
1172 4879 1250 4940 ipsam
1261 4874 1409 4926 eiectionem
1419 4876 1514 4940 gratim,
1524 4881 1573 4925 etc

1742 4201 1766 4262 2,
1795 4210 1934 4264 etempore
1943 4202 2084 4254 christiane
2094 4201 2228 4267 religionis,

623 5021 737 5078 cubui
753 5019 895 5078 PillllUli.
909 5051 946 5063 -
965 5021 991 5075 l.
1014 5021 1117 5078 Dixisse
1137 5020 1242 5093 quidem
1267 5021 1380 5091 Aposto-
1433 5020 1490 5089 rel,
1507 5020 1575 5076 sicut
1591 5021 1617 5076 in
1637 5021 1773 5092 plerisque
1784 5023 1922 5080 codicibus
1941 5024 2057 5096 legitur,
2073 5044 2151 5082 nemo
2173 5027 2231 5080 edii

588 5113 642 5168 lum
659 5114 757 5168 scimus
770 5116 795 5168 iu
809 5114 923 5185 Epistola
943 5114 974 5169 ad
987 5113 1187 5186 Philippenses,
1204 5112 1301 5168 Eadem
1316 5114 1380 5167 scri·
1432 5115 1550 5170 molestus
1564 5115 1596 5168 sit
1610 5113 1707 5187 (Galat.
1721 5130 1765 5182 rr,
1782 5115 1838 5188 ti).
1861 5117 1916 5186 Epo
1939 5128 2029 5172 autem
2044 5122 2170 5189 muniris
2191 5134 2231 5174 rne

587 5205 643 5260 iere
657 5207 741 5273 robis,
757 5207 819 5259 nribi
828 5207 928 5275 quidem
939 5222 988 5259 uon
997 5207 1097 5277 piqrurn
1107 5248 1114 5269 ,
1126 5204 1194 5260 reiis
1208 5215 1288 5259 nutem
1299 5215 1381 5260 tutum
1433 5207 1544 5260 moleste
1557 5204 1626 5260 lerre
1648 5204 1793 5273 confitear,
1808 5206 1878 5276 quod
1889 5207 1986 5262 diuinis
2007 5208 2124 5279 eloquiis
2139 5210 2232 5280 quibus

586 5308 623 5352 rat
637 5295 766 5369 (Plrilipp.
782 5313 827 5360 ιιι,
841 5297 879 5367 1).
897 5296 968 5350 idem
980 5306 1067 5350 tamen
1078 5296 1197 5358 scribens
1208 5295 1240 5349 ad
1255 5295 1380 5361 Galatas,
1434 5296 1481 5351 liei
1496 5297 1578 5366 gratia
1591 5296 1753 5366 predicatur
1766 5297 1837 5367 (que
1851 5298 1960 5353 omniuo
1988 5298 2060 5352 nulla
2073 5308 2132 5363 est,
2156 5301 2178 5354 si
2192 5317 2232 5356 se·

589 5403 650 5444 curn
662 5405 690 5445 se
704 5391 769 5445 sutis
784 5389 853 5459 apud
865 5404 911 5444 eos
925 5389 1011 5459 egisse
1033 5389 1211 5460 perspiceret,
1235 5388 1305 5459 quod
1328 5389 1381 5446 illis
1433 5389 1548 5444 curidum
1564 5390 1657 5443 merita
1670 5398 1759 5444 nostra
1773 5388 1880 5461 datter),
1896 5400 1948 5444 tam
1963 5391 2055 5446 miultis
2070 5393 2233 5448 manilestis·

588 5497 635 5550 per
649 5481 823 5536 ministerium
834 5481 965 5536 sermonis
976 5480 1015 5535 sui
1029 5484 1207 5536 necessarium
1218 5494 1278 5534 esse
1289 5495 1382 5536 cerne·
1434 5495 1486 5550 que
1498 5495 1551 5534 non
1564 5479 1670 5534 ceditur
1686 5498 1692 5534 :
1707 5490 1824 5534 restrum
1840 5490 1926 5534 mmeu
1941 5480 2061 5535 studium
2075 5481 2233 5538 fraternaru-

589 5572 633 5626 bat
653 5591 659 5626 :
676 5573 829 5640 Decoetcro,
846 5572 947 5644 inquit,
962 5571 1071 5627 leuiorem
1093 5573 1153 5627 milri
1179 5588 1251 5626 neruo
1263 5581 1383 5643 peterten
1434 5589 1488 5644 que
1509 5571 1696 5639 dilectionem,
1712 5571 1758 5627 biii
1772 5572 1922 5628 charissimi
1944 5572 2061 5644 Prosper
2080 5581 2110 5630 et
2133 5573 2233 5640 llilari,

1185 5700 1326 5741 tbuoslrto
1345 5701 1385 5739 ΡΡ.
1405 5702 1642 5742 seseutcrbmiturt.

618 5786 653 5829 tte
663 5779 876 5840 medestiuatione
886 5785 1024 5828 martorum
1037 5777 1099 5827 liber
1111 5778 1140 5827 ad
1153 5785 1294 5839 prosperum
1306 5778 1454 5831 etnilarium
1465 5781 1564 5843 primus,
1578 5782 1719 5844 recognitus
1731 5779 1809 5830 estad
1826 5779 1950 5830 i‘atieenos
1965 5778 2067 5831 codices
2076 5789 2194 5854 quattuor,
2212 5790 2236 5832 et

588 5841 753 5891 arinallicanos
762 5840 896 5896 sexdecim,
910 5843 939 5888 ad
948 5842 1055 5902 sepium.
1068 5839 1097 5888 ad
1107 5840 1274 5892 noalliensem.
1286 5854 1343 5889 eum
1353 5841 1445 5891 scillcet
1456 5844 1498 5904 qui
1510 5850 1599 5891 nostre
1607 5842 1761 5891 cerritanensi
1773 5840 1928 5890 bibliothece
1939 5854 1971 5891 ex
1986 5841 2132 5892 nolrilissrnai
2148 5843 2235 5894 donrirri

588 5903 657 5952 «turris
672 5902 812 5953 noalliensis
822 5902 886 5951 dorso
896 5907 1006 5959 accessit,
1020 5903 1049 5950 ad
1067 5901 1282 5960 cellerariorum
1293 5903 1458 5962 sorinrricum,
1478 5905 1507 5953 ad
1525 5903 1735 5961 maroreieeuum,
1747 5903 1776 5951 ad
1789 5910 1932 5952 nemmem
1944 5904 2043 5962 unieris
2060 5904 2192 5964 fcclesiae,
2209 5904 2238 5953 ai

589 5964 695 6012 coelicern
714 5965 812 6013 birreriei
830 5965 906 6025 bigot,
919 5963 948 6011 ad
960 5964 1066 6012 codicem
1078 5962 1162 6012 nicolai
1180 5965 1319 6023 uauessier,
1331 5964 1361 6012 ad
1384 5966 1629 6014 lietensemabbatiae
1648 5974 1670 6012 s,
1689 5963 1812 6027 irrrulplri,
1831 5964 1861 6013 ad
1881 5964 2081 6026 tindegareosem
2103 5973 2127 6015 s.
2151 5967 2235 6024 elbiui,

589 6024 619 6072 nd
631 6027 738 6074 culicem
750 6026 852 6075 altbaiim
861 6033 882 6073 5.
896 6023 1018 6085 nbrailptri,
1031 6023 1129 6073 undem
1146 6023 1175 6073 ed
1194 6026 1423 6083 cemmeticensem,
1444 6033 1598 6083 beccensem,
1618 6025 1793 6083 ttielraeliuuur,
1806 6023 1991 6083 mellensem,
2004 6034 2031 6075 ct
2040 6027 2234 6077 tarbeiensem:

589 6096 684 6134 acorion
706 6088 736 6136 ad
755 6088 937 6138 tnraarricnsiuut
957 6089 1034 6136 sarias
1053 6085 1172 6135 lectiones
1191 6100 1223 6135 ex
1243 6094 1346 6149 quatuor
1356 6087 1459 6150 belgicis
1474 6096 1526 6138 uss.
1547 6095 1690 6150 excerptam
1707 6087 1773 6136 etad
1786 6087 1907 6136 etlitioncs
1919 6094 2019 6137 ueteres
2031 6097 2081 6136 im.
2092 6094 2131 6138 tir.
2143 6095 2235 6140 citor.

629 6168 887 6248 compererimus
901 6178 1051 6250 praetcrea
1063 6188 1112 6230 eas
1129 6187 1231 6230 ontncs
1250 6169 1401 6231 editiones
1414 6171 1506 6233 initio
1523 6174 1605 6235 licie,
1618 6177 1644 6232 ci
1655 6166 1844 6245 Conlcss.,t.
1861 6171 1889 6246 t,
1901 6179 2097 6234 memoretur.
2123 6172 2168 6234 ii.

620 6293 656 6354 (ιι)
673 6292 777 6352 Scriptus
788 6299 841 6354 post
852 6294 1052 6341 detractationum
1065 6289 1147 6352 lilues,
1163 6303 1225 6342 anno
1235 6292 1319 6342 tirrici
1338 6292 1378 6342 iziQ
1391 6302 1431 6343 aut
1448 6293 1497 6344 lai.
