5592 7350
596 900 652 983 raa

525 1086 527 1089 >
601 1042 656 1107 tim,
670 1038 730 1112 qnia
745 1052 895 1111 repugnans
908 1037 1032 1092 virieitur.
1054 1035 1129 1104 Quod
1153 1042 1241 1088 autem
1262 1039 1390 1100 repugnat

602 1134 730 1203 polentatl
745 1133 832 1195 benaa,
851 1146 905 1186 non
929 1139 971 1184 est
992 1129 1110 1191 bonurn;
1134 1128 1188 1180 imo
1207 1124 1307 1178 malum
1331 1135 1392 1176 esse

600 1228 660 1295 paris
673 1235 761 1296 tarpei,
773 1226 821 1280 nisi
834 1224 879 1294 qni
895 1238 948 1278 non
968 1220 1048 1277 babet
1062 1219 1205 1275 voluntatis
1215 1216 1332 1281 bonum,
1347 1213 1391 1268 oui

600 1316 669 1389 qrrrad
683 1324 821 1387 repugnat,
838 1314 951 1369 lateatnr
964 1313 1082 1368 malum?

631 1406 745 1462 cnnb'r
765 1404 911 1459 itt-tt.
932 1402 1081 1472 lnlerponis
1103 1401 1152 1455 alia
1171 1399 1206 1456 de
1226 1397 1295 1453 libro
1314 1410 1387 1463 meo,

595 1495 640 1550 nbi
654 1512 713 1550 cum
730 1495 858 1550 dixissem
873 1494 971 1549 dorium
986 1493 1032 1547 Dei
1051 1490 1203 1560 pudicitiam
1218 1503 1277 1544 esse
1291 1485 1385 1555 conju-

596 1589 692 1658 galem,
711 1596 737 1641 et
752 1587 803 1641 line
819 1585 946 1657 llpostolo
961 1593 1029 1639 teste
1050 1583 1218 1644 docuissem,
1242 1592 1386 1634 occurren·

597 1691 648 1732 nan
664 1678 759 1732 deinde
773 1678 947 1747 qannstioncm
961 1676 1054 1729 tacitns
1071 1674 1141 1727 rrnlui
1156 1671 1306 1742 praeterire,
1323 1665 1385 1738 qraid

594 1770 737 1824 ‹licetnlnm
749 1770 793 1832 sit,
810 1784 869 1822 curn
886 1767 1007 1820 uidentur
1022 1767 1102 1820 etiam
1118 1763 1236 1817 nonnulli
1249 1760 1321 1831 impii
1334 1776 1384 1832 pu·

594 1862 653 1915 dice
671 1876 731 1915 cum
749 1858 905 1929 conjugibus
922 1855 1073 1925 altoreille
1091 1853 1196 1923 Nuptiis
1215 1864 1238 1906 et
1258 1851 1384 1920 Concupi-

593 1957 697 2013 ercinia.
718 1956 763 2009 tit.
780 1956 804 2018 1,
829 1970 856 2005 n.
878 1953 915 2021 l).
939 1950 1072 2016 ‹Soletls,
1091 1968 1101 2002 t
1123 1948 1204 2011 enlm,
1232 1956 1384 2015 irrogantes

594 2046 641 2099 ltni
656 2046 725 2100 diaria
747 2059 807 2099 esse
826 2044 937 2098 uirtutes
951 2040 1047 2113 quibus
1067 2049 1141 2094 reete
1161 2039 1267 2103 riritur,
1290 2045 1316 2091 et
1338 2050 1384 2091 eas

593 2144 696 2190 naturae
715 2134 897 2204 voluntatique
919 2135 1051 2196 liurnanm,
1077 2144 1129 2184 non
1152 2128 1243 2199 gratiae
1266 2128 1312 2181 tici
1333 2127 1382 2181 tri-

593 2229 715 2295 buentes,
731 2227 781 2281 lroc
802 2226 838 2281 nti
854 2233 1020 2298 arguerento,
1034 2223 1104 2294 qnod
1127 2238 1172 2277 eas
1193 2235 1381 2290 normunquam

593 2318 709 2378 babeant
721 2318 861 2373 infideles:
878 2336 887 2370 a
903 2318 938 2371 ita
952 2326 1080 2370 carnanter
1089 2328 1218 2368 erectiore
1230 2312 1300 2382 quod
1316 2312 1382 2366 diei-

592 2426 662 2475 mus‚
677 2411 812 2465 nerninem
832 2418 904 2465 rcctc
917 2410 1016 2474 ninere,
1040 2406 1091 2461 nisi
1110 2421 1142 2461 er
1158 2404 1210 2459 ilde
1229 2402 1380 2475 pertesum

591 2503 724 2557 (linimrnn
740 2501 879 2556 Dranrinnm
892 2510 1022 2565 nostrum,
1037 2514 1119 2553 arnum
1140 2497 1186 2551 bei
1203 2503 1231 2550 et
1243 2495 1380 2549 hominnm

587 2594 782 2658 mediaturcrn;
803 2593 847 2648 ubi
872 2606 918 2646 ros
939 2593 998 2660 ejus
1021 2588 1188 2643 aduersarius
1210 2585 1379 2655 apertissime

590 2687 762 2756 prolatorninl.
784 2685 902 2755 Denique
916 2684 995 2754 longe
1009 2699 1060 2736 non
1081 2695 1174 2736 cranaus
1188 2698 1195 2735 :
1209 2680 1231 2733 si
1244 2678 1313 2734 sorte
1331 2677 1380 2733 lul·

583 2777 639 2841 ·lar,
654 2777 686 2832 ad
701 2778 749 2832 ista
765 2776 904 2845 responde.
922 2774 978 2843 Epo
988 2772 1053 2838 diri,
1069 2791 1079 2825 ι
1093 2771 1217 2842 pudicum
1232 2785 1285 2825 nen
1299 2784 1378 2825 rera-

580 2868 654 2921 -citer
668 2867 731 2932 dici,
745 2866 790 2937 qni
805 2881 858 2920 non
872 2875 981 2935 propter
997 2865 1081 2919 neuin
1102 2877 1194 2918 rerum
1212 2860 1291 2916 fidem
1313 2874 1379 2916 oon·

589 2959 660 3011 rirrtaii
683 2968 771 3012 seruat
795 2957 906 3010 canori.»
935 2954 1011 3011 Uinde
1036 2962 1124 3008 atatem
1144 2950 1172 3006 id
1194 2948 1375 3018 ostenderem,

588 3047 667 3114 panio
682 3055 742 3116 post
760 3044 879 3111 adlaibui,
892 3042 963 3113 quod
979 3043 1042 3096 nnld
1056 3041 1141 3095 nisum
1160 3047 1202 3095 est
1213 3037 1314 3110 grande
1324 3038 1376 3094 do·

513 3141 516 3151 '
585 3148 738 3193 eunacnnnn
753 3135 846 3206 (ibid,
862 3150 918 3205 rap.
934 3133 972 3203 1).
996 3151 1007 3186 ι
1021 3130 1087 3187 Cum
1110 3131 1181 3186 enim
1195 3130 1279 3186 virtus
1300 3128 1345 3198 alt,
1363 3147 1374 3183 a

586 3229 704 3299 inquam,
720 3246 730 3279 ι
745 3226 880 3297 pudicitia,
893 3225 934 3279 cui
946 3223 1041 3278 >vitium
1057 3222 1219 3277 contrariom
1232 3229 1274 3277 est
1288 3220 1376 3292 impu·

585 3319 685 3384 dicitia,
700 3332 847 3388 omnesque
859 3317 970 3372 uirtutes
980 3316 1058 3370 etiam
1071 3329 1129 3385 quae
1142 3328 1296 3383 percorpus
1310 3327 1376 3383 ope·

585 3422 688 3475 roratur,
710 3411 736 3464 in
754 3411 848 3464 animo
870 3408 1007 3473 laabitent;
1030 3404 1164 3476 quomodo
1187 3420 1250 3460 nera
1272 3405 1376 3460 ratione

585 3502 708 3573 pudicum
724 3516 820 3571 carptus
837 3499 975 3565 asseritur,
996 3497 1103 3570 qnarndo
1123 3512 1138 3552 a
1156 3511 1222 3553 nero
1242 3497 1297 3552 lieo
1317 3497 1375 3567 ipse

579 3594 690 3647 anianus
711 3591 896 3646 larriicatur‘la
920 3589 1019 3645 Deinde
1041 3590 1234 3660 nequisquam
1255 3598 1374 3643 restrum

585 3694 692 3755 stiparet
712 3685 828 3737 ardmurn
849 3683 993 3737 inlideiium
1016 3682 1149 3745 imulensi,
1169 3681 1276 3736 adlulaui
1299 3680 1373 3736 testi·

584 3778 710 3833 tironium
722 3776 756 3832 de
768 3775 904 3844 Scriptura
922 3783 1023 3837 sancta,
1043 3773 1087 3828 ubi
1106 3774 1209 3844 legitur,
1229 3773 1293 3826 Ecce
1307 3773 1373 3826 caran

584 3867 627 3935 pai
641 3867 754 3936 torpe-ee
772 3866 904 3937 [raiardo
926 3872 959 3929 te,
980 3864 1112 3934 perronam
1125 3862 1257 3933 perdidisti
1274 3879 1372 3917 omnem

576 3958 625 4023 -pui
641 3958 782 4027 [urnirmnr
801 3955 845 4010 ube
865 3963 889 4008 te
910 3952 996 4025 (rat.
1013 3969 1100 4014 carin,
1120 3951 1178 4023 27).
1203 3952 1257 4007 Sed
1278 3961 1305 4007 tu
1326 3953 1372 4023 qui

491 4059 499 4071 ¹
580 4065 596 4098 ι
611 4062 681 4113 inea,
697 4065 706 4098 a
729 4047 797 4100 sicut
811 4046 887 4110 dieis,
905 4062 915 4096 r
930 4060 991 4115 quae
1004 4044 1067 4099 mibi
1081 4043 1204 4098 videntur
1215 4053 1293 4099 acuta
1309 4060 1372 4114 per-

574 4137 736 4207 sequeris»
756 4137 807 4190 laec
828 4144 909 4189 totuin
924 4143 1047 4205 tanquam
1063 4132 1127 4188 milri
1142 4134 1265 4188 obtusum
1285 4134 1370 4190 nisum

579 4230 661 4285 tinent
680 4228 831 4298 praeteristi.
856 4227 923 4299 tide,
940 4241 1005 4298 ergo
1027 4225 1090 4296 qnid
1105 4226 1199 4281 horum
1222 4227 1370 4298 negandum

582 4321 728 4377 arbitreris.
753 4320 882 4375 Virtutem
908 4333 967 4374 esse
1001 4318 1154 4389 pudicitiam
1182 4319 1369 4389 coniugalem,

581 4411 935 4482 promptissimoeonlrteris
950 4425 1061 4466 :omnes
1076 4410 1187 4465 uirtutes
1208 4409 1288 4465 etiam
1311 4425 1371 4480 quac

582 4522 630 4573 per
644 4520 740 4574 corpus
753 4511 908 4573 operantur,
929 4502 955 4556 in
968 4502 1058 4555 animo
1075 4499 1197 4554 babitare
1210 4515 1263 4554 non
1276 4516 1369 4571 negas.

581 4599 626 4653 l‘ar
635 4615 665 4652 ro
680 4597 792 4652 inlidelis
802 4596 918 4650 animum
932 4591 1082 4648 fornicaria
1096 4592 1152 4647 Deo
1165 4592 1209 4646 ille
1219 4601 1308 4663 petest
1321 4607 1370 4648 ne·

574 4707 653 4760 >gaam
668 4689 711 4760 apd
727 4704 756 4743 se
771 4687 857 4758 palam
873 4694 1022 4741 sanctarum
1034 4683 1231 4752 Scripturarom
1243 4682 1370 4739 adversa·

581 4783 649 4836 riann
665 4781 810 4849 profitetur.
823 4777 861 4831 Ex
876 4776 970 4847 quibus
983 4774 1108 4829 omnibns
1120 4773 1177 4828 lime
1190 4787 1293 4828 summa
1305 4789 1371 4829 eon·

580 4878 679 4940 licitur,
696 4886 723 4928 ut
739 4873 819 4928 autin
833 4872 922 4926 animo
932 4868 1079 4924 fornicante
1092 4867 1217 4938 pudicitia
1231 4882 1295 4922 nera
1309 4881 1370 4924 esse

581 4968 682 5038 possit;
696 4966 765 5033 qrrod
776 4964 864 5019 cernis
875 4977 953 5032 quam
964 4962 1000 5017 sit
1009 4959 1153 5014 absurdum
1167 4977 1173 5013 :
1186 4967 1232 5014 aut
1243 4959 1270 5013 in
1280 4959 1369 5014 animo

577 5057 697 5112 infidelis
709 5056 834 5125 pudicitia
848 5068 912 5109 aera
924 5067 984 5107 esse
999 5068 1050 5107 non
1067 5051 1168 5121 possit;
1183 5051 1304 5122 quamvis
1316 5050 1368 5108 boe

580 5167 641 5206 cnm
661 5163 820 5213 assererem,
844 5156 870 5202 te
889 5145 999 5200 sanareris
1018 5143 1138 5199 surdum.
1157 5143 1214 5199 Non
1235 5142 1323 5215 igitur,
1341 5152 1370 5200 nt

574 5242 760 5307 carlomanus,
785 5256 794 5292 r
810 5236 897 5294 studio
908 5235 1073 5307 vituperandi
1094 5235 1279 5303 substantiam,
1298 5237 1368 5292 dona

578 5337 710 5394 collaudo.
725 5354 735 5388 a
751 5333 807 5389 Non
824 5333 894 5387 enim
908 5331 1058 5387 divinornm
1071 5327 1201 5383 donorum
1224 5343 1308 5398 capax
1325 5343 1369 5385 es·

578 5439 630 5496 set,
646 5429 696 5483 nisi
708 5426 776 5482 bona
790 5433 861 5480 esset
875 5423 988 5477 bumana
1002 5420 1157 5485 substantia,
1174 5419 1215 5474 cni
1229 5420 1291 5474 uitia
1306 5434 1369 5490 quo

578 5537 630 5592 quc
645 5522 700 5590 ipsa
721 5517 845 5572 bonitatis
866 5513 1009 5584 perbibent
1023 5512 1203 5566 testimonium
1227 5511 1367 5566 naturalis.

575 5614 646 5682 Qiiid
670 5613 740 5669 enim
764 5608 834 5665 aliaid
859 5609 885 5662 in
900 5607 964 5661 nitio
987 5612 1061 5661 recte
1079 5604 1212 5673 displicet,
1235 5604 1288 5659 nisi
1306 5604 1369 5675 qraia

572 5705 694 5760 detrabit
708 5704 750 5757 rel
766 5701 861 5756 minuit
875 5699 946 5770 ‹puod
957 5699 983 5752 in
999 5705 1091 5750 nrdma
1107 5693 1209 5765 placet?

615 5799 658 5854 15.
678 5799 743 5852 Cum
759 5809 823 5864 ergo
836 5793 961 5848 diuinitus
976 5790 1115 5859 adjrn'atur
1129 5786 1221 5853 bomo,
1237 5802 1291 5843 non
1306 5795 1366 5842 tan-

575 5894 634 5941 trna
646 5907 655 5939 ι
668 5887 701 5942 ad
712 5883 901 5955 capessendam
913 5881 1103 5954 perlectionem
1114 5878 1263 5949 adjuratur,
1276 5877 1367 5948 »qnod

576 5978 635 6046 ipse
647 5977 768 6047 posuisti,
783 5971 874 6047 rtllrpte
887 5975 980 6029 rolens
992 5972 1101 6042 intelligi
1114 5985 1175 6026 cnm
1194 5984 1241 6038 per
1257 5983 1287 6024 se
1299 5968 1366 6022 inci-

575 6067 721 6138 perusino
746 6068 840 6134 gratia,
866 6064 936 6134 quod
961 6062 1066 6134 pcrlielt
1084 6061 1169 6132 gratia
1184 6077 1191 6115 ε
1205 6057 1253 6114 sed
1278 6059 1367 6129 potius

570 6157 647 6229 spraud
659 6157 801 6227 ‚tpesrolus
814 6156 941 6228 loquitur,
950 6165 977 6210 ut
987 6156 1030 6227 qui
1042 6155 1068 6211 in
1082 6154 1173 6213 robis¹
1187 6167 1254 6225 opus
1266 6152 1365 6209 bonnm

601 6317 672 6367 ‘eur
691 6321 719 6364 et
731 6324 817 6364 omnes
828 6321 891 6371 tiss„
902 6311 977 6363 nobis.

998 918 1134 976 conant
1154 914 1323 974 tt‘tlantttt
1344 915 1576 984 retaottrtdtt,
1596 916 1625 974 S.
1647 918 1829 975 ndcdsrtnt
1928 965 1939 988 .,

2191 923 2235 982 ill

1444 1031 1534 1097 cupit,
1550 1031 1669 1099 perficiat
1682 1047 1766 1103 usqam
1778 1033 1804 1087 in
1814 1034 1892 1090 linem
1902 1033 2031 1107 (Ptdtpp.
2045 1052 2065 1097 r.
2080 1037 2120 1108 6).
2137 1037 2167 1095 ln
2184 1056 2234 1111 qno

1444 1120 1518 1173 euim
1533 1122 1572 1175 nis
1584 1141 1594 1174 ι
1605 1120 1767 1188 harndinem·
1778 1125 1847 1179 sicut
1859 1124 1985 1196 loqueris,
1997 1146 2008 1180 ι
2022 1128 2055 1182 ad
2066 1129 2168 1198 aliquid
2179 1132 2235 1189 lau·

1442 1210 1530 1268 dabile
1541 1214 1664 1282 generosi
1679 1215 1767 1270 cordis
1777 1217 1892 1272 stimulis
1905 1217 2022 1283 incitari,
2039 1237 2049 1271 t
2066 1219 2094 1274 in
2109 1220 2161 1278 boe
2173 1237 2234 1281 eum

1442 1317 1495 1357 nen
1507 1305 1547 1358 ris
1562 1301 1588 1358 ir'r
1602 1304 1725 1374 Domino,
1743 1305 1790 1361 sed
1806 1306 1832 1361 in
1846 1307 1932 1364 libero
1942 1308 2053 1365 arbitrio
2064 1311 2173 1381 gloriari
2185 1331 2193 1369 ε
2203 1328 2236 1372 ae

1440 1393 1480 1448 sic
1498 1394 1613 1462 priorem
1637 1394 1714 1463 dare,
1738 1406 1767 1452 nt
1788 1399 1951 1455 retribuatur
1968 1400 2023 1465 illi;
2049 1416 2137 1473 eoque
2156 1404 2234 1461 mode

1440 1488 1523 1556 pratia
1535 1487 1589 1556 jam
1609 1504 1661 1542 non
1681 1489 1716 1544 sit
1727 1490 1811 1560 gratia
1828 1488 1915 1561 (Rene.
1936 1507 1973 1559 xi,
1987 1493 2032 1557 55,
2048 1493 2089 1567 6),
2106 1496 2167 1566 qraia
2182 1513 2233 1553 non

1439 1584 1481 1631 est
1500 1577 1623 1646 gratuita.
1647 1579 1796 1634 «Bonam
1824 1580 1892 1636 dicis
1913 1600 1923 1634 ι
1939 1581 2076 1638 hominum
2100 1596 2232 1650 naturam,

1439 1684 1498 1738 quae
1514 1668 1573 1723 talis
1587 1671 1679 1740 gratiae
1691 1672 1892 1741 opitulationem
1905 1683 2033 1730 meretur.
2050 1693 2059 1727 a
2076 1676 2153 1744 Quod
2171 1694 2232 1748 gra·

1439 1768 1525 1815 tanter
1537 1762 1665 1827 audirem,
1683 1764 1706 1817 si
1723 1766 1773 1819 boe
1793 1775 1933 1834 propterea
1950 1766 2012 1838 quia
2027 1769 2167 1824 rationalis
2187 1786 2232 1825 na·

1437 1861 1494 1907 tara
1509 1864 1550 1908 est
1569 1855 1692 1911 diceres:
1709 1872 1795 1927 neque
1814 1858 1885 1912 enim
1906 1860 1991 1929 gretia
2006 1859 2053 1915 ltct
2073 1876 2124 1931 per
2139 1861 2231 1919 teum
2251 1898 2253 1903 ,

1436 1943 1569 2001 Christum
1581 1947 1720 2002 Dominum
1732 1957 1852 2004 raostrum
1863 1950 1993 2023 lapidibus
2004 1963 2051 2007 ant
2061 1952 2141 2024 lignis
2154 1969 2231 2024 pero·

1436 2035 1544 2091 ribnsre
1563 2046 1725 2106 praestatur:
1741 2038 1789 2094 sed
1804 2040 1866 2112 quia
1881 2041 1969 2111 imago
1982 2042 2029 2097 Dei
2044 2052 2095 2110 est,
2111 2054 2230 2101 meretur

1435 2127 1643 2198 banepratiam3
1658 2146 1712 2185 non
1728 2139 1816 2185 tamen
1835 2141 1864 2187 ut
1878 2132 1935 2203 ejus
1948 2133 2016 2189 bona
2029 2134 2154 2207 voluntas
2166 2151 2229 2206 pos-

1433 2220 1469 2274 sit
1489 2220 1640 2290 praceedere
1662 2231 1760 2291 practer
1777 2224 1900 2293 gratiam,
1917 2211 1959 2280 'ue
1971 2225 2015 2280 acl
2032 2226 2138 2297 ipsam¹
2156 2227 2230 2297 prior

1432 2310 1487 2376 det,
1504 2320 1532 2365 nt
1542 2311 1701 2368 retribuatur
1716 2312 1763 2381 illi,
1774 2329 1806 2370 ae
1829 2315 1868 2368 sie
1886 2316 1968 2385 pratia
1981 2316 2101 2387 jamnon
2114 2317 2150 2373 sit
2168 2333 2228 2389 gra·

1432 2404 1478 2471 tia,
1497 2404 1560 2459 dnm
1587 2422 1640 2462 non
1663 2408 1741 2463 datur
1765 2409 1889 2479 gratuita,
1914 2410 1962 2465 sed
1983 2411 2104 2466 redditur
2124 2412 2225 2468 debita.

1430 2494 1499 2562 Quid
1513 2505 1638 2568 estange,
1653 2499 1723 2569 qriod
1734 2501 1879 2555 seeundum
1892 2499 1999 2555 modom
2011 2510 2142 2567 restrum,
2161 2521 2172 2556 ι
2185 2502 2224 2559 el·

1430 2582 1529 2639 lectum
1551 2587 1693 2643 uoluntatis
1712 2588 1838 2648 boninum
1854 2589 1924 2645 dona
1944 2591 2065 2647 eoelemia
2083 2607 2151 2648 mea
2168 2608 2224 2649 cre-

1429 2674 1552 2731 diderasr
1562 2693 1743 2751 nuncupasse;
1757 2698 1767 2732 a
1778 2689 1902 2751 tanquam
1910 2681 2032 2737 noluntas
2039 2682 2157 2738 hominis
2168 2684 2224 2740 sirie

1429 2764 1476 2821 Dei
1490 2768 1575 2837 gratia
1589 2780 1741 2825 moreretur
1753 2769 1787 2825 ad
1802 2771 1911 2835 bonnm,
1925 2781 1955 2826 ut
1972 2772 1997 2827 ei
2019 2772 2127 2829 debitus
2140 2775 2223 2830 aliea

1428 2861 1622 2917 retribueretur
1636 2862 1764 2917 effectus?
1778 2863 1851 2918 ltene
1869 2864 1967 2920 oblitus
1981 2863 2083 2930 fueras,
2097 2881 2149 2921 nos
2162 2882 2222 2923 eom

1426 2947 1563 3022 Scriptura
1583 2951 1673 3007 dicere
1695 2962 1787 3009 eoritra
1807 2944 1865 3021 ros,
1885 2952 2053 3026 Prcpnretar
2073 2957 2222 3012 rotemero

1428 3041 1537 3099 banaiae
1548 3044 1639 3117 (Prae.
1654 3061 1710 3112 narr,
1718 3063 1769 3101 sec.
1781 3044 1864 3118 LXX)
1874 3064 1883 3115 3
1894 3046 2013 3117 velquod
2024 3048 2052 3102 ln
2063 3048 2142 3103 nobis
2154 3048 2222 3105 bees

1427 3143 1554 3204 operetur
1566 3144 1594 3190 et
1606 3136 1690 3193 velle?
1700 3138 1722 3193 0
1733 3138 1826 3208 ingrati
1841 3138 1933 3208 gratiae
1945 3138 2006 3193 bei!
2021 3152 2040 3193 o
2051 3138 2152 3194 inimici
2162 3155 2222 3211 pra·

1428 3226 1471 3281 tiae
1484 3224 1594 3294 Claristi,
1609 3237 1636 3283 et
1655 3228 1714 3283 salo
1737 3228 1867 3283 vocabulo
1886 3228 2041 3284 christiani!
2057 3229 2153 3286 Nonne
2173 3247 2221 3301 pro

1427 3318 1541 3373 inimicis
1549 3318 1606 3374 suis
1619 3330 1678 3374 orat
1692 3320 1829 3377 Ecclesia?
1838 3320 1906 3390 Quid
1921 3329 1990 3389 orat,
2004 3320 2139 3378 obsecro!
2152 3322 2174 3378 si
2193 3330 2222 3378 et

1426 3412 1536 3466 clasura
1550 3414 1692 3468 uoluntatis
1710 3414 1871 3469 retribuatur
1882 3414 2009 3484 pretium,
2021 3413 2086 3486 quid
2101 3415 2141 3471 eis
2151 3423 2219 3481 erat,

1426 3505 1478 3559 nisi
1501 3504 1601 3574 grande
1620 3506 1777 3576 supplicium
1788 3505 1801 3559 1
1818 3504 1895 3575 Quod
1906 3504 1963 3577 jam
1984 3514 2078 3561 eontra
2101 3521 2150 3562 eos
2166 3516 2219 3574 est,

1426 3609 1479 3648 nora
1492 3609 1541 3663 pro
1554 3596 1594 3649 eis
1603 3611 1611 3661 ;
1620 3602 1679 3649 erat
1688 3604 1775 3650 autern
1787 3610 1835 3666 pro
1846 3595 1885 3650 eis
1899 3613 1906 3650 r
1918 3610 1971 3650 non
1986 3609 2052 3665 ergo
2063 3595 2127 3665 quia
2136 3605 2177 3652 est
2190 3596 2222 3653 ll-

1425 3685 1477 3740 lis¹
1492 3686 1616 3741 voluutas
1630 3686 1710 3751 bona,
1732 3686 1780 3742 sed
1794 3694 1824 3742 nt
1837 3695 2009 3743 convertatur
2021 3688 2048 3741 in
2061 3686 2160 3742 bonam
2172 3703 2220 3744 ro·

1425 3776 1513 3831 luntas
1523 3776 1591 3830 mala
1605 3794 1612 3830 :
1626 3776 1751 3846 quoniam
1763 3784 1924 3847 preparatur
1933 3776 2052 3830 tolentes
2063 3792 2081 3828 a
2094 3773 2220 3843 bnamma

1424 3874 1459 3930 et,
1476 3864 1591 3920 lienam
1603 3867 1768 3933 ommutuit
1781 3866 1991 3938 dpostolna,pai
2003 3875 2126 3939 operam
2137 3868 2165 3923 iar
2176 3884 2219 3923 re-

1416 3954 1461 4010 ·iir
1474 3963 1496 4009 et
1511 3956 1574 4010 aelle
1587 3955 1718 4028 (Philipp.
1734 3973 1763 4023 n,
1780 3957 1835 4028 13).

1460 4048 1504 4104 ld.
1524 4047 1576 4104 Sed
1596 4050 1759 4105 acerbissimi
1772 4049 1866 4120 gratia
1882 4049 1961 4120 lartius
1978 4049 2082 4106 inimici
2097 4052 2219 4122 exempla

1424 4139 1500 4194 nobis
1514 4141 1647 4211 opponitis
1666 4134 1808 4209 impiorum
1824 4181 1831 4205 ,
1852 4156 1919 4211 quos
1935 4139 2040 4196 dicitis⁸
2055 4160 2067 4195 r
2082 4141 2187 4198 alienos
2201 4131 2233 4197 ax

1424 4231 1477 4288 llde
1491 4231 1632 4306 abundare
1654 4230 1806 4296 virtutibus,
1831 4231 1858 4286 in
1881 4230 1979 4302 quibus
1999 4231 2059 4287 sine
2085 4231 2219 4302 adjutorio

1423 4325 1526 4394 gratim,
1540 4325 1626 4379 solum
1643 4333 1684 4380 est
1698 4333 1799 4379 naturae
1813 4323 1924 4390 bonum,
1946 4323 2009 4379 lieet
2019 4325 2219 4395 superstitioni·

1424 4414 1473 4470 bus
1486 4415 1677 4484 mancipatum,
1693 4414 1737 4485 qrti
1751 4414 1815 4470 solis
1825 4413 1955 4470 libertatis
1966 4415 2092 4485 ingenitae
2105 4415 2215 4483 viribus,

1423 4515 1451 4561 et
1464 4504 1652 4561 misericordes
1663 4506 1770 4570 crebro,
1780 4514 1809 4560 et
1820 4503 1944 4569 modesti,
1959 4512 1987 4560 et
2000 4506 2067 4561 casti
2082 4505 2218 4562 inrerriun·

1423 4607 1476 4666 tar,
1491 4608 1519 4654 et
1542 4598 1634 4653 sobrii.
1650 4617 1660 4651 a
1678 4598 1740 4653 llaec
1759 4598 1851 4653 dicens
1872 4598 2001 4669 eccejam
2018 4606 2048 4653 et
2068 4597 2135 4655 illud
2149 4597 2216 4669 qood

1421 4691 1514 4762 gratie
1525 4690 1571 4745 bei
1587 4689 1728 4757 tribueras,
1743 4688 1886 4756 abstulisti,
1900 4689 1986 4759 ipsum
2004 4688 2111 4745 scilieet
2125 4689 2216 4745 nolun-

1422 4782 1485 4836 tatis
1497 4781 1632 4836 ellectum.
1646 4780 1704 4835 Non
1717 4780 1788 4835 enim
1803 4779 1874 4845 aisti,
1888 4780 1956 4835 nelle
1974 4794 2022 4834 eos
2035 4793 2098 4835 esse
2112 4778 2215 4835 miseri·

1422 4871 1527 4938 cordes,
1543 4870 1689 4938 modestos,
1705 4879 1732 4926 et
1750 4880 1848 4936 castos,
1862 4878 1890 4924 et
1911 4869 2025 4936 sobrios,
2042 4879 2071 4925 et
2091 4870 2153 4926 ideo
2165 4884 2213 4924 noa

1422 4979 1493 5033 esse,
1517 4963 1588 5036 quad
1613 4963 1730 5020 nondum
1756 4979 1804 5034 per
1824 4963 1935 5034 gratiam
1957 4962 2058 5018 inerint
2080 4962 2214 5019 eerrsecrrti

1422 5055 1500 5112 sona
1522 5055 1601 5126 hujus
1614 5054 1760 5111 voluntatis
1778 5053 1901 5109 ellectum
1917 5070 1925 5107 ε
1940 5051 1985 5107 sed
2008 5053 2030 5105 si
2054 5060 2082 5107 et
2094 5066 2157 5107 esse
2171 5064 2214 5106 ro·

1422 5147 1527 5204 luerunt
1540 5157 1568 5204 et
1578 5156 1649 5212 sunt,
1660 5147 1714 5216 jam
1729 5147 1756 5201 in
1767 5146 1807 5201 eis
1816 5145 1978 5201 veluntatem
1989 5152 2016 5199 et
2029 5143 2155 5198 ellectum
2169 5157 2214 5223 re·

1422 5241 1534 5296 luntatis
1552 5241 1717 5303 irircnimus;
1737 5238 1800 5309 qrnid
1820 5236 1949 5295 remansit
1969 5235 2041 5307 quod
2062 5236 2158 5306 gratiae
2179 5249 2215 5291 re

1422 5347 1560 5388 servemus
1571 5332 1596 5385 in
1610 5341 1662 5386 tam
1676 5329 1854 5392 euidentibus,
1862 5326 1959 5398 quibus
1971 5327 2064 5383 dixisti
2071 5341 2123 5383 eas
2132 5327 2214 5382 abun-

1422 5423 1486 5478 dare
1496 5421 1656 5478 virtutibus?
1665 5421 1770 5488 Quando
1779 5420 1872 5484 satius,
1886 5419 1908 5472 si
1922 5427 1947 5472 te
1955 5417 2052 5486 impios
2063 5417 2215 5472 itrtautare

1422 5515 1546 5580 delcetat,
1569 5523 1596 5567 ut
1611 5530 1664 5568 non
1687 5512 1797 5567 audiens
1818 5511 1949 5565 dicentem
1971 5508 2150 5580 scripturam,
2166 5507 2214 5576 Qui

1422 5608 1481 5661 dicit
1494 5607 1600 5676 impium
1614 5607 1713 5676 jardum
1726 5620 1789 5672 esec,
1804 5603 1953 5656 maledictae
1968 5603 2014 5656 crit
2027 5603 2055 5656 in
2069 5602 2179 5673 populo,
2193 5609 2216 5654 et

1422 5697 1522 5753 adibilia
1536 5698 1562 5751 in
1574 5694 1688 5768 pratibus
1702 5694 1792 5769 (Prot.
1807 5708 1882 5757 xxm,
1895 5692 1942 5765 11)
1954 5708 1962 5757 ;
1975 5691 2058 5747 etiam
2074 5690 2216 5747 virtuibus

1422 5790 1493 5844 reris
1504 5804 1551 5844 eos
1564 5787 1692 5858 praedices
1704 5785 1840 5842 abundare
1854 5803 1861 5838 :
1873 5793 1983 5854 quantia,
1996 5785 2117 5854 inquam,
2134 5782 2215 5836 satius

1422 5879 1480 5936 bec
1499 5879 1555 5950 ipsa
1576 5879 1602 5934 in
1622 5879 1662 5933 eis
1675 5877 1745 5933 dorna
1767 5877 1815 5933 bei
1836 5891 1897 5932 esse
1918 5875 2051 5940 fatereris,
2071 5874 2124 5929 snb
2141 5873 2217 5942 cuim

1421 5974 1527 6031 occulto
1539 5972 1651 6045 judicie,
1671 5986 1720 6027 nec
1734 5970 1843 6041 injusto,
1857 5968 1902 6024 alii
1917 5966 1991 6034 latin,
2005 5966 2052 6021 alii
2072 5961 2216 6022 tardissimi

1453 6127 1461 6156 ¹
1479 6121 1585 6174 Nonnulli
1597 6129 1661 6184 tiss,
1672 6122 1733 6185 ipsa.

1452 6188 1463 6218 ¹
1479 6195 1582 6243 ouatuor
1594 6192 1658 6246 uss,
1679 6180 1812 6235 rat'brillis.
2116 6239 2123 6250 Ι
2198 6233 2205 6246 ,

1422 6247 1575 6372 &effluet
1593 6254 1656 6310 tiss,
1675 6244 1746 6298 diris.
1763 6252 1789 6295 et
1799 6239 1942 6306 paulopost,
1953 6240 1995 6305 apd
2012 6241 2086 6294 soliers
2102 6238 2217 6292 tatarum
