<?xml version="1.0" encoding="UTF-8"?>
<!DOCTYPE html PUBLIC "-//W3C//DTD XHTML 1.0 Transitional//EN"
    "http://www.w3.org/TR/xhtml1/DTD/xhtml1-transitional.dtd">
<html xmlns="http://www.w3.org/1999/xhtml" xml:lang="en" lang="en">
 <head>
  <title>
</title>
<meta http-equiv="Content-Type" content="text/html;charset=utf-8" />
  <meta name='ocr-system' content='tesseract 3.04.00' />
  <meta name='ocr-capabilities' content='ocr_page ocr_carea ocr_par ocr_line ocrx_word'/>
</head>
<body>
  <div class='ocr_page' id='page_1' title='image "./patrologiaecurs04goog/patrologiaecurs04goog_0037.png"; bbox 0 0 5592 7350; ppageno 0'>
   <div class='ocr_carea' id='block_1_1' title="bbox 517 870 2164 943">
    <p class='ocr_par' dir='ltr' id='par_1_1' title="bbox 517 870 2164 943">
     <span class='ocr_line' id='line_1_1' title="bbox 517 870 2164 943; baseline 0 -18"><span class='ocrx_word' id='word_1_1' title='bbox 517 872 553 926; x_wconf 79' lang='lat' dir='ltr'><strong>m</strong></span> <span class='ocrx_word' id='word_1_2' title='bbox 1250 870 1444 927; x_wconf 76' lang='lat' dir='ltr'><strong>lttAEFAltO.</strong></span> <span class='ocrx_word' id='word_1_3' title='bbox 2129 886 2164 943; x_wconf 64' lang='lat' dir='ltr'><strong>0ss</strong></span> 
     </span>
    </p>
   </div>
   <div class='ocr_carea' id='block_1_2' title="bbox 471 980 2220 6441">
    <p class='ocr_par' dir='ltr' id='par_1_2' title="bbox 515 980 2162 1691">
     <span class='ocr_line' id='line_1_2' title="bbox 515 980 2161 1061; baseline 0.002 -16"><span class='ocrx_word' id='word_1_4' title='bbox 515 985 599 1047; x_wconf 82' lang='lat' dir='ltr'><strong>datae</strong></span> <span class='ocrx_word' id='word_1_5' title='bbox 613 986 690 1047; x_wconf 89' lang='lat' dir='ltr'><strong>sunt</strong></span> <span class='ocrx_word' id='word_1_6' title='bbox 703 984 744 1044; x_wconf 91' lang='lat' dir='ltr'><strong>ab</strong></span> <span class='ocrx_word' id='word_1_7' title='bbox 759 980 918 1061; x_wconf 90' lang='lat' dir='ltr'><strong>episcopis</strong></span> <span class='ocrx_word' id='word_1_8' title='bbox 932 980 1000 1040; x_wconf 89' lang='lat' dir='ltr'><strong>sire</strong></span> <span class='ocrx_word' id='word_1_9' title='bbox 1012 981 1053 1041; x_wconf 85' lang='lat' dir='ltr'><strong>ab</strong></span> <span class='ocrx_word' id='word_1_10' title='bbox 1069 997 1138 1042; x_wconf 85' lang='lat' dir='ltr'><strong>cain</strong></span> <span class='ocrx_word' id='word_1_11' title='bbox 1155 999 1221 1041; x_wconf 91' lang='lat' dir='ltr'><strong>rem</strong></span> <span class='ocrx_word' id='word_1_12' title='bbox 1236 981 1465 1061; x_wconf 74' lang='lat' dir='ltr'><strong>Carthaginem</strong></span> <span class='ocrx_word' id='word_1_13' title='bbox 1483 982 1622 1049; x_wconf 82' lang='lat' dir='ltr'><strong>vocatis,</strong></span> <span class='ocrx_word' id='word_1_14' title='bbox 1642 984 1711 1045; x_wconf 80' lang='lat' dir='ltr'><strong>sire</strong></span> <span class='ocrx_word' id='word_1_15' title='bbox 1733 986 1766 1045; x_wconf 90' lang='lat' dir='ltr'><strong>iii</strong></span> <span class='ocrx_word' id='word_1_16' title='bbox 1782 1003 1819 1049; x_wconf 87' lang='lat' dir='ltr'><strong>ea</strong></span> <span class='ocrx_word' id='word_1_17' title='bbox 1836 989 1916 1051; x_wconf 91' lang='lat' dir='ltr'><strong>urbe</strong></span> <span class='ocrx_word' id='word_1_18' title='bbox 1932 991 2013 1054; x_wconf 79' lang='lat' dir='ltr'><strong>torte</strong></span> <span class='ocrx_word' id='word_1_19' title='bbox 2031 994 2161 1061; x_wconf 67' lang='lat' dir='ltr'><strong>torinna</strong></span> 
     </span>
     <span class='ocr_line' id='line_1_3' title="bbox 517 1060 2162 1146; baseline 0.009 -23"><span class='ocrx_word' id='word_1_20' title='bbox 517 1065 676 1142; x_wconf 87' lang='lat' dir='ltr'><strong>repertis;</strong></span> <span class='ocrx_word' id='word_1_21' title='bbox 694 1079 736 1123; x_wconf 91' lang='lat' dir='ltr'><strong>ex</strong></span> <span class='ocrx_word' id='word_1_22' title='bbox 756 1061 875 1139; x_wconf 89' lang='lat' dir='ltr'><strong>quibus</strong></span> <span class='ocrx_word' id='word_1_23' title='bbox 891 1066 998 1120; x_wconf 89' lang='lat' dir='ltr'><strong>tamen</strong></span> <span class='ocrx_word' id='word_1_24' title='bbox 1018 1061 1200 1121; x_wconf 75' lang='lat' dir='ltr'><strong>constitisse</strong></span> <span class='ocrx_word' id='word_1_25' title='bbox 1215 1079 1328 1121; x_wconf 83' lang='lat' dir='ltr'><strong>verum</strong></span> <span class='ocrx_word' id='word_1_26' title='bbox 1343 1060 1517 1123; x_wconf 90' lang='lat' dir='ltr'><strong>concilium</strong></span> <span class='ocrx_word' id='word_1_27' title='bbox 1540 1079 1580 1122; x_wconf 89' lang='lat' dir='ltr'><strong>ex</strong></span> <span class='ocrx_word' id='word_1_28' title='bbox 1599 1079 1637 1122; x_wconf 91' lang='lat' dir='ltr'><strong>eo</strong></span> <span class='ocrx_word' id='word_1_29' title='bbox 1654 1062 1854 1144; x_wconf 79' lang='lat' dir='ltr'><strong>intelligitur,</strong></span> <span class='ocrx_word' id='word_1_30' title='bbox 1870 1071 1956 1146; x_wconf 90' lang='lat' dir='ltr'><strong>quod</strong></span> <span class='ocrx_word' id='word_1_31' title='bbox 1974 1073 2012 1133; x_wconf 90' lang='lat' dir='ltr'><strong>ad</strong></span> <span class='ocrx_word' id='word_1_32' title='bbox 2032 1074 2162 1138; x_wconf 89' lang='lat' dir='ltr'><strong>illorum</strong></span> 
     </span>
     <span class='ocr_line' id='line_1_4' title="bbox 517 1138 2162 1235; baseline 0.007 -31"><span class='ocrx_word' id='word_1_33' title='bbox 517 1144 642 1204; x_wconf 77' lang='lat' dir='ltr'><strong>litteras</strong></span> <span class='ocrx_word' id='word_1_34' title='bbox 662 1141 865 1219; x_wconf 88' lang='lat' dir='ltr'><strong>respondens</strong></span> <span class='ocrx_word' id='word_1_35' title='bbox 879 1138 1024 1199; x_wconf 84' lang='lat' dir='ltr'><strong>Zosimus</strong></span> <span class='ocrx_word' id='word_1_36' title='bbox 1041 1140 1210 1215; x_wconf 89' lang='lat' dir='ltr'><strong>epistolam</strong></span> <span class='ocrx_word' id='word_1_37' title='bbox 1227 1156 1321 1200; x_wconf 89' lang='lat' dir='ltr'><strong>suain</strong></span> <span class='ocrx_word' id='word_1_38' title='bbox 1337 1141 1471 1201; x_wconf 89' lang='lat' dir='ltr'><strong>Aurelio</strong></span> <span class='ocrx_word' id='word_1_39' title='bbox 1500 1157 1538 1200; x_wconf 93' lang='lat' dir='ltr'><strong>ac</strong></span> <span class='ocrx_word' id='word_1_40' title='bbox 1559 1142 1681 1202; x_wconf 70' lang='lat' dir='ltr'><strong>caeteris</strong></span> <span class='ocrx_word' id='word_1_41' title='bbox 1697 1144 1753 1220; x_wconf 93' lang='lat' dir='ltr'><strong>qui</strong></span> <span class='ocrx_word' id='word_1_42' title='bbox 1780 1145 1812 1205; x_wconf 92' lang='lat' dir='ltr'><strong>in</strong></span> <span class='ocrx_word' id='word_1_43' title='bbox 1838 1149 1974 1210; x_wconf 90' lang='lat' dir='ltr'><strong>concilio</strong></span> <span class='ocrx_word' id='word_1_44' title='bbox 1989 1152 2162 1235; x_wconf 84' lang='lat' dir='ltr'><strong>Carthagi-</strong></span> 
     </span>
     <span class='ocr_line' id='line_1_5' title="bbox 517 1218 2162 1309; baseline 0.007 -25"><span class='ocrx_word' id='word_1_45' title='bbox 517 1223 610 1284; x_wconf 88' lang='lat' dir='ltr'><strong>nensi</strong></span> <span class='ocrx_word' id='word_1_46' title='bbox 628 1220 820 1290; x_wconf 87' lang='lat' dir='ltr'><strong>adfuerunt,</strong></span> <span class='ocrx_word' id='word_1_47' title='bbox 836 1218 991 1279; x_wconf 87' lang='lat' dir='ltr'><strong>inscribat</strong></span> <span class='ocrx_word' id='word_1_48' title='bbox 1007 1218 1135 1309; x_wconf 71' lang='lat' dir='ltr'><strong>(Infra,</strong></span> <span class='ocrx_word' id='word_1_49' title='bbox 1151 1219 1292 1295; x_wconf 85' lang='lat' dir='ltr'><strong>Append.</strong></span> <span class='ocrx_word' id='word_1_50' title='bbox 1302 1230 1393 1297; x_wconf 85' lang='lat' dir='ltr'><strong>purte</strong></span> <span class='ocrx_word' id='word_1_51' title='bbox 1406 1219 1450 1299; x_wconf 73' lang='lat' dir='ltr'><strong>P).</strong></span> <span class='ocrx_word' id='word_1_52' title='bbox 1467 1218 1542 1279; x_wconf 89' lang='lat' dir='ltr'><strong>Veri</strong></span> <span class='ocrx_word' id='word_1_53' title='bbox 1558 1237 1636 1280; x_wconf 87' lang='lat' dir='ltr'><strong>sane</strong></span> <span class='ocrx_word' id='word_1_54' title='bbox 1651 1239 1750 1298; x_wconf 91' lang='lat' dir='ltr'><strong>quam</strong></span> <span class='ocrx_word' id='word_1_55' title='bbox 1770 1224 1969 1289; x_wconf 87' lang='lat' dir='ltr'><strong>simillimum</strong></span> <span class='ocrx_word' id='word_1_56' title='bbox 1983 1238 2043 1305; x_wconf 89' lang='lat' dir='ltr'><strong>est,</strong></span> <span class='ocrx_word' id='word_1_57' title='bbox 2055 1236 2162 1295; x_wconf 89' lang='lat' dir='ltr'><strong>statim</strong></span> 
     </span>
     <span class='ocr_line' id='line_1_6' title="bbox 517 1296 2161 1381; baseline 0.007 -18"><span class='ocrx_word' id='word_1_58' title='bbox 517 1308 616 1379; x_wconf 91' lang='lat' dir='ltr'><strong>atque</strong></span> <span class='ocrx_word' id='word_1_59' title='bbox 634 1300 733 1361; x_wconf 90' lang='lat' dir='ltr'><strong>allata</strong></span> <span class='ocrx_word' id='word_1_60' title='bbox 748 1299 807 1358; x_wconf 92' lang='lat' dir='ltr'><strong>fuit</strong></span> <span class='ocrx_word' id='word_1_61' title='bbox 822 1297 910 1375; x_wconf 90' lang='lat' dir='ltr'><strong>prior</strong></span> <span class='ocrx_word' id='word_1_62' title='bbox 927 1296 981 1357; x_wconf 93' lang='lat' dir='ltr'><strong>illa</strong></span> <span class='ocrx_word' id='word_1_63' title='bbox 998 1296 1115 1356; x_wconf 80' lang='lat' dir='ltr'><strong>Zosimi</strong></span> <span class='ocrx_word' id='word_1_64' title='bbox 1129 1298 1343 1374; x_wconf 74' lang='lat' dir='ltr'><strong>protloelestio</strong></span> <span class='ocrx_word' id='word_1_65' title='bbox 1359 1299 1508 1375; x_wconf 89' lang='lat' dir='ltr'><strong>epistola,</strong></span> <span class='ocrx_word' id='word_1_66' title='bbox 1524 1300 1691 1361; x_wconf 90' lang='lat' dir='ltr'><strong>Aurelium</strong></span> <span class='ocrx_word' id='word_1_67' title='bbox 1710 1303 1868 1381; x_wconf 83' lang='lat' dir='ltr'><strong>episcopis</strong></span> <span class='ocrx_word' id='word_1_68' title='bbox 1889 1306 2033 1369; x_wconf 86' lang='lat' dir='ltr'><strong>locorum</strong></span> <span class='ocrx_word' id='word_1_69' title='bbox 2053 1314 2161 1374; x_wconf 89' lang='lat' dir='ltr'><strong>minus</strong></span> 
     </span>
     <span class='ocr_line' id='line_1_7' title="bbox 517 1375 2159 1463; baseline 0.007 -22"><span class='ocrx_word' id='word_1_70' title='bbox 517 1382 721 1449; x_wconf 89' lang='lat' dir='ltr'><strong>dissitorum,</strong></span> <span class='ocrx_word' id='word_1_71' title='bbox 742 1382 818 1455; x_wconf 89' lang='lat' dir='ltr'><strong>puta</strong></span> <span class='ocrx_word' id='word_1_72' title='bbox 834 1376 1010 1455; x_wconf 87' lang='lat' dir='ltr'><strong>provinciae</strong></span> <span class='ocrx_word' id='word_1_73' title='bbox 1022 1375 1282 1449; x_wconf 84' lang='lat' dir='ltr'><strong>Proconsularis,</strong></span> <span class='ocrx_word' id='word_1_74' title='bbox 1300 1377 1472 1451; x_wconf 69' lang='lat' dir='ltr'><strong>Numidica,</strong></span> <span class='ocrx_word' id='word_1_75' title='bbox 1487 1394 1524 1438; x_wconf 93' lang='lat' dir='ltr'><strong>ac</strong></span> <span class='ocrx_word' id='word_1_76' title='bbox 1542 1379 1734 1457; x_wconf 76' lang='lat' dir='ltr'><strong>Byzacena,</strong></span> <span class='ocrx_word' id='word_1_77' title='bbox 1751 1384 1997 1461; x_wconf 84' lang='lat' dir='ltr'><strong>significandum</strong></span> <span class='ocrx_word' id='word_1_78' title='bbox 2010 1407 2159 1463; x_wconf 83' lang='lat' dir='ltr'><strong>curasse,</strong></span> 
     </span>
     <span class='ocr_line' id='line_1_8' title="bbox 518 1455 2160 1540; baseline 0.005 -19"><span class='ocrx_word' id='word_1_79' title='bbox 518 1468 552 1521; x_wconf 88' lang='lat' dir='ltr'><strong>ut</strong></span> <span class='ocrx_word' id='word_1_80' title='bbox 563 1460 603 1521; x_wconf 89' lang='lat' dir='ltr'><strong>ad</strong></span> <span class='ocrx_word' id='word_1_81' title='bbox 614 1456 796 1519; x_wconf 86' lang='lat' dir='ltr'><strong>habendam</strong></span> <span class='ocrx_word' id='word_1_82' title='bbox 808 1473 918 1516; x_wconf 88' lang='lat' dir='ltr'><strong>secum</strong></span> <span class='ocrx_word' id='word_1_83' title='bbox 930 1455 1194 1515; x_wconf 85' lang='lat' dir='ltr'><strong>deliberationem</strong></span> <span class='ocrx_word' id='word_1_84' title='bbox 1206 1455 1244 1515; x_wconf 89' lang='lat' dir='ltr'><strong>de</strong></span> <span class='ocrx_word' id='word_1_85' title='bbox 1257 1474 1291 1517; x_wconf 87' lang='lat' dir='ltr'><strong>re.</strong></span> <span class='ocrx_word' id='word_1_86' title='bbox 1306 1457 1385 1517; x_wconf 91' lang='lat' dir='ltr'><strong>tanti</strong></span> <span class='ocrx_word' id='word_1_87' title='bbox 1397 1458 1549 1518; x_wconf 86' lang='lat' dir='ltr'><strong>momenti</strong></span> <span class='ocrx_word' id='word_1_88' title='bbox 1566 1460 1775 1520; x_wconf 88' lang='lat' dir='ltr'><strong>convenirent</strong></span> <span class='ocrx_word' id='word_1_89' title='bbox 1790 1483 1797 1522; x_wconf 90' lang='lat'>:</span> <span class='ocrx_word' id='word_1_90' title='bbox 1812 1471 1906 1540; x_wconf 90' lang='lat' dir='ltr'><strong>atque</strong></span> <span class='ocrx_word' id='word_1_91' title='bbox 1922 1467 1974 1525; x_wconf 90' lang='lat' dir='ltr'><strong>ubi</strong></span> <span class='ocrx_word' id='word_1_92' title='bbox 1989 1468 2160 1531; x_wconf 79' lang='lat' dir='ltr'><strong>viciniores</strong></span> 
     </span>
     <span class='ocr_line' id='line_1_9' title="bbox 518 1532 2160 1625; baseline 0.005 -24"><span class='ocrx_word' id='word_1_93' title='bbox 518 1540 689 1606; x_wconf 78' lang='lat' dir='ltr'><strong>advenere,</strong></span> <span class='ocrx_word' id='word_1_94' title='bbox 706 1536 833 1596; x_wconf 87' lang='lat' dir='ltr'><strong>Zosimo</strong></span> <span class='ocrx_word' id='word_1_95' title='bbox 849 1532 1016 1595; x_wconf 74' lang='lat' dir='ltr'><strong>confestim</strong></span> <span class='ocrx_word' id='word_1_96' title='bbox 1036 1535 1216 1610; x_wconf 87' lang='lat' dir='ltr'><strong>scripsisse,</strong></span> <span class='ocrx_word' id='word_1_97' title='bbox 1232 1541 1267 1593; x_wconf 90' lang='lat' dir='ltr'><strong>ut</strong></span> <span class='ocrx_word' id='word_1_98' title='bbox 1280 1537 1412 1596; x_wconf 73' lang='lat' dir='ltr'><strong>Romam</strong></span> <span class='ocrx_word' id='word_1_99' title='bbox 1428 1537 1505 1614; x_wconf 78' lang='lat' dir='ltr'><strong>ipsae</strong></span> <span class='ocrx_word' id='word_1_100' title='bbox 1520 1554 1643 1606; x_wconf 89' lang='lat' dir='ltr'><strong>corum,</strong></span> <span class='ocrx_word' id='word_1_101' title='bbox 1659 1538 1686 1598; x_wconf 90' lang='lat' dir='ltr'><strong>si</strong></span> <span class='ocrx_word' id='word_1_102' title='bbox 1701 1538 1770 1599; x_wconf 85' lang='lat' dir='ltr'><strong>fieri</strong></span> <span class='ocrx_word' id='word_1_103' title='bbox 1786 1550 1906 1618; x_wconf 89' lang='lat' dir='ltr'><strong>posset,</strong></span> <span class='ocrx_word' id='word_1_104' title='bbox 1920 1550 1993 1606; x_wconf 90' lang='lat' dir='ltr'><strong>ante</strong></span> <span class='ocrx_word' id='word_1_105' title='bbox 2004 1550 2160 1625; x_wconf 85' lang='lat' dir='ltr'><strong>perreni-</strong></span> 
     </span>
     <span class='ocr_line' id='line_1_10' title="bbox 518 1613 1776 1691; baseline -0.006 -10"><span class='ocrx_word' id='word_1_106' title='bbox 518 1617 727 1686; x_wconf 83' lang='lat' dir='ltr'><strong>reatlitterre,</strong></span> <span class='ocrx_word' id='word_1_107' title='bbox 743 1630 841 1691; x_wconf 90' lang='lat' dir='ltr'><strong>quain</strong></span> <span class='ocrx_word' id='word_1_108' title='bbox 859 1614 1005 1674; x_wconf 89' lang='lat' dir='ltr'><strong>concessi</strong></span> <span class='ocrx_word' id='word_1_109' title='bbox 1027 1615 1068 1674; x_wconf 89' lang='lat' dir='ltr'><strong>ab</strong></span> <span class='ocrx_word' id='word_1_110' title='bbox 1084 1613 1141 1673; x_wconf 90' lang='lat' dir='ltr'><strong>illo</strong></span> <span class='ocrx_word' id='word_1_111' title='bbox 1153 1614 1217 1673; x_wconf 86' lang='lat' dir='ltr'><strong>duo</strong></span> <span class='ocrx_word' id='word_1_112' title='bbox 1232 1632 1358 1675; x_wconf 87' lang='lat' dir='ltr'><strong>menses</strong></span> <span class='ocrx_word' id='word_1_113' title='bbox 1372 1621 1481 1675; x_wconf 87' lang='lat' dir='ltr'><strong>essent</strong></span> <span class='ocrx_word' id='word_1_114' title='bbox 1493 1617 1610 1675; x_wconf 82' lang='lat' dir='ltr'><strong>exacti.</strong></span> <span class='ocrx_word' id='word_1_115' title='bbox 1774 1632 1776 1635; x_wconf 52' lang='lat'><em>⁴</em></span> 
     </span>
    </p>

    <p class='ocr_par' dir='ltr' id='par_1_3' title="bbox 517 1691 2161 2015">
     <span class='ocr_line' id='line_1_11' title="bbox 556 1691 2159 1771; baseline 0.005 -13"><span class='ocrx_word' id='word_1_116' title='bbox 556 1697 772 1758; x_wconf 83' lang='lat' dir='ltr'><strong>Accesserant</strong></span> <span class='ocrx_word' id='word_1_117' title='bbox 794 1709 871 1771; x_wconf 89' lang='lat' dir='ltr'><strong>ergo</strong></span> <span class='ocrx_word' id='word_1_118' title='bbox 890 1691 1004 1754; x_wconf 89' lang='lat' dir='ltr'><strong>deinde</strong></span> <span class='ocrx_word' id='word_1_119' title='bbox 1017 1693 1121 1753; x_wconf 80' lang='lat' dir='ltr'><strong>caeteri</strong></span> <span class='ocrx_word' id='word_1_120' title='bbox 1138 1694 1311 1769; x_wconf 76' lang='lat' dir='ltr'><strong>presules,</strong></span> <span class='ocrx_word' id='word_1_121' title='bbox 1334 1709 1354 1754; x_wconf 88' lang='lat' dir='ltr'><strong>a</strong></span> <span class='ocrx_word' id='word_1_122' title='bbox 1374 1695 1494 1770; x_wconf 89' lang='lat' dir='ltr'><strong>quibus</strong></span> <span class='ocrx_word' id='word_1_123' title='bbox 1511 1695 1639 1754; x_wconf 88' lang='lat' dir='ltr'><strong>tandem</strong></span> <span class='ocrx_word' id='word_1_124' title='bbox 1663 1698 1929 1761; x_wconf 81' lang='lat' dir='ltr'><strong>consiliumillud</strong></span> <span class='ocrx_word' id='word_1_125' title='bbox 1947 1702 2159 1766; x_wconf 91' lang='lat' dir='ltr'><strong>ducentorum</strong></span> 
     </span>
     <span class='ocr_line' id='line_1_12' title="bbox 517 1772 2161 1855; baseline 0.006 -20"><span class='ocrx_word' id='word_1_126' title='bbox 517 1773 761 1854; x_wconf 89' lang='lat' dir='ltr'><strong>quatuordecim</strong></span> <span class='ocrx_word' id='word_1_127' title='bbox 776 1772 1002 1848; x_wconf 88' lang='lat' dir='ltr'><strong>episcoporum</strong></span> <span class='ocrx_word' id='word_1_128' title='bbox 1017 1772 1149 1840; x_wconf 87' lang='lat' dir='ltr'><strong>coaluit,</strong></span> <span class='ocrx_word' id='word_1_129' title='bbox 1167 1772 1252 1847; x_wconf 90' lang='lat' dir='ltr'><strong>quod</strong></span> <span class='ocrx_word' id='word_1_130' title='bbox 1269 1780 1442 1848; x_wconf 89' lang='lat' dir='ltr'><strong>antequam</strong></span> <span class='ocrx_word' id='word_1_131' title='bbox 1458 1774 1657 1835; x_wconf 83' lang='lat' dir='ltr'><strong>Cculestiusa</strong></span> <span class='ocrx_word' id='word_1_132' title='bbox 1676 1776 1803 1836; x_wconf 92' lang='lat' dir='ltr'><strong>Zosiiiio</strong></span> <span class='ocrx_word' id='word_1_133' title='bbox 1818 1778 2044 1855; x_wconf 81' lang='lat' dir='ltr'><strong>damnaretur,</strong></span> <span class='ocrx_word' id='word_1_134' title='bbox 2060 1784 2161 1845; x_wconf 88' lang='lat' dir='ltr'><strong>habi-</strong></span> 
     </span>
     <span class='ocr_line' id='line_1_13' title="bbox 518 1841 2157 1972; baseline 0.005 -58"><span class='ocrx_word' id='word_1_135' title='bbox 518 1860 583 1914; x_wconf 92' lang='lat' dir='ltr'><strong>tum</strong></span> <span class='ocrx_word' id='word_1_136' title='bbox 598 1853 702 1914; x_wconf 89' lang='lat' dir='ltr'><strong>fuisse</strong></span> <span class='ocrx_word' id='word_1_137' title='bbox 714 1851 810 1911; x_wconf 85' lang='lat' dir='ltr'><strong>tradit</strong></span> <span class='ocrx_word' id='word_1_138' title='bbox 825 1852 961 1928; x_wconf 85' lang='lat' dir='ltr'><strong>Prosper</strong></span> <span class='ocrx_word' id='word_1_139' title='bbox 976 1841 1099 1930; x_wconf 77' lang='lat' dir='ltr'><strong>(idid).</strong></span> <span class='ocrx_word' id='word_1_140' title='bbox 1115 1850 1182 1910; x_wconf 88' lang='lat' dir='ltr'><strong>Hoc</strong></span> <span class='ocrx_word' id='word_1_141' title='bbox 1193 1850 1297 1927; x_wconf 91' lang='lat' dir='ltr'><strong>ipsum</strong></span> <span class='ocrx_word' id='word_1_142' title='bbox 1312 1853 1513 1972; x_wconf 59' lang='lat' dir='ltr'><strong>Augustinus</strong></span> <span class='ocrx_word' id='word_1_143' title='bbox 1528 1869 1592 1912; x_wconf 94' lang='lat' dir='ltr'><strong>non</strong></span> <span class='ocrx_word' id='word_1_144' title='bbox 1603 1864 1669 1913; x_wconf 88' lang='lat' dir='ltr'><strong>uno</strong></span> <span class='ocrx_word' id='word_1_145' title='bbox 1686 1855 1756 1914; x_wconf 91' lang='lat' dir='ltr'><strong>loco</strong></span> <span class='ocrx_word' id='word_1_146' title='bbox 1771 1866 1862 1918; x_wconf 87' lang='lat' dir='ltr'><strong>vocat</strong></span> <span class='ocrx_word' id='word_1_147' title='bbox 1877 1861 2048 1920; x_wconf 90' lang='lat' dir='ltr'><strong>concilium</strong></span> <span class='ocrx_word' id='word_1_148' title='bbox 2067 1864 2157 1923; x_wconf 87' lang='lat' dir='ltr'><strong>Afri-</strong></span> 
     </span>
     <span class='ocr_line' id='line_1_14' title="bbox 517 1929 2159 2015; baseline 0.005 -20"><span class='ocrx_word' id='word_1_149' title='bbox 517 1950 632 1995; x_wconf 87' lang='lat' dir='ltr'><strong>canum</strong></span> <span class='ocrx_word' id='word_1_150' title='bbox 645 1931 768 2010; x_wconf 77' lang='lat' dir='ltr'><strong>(infra,</strong></span> <span class='ocrx_word' id='word_1_151' title='bbox 782 1930 819 1989; x_wconf 85' lang='lat' dir='ltr'><strong>dc</strong></span> <span class='ocrx_word' id='word_1_152' title='bbox 834 1930 962 1989; x_wconf 83' lang='lat' dir='ltr'><strong>Peccata</strong></span> <span class='ocrx_word' id='word_1_153' title='bbox 980 1929 1150 2005; x_wconf 71' lang='lat' dir='ltr'><strong>originali,</strong></span> <span class='ocrx_word' id='word_1_154' title='bbox 1167 1947 1223 1988; x_wconf 88' lang='lat' dir='ltr'><strong>nn.</strong></span> <span class='ocrx_word' id='word_1_155' title='bbox 1242 1931 1283 2000; x_wconf 85' lang='lat'><strong>8,</strong></span> <span class='ocrx_word' id='word_1_156' title='bbox 1298 1930 1329 2001; x_wconf 80' lang='lat' dir='ltr'><strong>a,</strong></span> <span class='ocrx_word' id='word_1_157' title='bbox 1342 1929 1399 2000; x_wconf 72' lang='lat' dir='ltr'><strong>ai,</strong></span> <span class='ocrx_word' id='word_1_158' title='bbox 1416 1938 1443 1989; x_wconf 85' lang='lat' dir='ltr'><strong>et</strong></span> <span class='ocrx_word' id='word_1_159' title='bbox 1459 1931 1493 1989; x_wconf 88' lang='lat' dir='ltr'><strong>in</strong></span> <span class='ocrx_word' id='word_1_160' title='bbox 1508 1931 1634 2001; x_wconf 74' lang='lat' dir='ltr'><strong>tonina,</strong></span> <span class='ocrx_word' id='word_1_161' title='bbox 1651 1932 1760 2010; x_wconf 81' lang='lat' dir='ltr'><strong>Epist.</strong></span> <span class='ocrx_word' id='word_1_162' title='bbox 1775 1934 1845 2006; x_wconf 68' lang='lat'><strong>215,</strong></span> <span class='ocrx_word' id='word_1_163' title='bbox 1859 1955 1892 1995; x_wconf 88' lang='lat' dir='ltr'><strong>u.</strong></span> <span class='ocrx_word' id='word_1_164' title='bbox 1905 1938 1954 2015; x_wconf 74' lang='lat' dir='ltr'><strong>P),</strong></span> <span class='ocrx_word' id='word_1_165' title='bbox 1973 1957 2011 1999; x_wconf 89' lang='lat' dir='ltr'><strong>eo</strong></span> <span class='ocrx_word' id='word_1_166' title='bbox 2025 1940 2159 2003; x_wconf 90' lang='lat' dir='ltr'><strong>forsitan</strong></span> 
     </span>
    </p>

    <p class='ocr_par' dir='ltr' id='par_1_4' title="bbox 471 2008 2220 3253">
     <span class='ocr_line' id='line_1_15' title="bbox 516 2008 2160 2096; baseline 0.006 -24"><span class='ocrx_word' id='word_1_167' title='bbox 516 2011 600 2089; x_wconf 90' lang='lat' dir='ltr'><strong>quod</strong></span> <span class='ocrx_word' id='word_1_168' title='bbox 616 2029 635 2070; x_wconf 88' lang='lat' dir='ltr'><strong>e</strong></span> <span class='ocrx_word' id='word_1_169' title='bbox 649 2010 798 2087; x_wconf 89' lang='lat' dir='ltr'><strong>pluribus</strong></span> <span class='ocrx_word' id='word_1_170' title='bbox 815 2008 943 2085; x_wconf 90' lang='lat' dir='ltr'><strong>quidem</strong></span> <span class='ocrx_word' id='word_1_171' title='bbox 964 2008 1138 2084; x_wconf 88' lang='lat' dir='ltr'><strong>provinciis</strong></span> <span class='ocrx_word' id='word_1_172' title='bbox 1154 2009 1340 2079; x_wconf 88' lang='lat' dir='ltr'><strong>constabat,</strong></span> <span class='ocrx_word' id='word_1_173' title='bbox 1354 2008 1429 2069; x_wconf 88' lang='lat' dir='ltr'><strong>licet</strong></span> <span class='ocrx_word' id='word_1_174' title='bbox 1441 2025 1504 2068; x_wconf 91' lang='lat' dir='ltr'><strong>noa</strong></span> <span class='ocrx_word' id='word_1_175' title='bbox 1522 2028 1563 2068; x_wconf 85' lang='lat' dir='ltr'><strong>cx</strong></span> <span class='ocrx_word' id='word_1_176' title='bbox 1578 2012 1727 2070; x_wconf 91' lang='lat' dir='ltr'><strong>omnibns</strong></span> <span class='ocrx_word' id='word_1_177' title='bbox 1746 2032 1753 2069; x_wconf 77' lang='grc' dir='ltr'>ε</span> <span class='ocrx_word' id='word_1_178' title='bbox 1770 2031 1835 2090; x_wconf 95' lang='lat' dir='ltr'><strong>quo</strong></span> <span class='ocrx_word' id='word_1_179' title='bbox 1855 2015 1884 2073; x_wconf 92' lang='lat' dir='ltr'><strong>id</strong></span> <span class='ocrx_word' id='word_1_180' title='bbox 1900 2019 1941 2077; x_wconf 90' lang='lat' dir='ltr'><strong>ab</strong></span> <span class='ocrx_word' id='word_1_181' title='bbox 1959 2017 2160 2096; x_wconf 87' lang='lat' dir='ltr'><strong>insequentis</strong></span> 
     </span>
     <span class='ocr_line' id='line_1_16' title="bbox 518 2087 2158 2175; baseline 0.005 -25"><span class='ocrx_word' id='word_1_182' title='bbox 518 2091 592 2150; x_wconf 90' lang='lat' dir='ltr'><strong>anni</strong></span> <span class='ocrx_word' id='word_1_183' title='bbox 602 2089 745 2153; x_wconf 90' lang='lat' dir='ltr'><strong>concilio</strong></span> <span class='ocrx_word' id='word_1_184' title='bbox 759 2087 904 2165; x_wconf 71' lang='lat' dir='ltr'><strong>elesiario</strong></span> <span class='ocrx_word' id='word_1_185' title='bbox 918 2104 955 2146; x_wconf 91' lang='lat' dir='ltr'><strong>ac</strong></span> <span class='ocrx_word' id='word_1_186' title='bbox 966 2088 1107 2164; x_wconf 88' lang='lat' dir='ltr'><strong>generali</strong></span> <span class='ocrx_word' id='word_1_187' title='bbox 1121 2087 1299 2164; x_wconf 84' lang='lat' dir='ltr'><strong>distinguit.</strong></span> <span class='ocrx_word' id='word_1_188' title='bbox 1316 2088 1450 2147; x_wconf 89' lang='lat' dir='ltr'><strong>Videtur</strong></span> <span class='ocrx_word' id='word_1_189' title='bbox 1463 2094 1570 2147; x_wconf 90' lang='lat' dir='ltr'><strong>autem</strong></span> <span class='ocrx_word' id='word_1_190' title='bbox 1587 2090 1709 2149; x_wconf 90' lang='lat' dir='ltr'><strong>ineunti</strong></span> <span class='ocrx_word' id='word_1_191' title='bbox 1729 2094 1894 2153; x_wconf 77' lang='lat' dir='ltr'><strong>novembri</strong></span> <span class='ocrx_word' id='word_1_192' title='bbox 1908 2098 2158 2175; x_wconf 88' lang='lat' dir='ltr'><strong>assignandum,</strong></span> 
     </span>
     <span class='ocr_line' id='line_1_17' title="bbox 516 2166 2161 2252; baseline 0.005 -24"><span class='ocrx_word' id='word_1_193' title='bbox 516 2170 590 2247; x_wconf 88' lang='lat' dir='ltr'><strong>quia</strong></span> <span class='ocrx_word' id='word_1_194' title='bbox 601 2166 811 2229; x_wconf 80' lang='lat' dir='ltr'><strong>Marcellinus</strong></span> <span class='ocrx_word' id='word_1_195' title='bbox 835 2166 1062 2234; x_wconf 89' lang='lat' dir='ltr'><strong>subdiaconus,</strong></span> <span class='ocrx_word' id='word_1_196' title='bbox 1074 2184 1093 2227; x_wconf 93' lang='lat' dir='ltr'><strong>a</strong></span> <span class='ocrx_word' id='word_1_197' title='bbox 1105 2183 1172 2242; x_wconf 92' lang='lat' dir='ltr'><strong>quo</strong></span> <span class='ocrx_word' id='word_1_198' title='bbox 1187 2166 1329 2244; x_wconf 89' lang='lat' dir='ltr'><strong>ejusdcm</strong></span> <span class='ocrx_word' id='word_1_199' title='bbox 1344 2167 1492 2227; x_wconf 89' lang='lat' dir='ltr'><strong>consulta</strong></span> <span class='ocrx_word' id='word_1_200' title='bbox 1503 2166 1542 2227; x_wconf 93' lang='lat' dir='ltr'><strong>ad</strong></span> <span class='ocrx_word' id='word_1_201' title='bbox 1557 2167 1739 2228; x_wconf 85' lang='lat' dir='ltr'><strong>Pontificem</strong></span> <span class='ocrx_word' id='word_1_202' title='bbox 1753 2169 1857 2233; x_wconf 85' lang='lat' dir='ltr'><strong>delata</strong></span> <span class='ocrx_word' id='word_1_203' title='bbox 1878 2179 1965 2243; x_wconf 89' lang='lat' dir='ltr'><strong>sunt,</strong></span> <span class='ocrx_word' id='word_1_204' title='bbox 1984 2177 2161 2252; x_wconf 91' lang='lat' dir='ltr'><strong>profectio-</strong></span> 
     </span>
     <span class='ocr_line' id='line_1_18' title="bbox 518 2245 2220 2350; baseline 0.004 -41"><span class='ocrx_word' id='word_1_205' title='bbox 518 2246 768 2309; x_wconf 83' lang='lat' dir='ltr'><strong>nemsextoidus</strong></span> <span class='ocrx_word' id='word_1_206' title='bbox 781 2245 867 2305; x_wconf 89' lang='lat' dir='ltr'><strong>illius</strong></span> <span class='ocrx_word' id='word_1_207' title='bbox 877 2245 993 2305; x_wconf 85' lang='lat' dir='ltr'><strong>mensis</strong></span> <span class='ocrx_word' id='word_1_208' title='bbox 1006 2247 1207 2322; x_wconf 69' lang='lat' dir='ltr'><strong>preparabat</strong></span> <span class='ocrx_word' id='word_1_209' title='bbox 1218 2245 1333 2350; x_wconf 68' lang='lat' dir='ltr'><strong>(Infra.</strong></span> <span class='ocrx_word' id='word_1_210' title='bbox 1344 2245 1485 2324; x_wconf 83' lang='lat' dir='ltr'><strong>Append.</strong></span> <span class='ocrx_word' id='word_1_211' title='bbox 1494 2246 1637 2323; x_wconf 70' lang='lat' dir='ltr'><strong>partePJ.</strong></span> <span class='ocrx_word' id='word_1_212' title='bbox 1649 2247 1731 2306; x_wconf 86' lang='lat' dir='ltr'><strong>Fieri</strong></span> <span class='ocrx_word' id='word_1_213' title='bbox 1742 2256 1848 2310; x_wconf 89' lang='lat' dir='ltr'><strong>tamen</strong></span> <span class='ocrx_word' id='word_1_214' title='bbox 1867 2256 1971 2328; x_wconf 91' lang='lat' dir='ltr'><strong>petest</strong></span> <span class='ocrx_word' id='word_1_215' title='bbox 1985 2260 2160 2333; x_wconf 87' lang='lat' dir='ltr'><strong>utproptcr</strong></span> <span class='ocrx_word' id='word_1_216' title='bbox 2217 2271 2220 2281; x_wconf 88' lang='grc'><em>·</em></span> 
     </span>
     <span class='ocr_line' id='line_1_19' title="bbox 518 2323 2159 2404; baseline 0.005 -17"><span class='ocrx_word' id='word_1_217' title='bbox 518 2326 560 2387; x_wconf 86' lang='lat' dir='ltr'><strong>rei</strong></span> <span class='ocrx_word' id='word_1_218' title='bbox 575 2326 751 2387; x_wconf 74' lang='lat' dir='ltr'><strong>tractandas</strong></span> <span class='ocrx_word' id='word_1_219' title='bbox 773 2325 963 2403; x_wconf 84' lang='lat' dir='ltr'><strong>gravitatem</strong></span> <span class='ocrx_word' id='word_1_220' title='bbox 976 2331 1007 2384; x_wconf 94' lang='lat' dir='ltr'><strong>et</strong></span> <span class='ocrx_word' id='word_1_221' title='bbox 1022 2323 1187 2402; x_wconf 90' lang='lat' dir='ltr'><strong>dirigenda</strong></span> <span class='ocrx_word' id='word_1_222' title='bbox 1203 2323 1367 2385; x_wconf 80' lang='lat' dir='ltr'><strong>inbrbeiii</strong></span> <span class='ocrx_word' id='word_1_223' title='bbox 1381 2328 1464 2392; x_wconf 91' lang='lat' dir='ltr'><strong>acta,</strong></span> <span class='ocrx_word' id='word_1_224' title='bbox 1477 2323 1666 2401; x_wconf 91' lang='lat' dir='ltr'><strong>productum</strong></span> <span class='ocrx_word' id='word_1_225' title='bbox 1681 2328 1849 2404; x_wconf 90' lang='lat' dir='ltr'><strong>aliquanto</strong></span> <span class='ocrx_word' id='word_1_226' title='bbox 1864 2331 1983 2392; x_wconf 91' lang='lat' dir='ltr'><strong>diutius</strong></span> <span class='ocrx_word' id='word_1_227' title='bbox 2000 2333 2105 2393; x_wconf 88' lang='lat' dir='ltr'><strong>luerit.</strong></span> <span class='ocrx_word' id='word_1_228' title='bbox 2122 2336 2159 2395; x_wconf 93' lang='lat' dir='ltr'><strong>ln</strong></span> 
     </span>
     <span class='ocr_line' id='line_1_20' title="bbox 518 2402 2158 2485; baseline 0.005 -19"><span class='ocrx_word' id='word_1_229' title='bbox 518 2406 574 2466; x_wconf 90' lang='lat' dir='ltr'><strong>bac</strong></span> <span class='ocrx_word' id='word_1_230' title='bbox 588 2404 714 2485; x_wconf 68' lang='lat' dir='ltr'><strong>synodo</strong></span> <span class='ocrx_word' id='word_1_231' title='bbox 730 2403 811 2465; x_wconf 88' lang='lat' dir='ltr'><strong>facta</strong></span> <span class='ocrx_word' id='word_1_232' title='bbox 827 2409 901 2464; x_wconf 91' lang='lat' dir='ltr'><strong>sunt</strong></span> <span class='ocrx_word' id='word_1_233' title='bbox 914 2403 1040 2464; x_wconf 90' lang='lat' dir='ltr'><strong>decreta</strong></span> <span class='ocrx_word' id='word_1_234' title='bbox 1055 2409 1085 2463; x_wconf 90' lang='lat' dir='ltr'><strong>et</strong></span> <span class='ocrx_word' id='word_1_235' title='bbox 1100 2402 1356 2471; x_wconf 90' lang='lat' dir='ltr'><strong>constitutiones,</strong></span> <span class='ocrx_word' id='word_1_236' title='bbox 1370 2419 1452 2480; x_wconf 90' lang='lat' dir='ltr'><strong>quas</strong></span> <span class='ocrx_word' id='word_1_237' title='bbox 1471 2408 1581 2481; x_wconf 86' lang='lat' dir='ltr'><strong>postea</strong></span> <span class='ocrx_word' id='word_1_238' title='bbox 1601 2404 1688 2464; x_wconf 90' lang='lat' dir='ltr'><strong>orbis</strong></span> <span class='ocrx_word' id='word_1_239' title='bbox 1703 2406 1887 2479; x_wconf 84' lang='lat' dir='ltr'><strong>universus,</strong></span> <span class='ocrx_word' id='word_1_240' title='bbox 1906 2411 2018 2483; x_wconf 77' lang='lat' dir='ltr'><strong>licina,</strong></span> <span class='ocrx_word' id='word_1_241' title='bbox 2033 2431 2158 2474; x_wconf 88' lang='lat' dir='ltr'><strong>necnon</strong></span> 
     </span>
     <span class='ocr_line' id='line_1_21' title="bbox 518 2481 2160 2567; baseline 0.005 -22"><span class='ocrx_word' id='word_1_242' title='bbox 518 2484 728 2561; x_wconf 88' lang='lat' dir='ltr'><strong>imperatores</strong></span> <span class='ocrx_word' id='word_1_243' title='bbox 739 2483 901 2542; x_wconf 86' lang='lat' dir='ltr'><strong>Honorias</strong></span> <span class='ocrx_word' id='word_1_244' title='bbox 912 2488 941 2541; x_wconf 90' lang='lat' dir='ltr'><strong>et</strong></span> <span class='ocrx_word' id='word_1_245' title='bbox 955 2482 1110 2541; x_wconf 88' lang='lat' dir='ltr'><strong>Arcadius</strong></span> <span class='ocrx_word' id='word_1_246' title='bbox 1127 2488 1203 2541; x_wconf 89' lang='lat' dir='ltr'><strong>sunt</strong></span> <span class='ocrx_word' id='word_1_247' title='bbox 1216 2481 1357 2558; x_wconf 81' lang='lat' dir='ltr'><strong>amplexi</strong></span> <span class='ocrx_word' id='word_1_248' title='bbox 1369 2481 1493 2562; x_wconf 74' lang='lat' dir='ltr'><strong>(idid).</strong></span> <span class='ocrx_word' id='word_1_249' title='bbox 1507 2484 1580 2543; x_wconf 74' lang='lat' dir='ltr'><strong>llaec</strong></span> <span class='ocrx_word' id='word_1_250' title='bbox 1595 2486 1721 2544; x_wconf 90' lang='lat' dir='ltr'><strong>decreta</strong></span> <span class='ocrx_word' id='word_1_251' title='bbox 1733 2488 1899 2546; x_wconf 87' lang='lat' dir='ltr'><strong>materiam</strong></span> <span class='ocrx_word' id='word_1_252' title='bbox 1912 2491 2160 2567; x_wconf 89' lang='lat' dir='ltr'><strong>suppeditarunt</strong></span> 
     </span>
     <span class='ocr_line' id='line_1_22' title="bbox 517 2559 2160 2646; baseline 0.005 -23"><span class='ocrx_word' id='word_1_253' title='bbox 517 2570 585 2624; x_wconf 89' lang='lat' dir='ltr'><strong>octo</strong></span> <span class='ocrx_word' id='word_1_254' title='bbox 612 2580 672 2623; x_wconf 89' lang='lat' dir='ltr'><strong>seu</strong></span> <span class='ocrx_word' id='word_1_255' title='bbox 695 2580 811 2622; x_wconf 86' lang='lat' dir='ltr'><strong>norem</strong></span> <span class='ocrx_word' id='word_1_256' title='bbox 832 2560 990 2621; x_wconf 78' lang='lat' dir='ltr'><strong>Africanis</strong></span> <span class='ocrx_word' id='word_1_257' title='bbox 1014 2566 1126 2621; x_wconf 91' lang='lat' dir='ltr'><strong>contra</strong></span> <span class='ocrx_word' id='word_1_258' title='bbox 1149 2560 1339 2638; x_wconf 88' lang='lat' dir='ltr'><strong>Pelagianos</strong></span> <span class='ocrx_word' id='word_1_259' title='bbox 1367 2559 1567 2628; x_wconf 88' lang='lat' dir='ltr'><strong>canonibus,</strong></span> <span class='ocrx_word' id='word_1_260' title='bbox 1591 2562 1760 2637; x_wconf 85' lang='lat' dir='ltr'><strong>quiantea</strong></span> <span class='ocrx_word' id='word_1_261' title='bbox 1781 2564 1973 2627; x_wconf 82' lang='lat' dir='ltr'><strong>lililevitanae</strong></span> <span class='ocrx_word' id='word_1_262' title='bbox 1990 2586 2160 2646; x_wconf 87' lang='lat' dir='ltr'><strong>perperam</strong></span> 
     </span>
     <span class='ocr_line' id='line_1_23' title="bbox 517 2638 2161 2719; baseline 0.004 -16"><span class='ocrx_word' id='word_1_263' title='bbox 517 2640 666 2717; x_wconf 84' lang='lat' dir='ltr'><strong>adscripti</strong></span> <span class='ocrx_word' id='word_1_264' title='bbox 678 2641 814 2719; x_wconf 70' lang='lat' dir='ltr'><strong>synodo,</strong></span> <span class='ocrx_word' id='word_1_265' title='bbox 826 2641 891 2718; x_wconf 88' lang='lat' dir='ltr'><strong>jain</strong></span> <span class='ocrx_word' id='word_1_266' title='bbox 903 2638 1061 2718; x_wconf 88' lang='lat' dir='ltr'><strong>generalis</strong></span> <span class='ocrx_word' id='word_1_267' title='bbox 1076 2638 1336 2717; x_wconf 84' lang='lat' dir='ltr'><strong>Carthaginensis</strong></span> <span class='ocrx_word' id='word_1_268' title='bbox 1350 2655 1437 2699; x_wconf 90' lang='lat' dir='ltr'><strong>anno</strong></span> <span class='ocrx_word' id='word_1_269' title='bbox 1448 2639 1765 2717; x_wconf 87' lang='lat' dir='ltr'><strong>quadringentesimo</strong></span> <span class='ocrx_word' id='word_1_270' title='bbox 1780 2642 2035 2714; x_wconf 87' lang='lat' dir='ltr'><strong>decimooctaro,</strong></span> <span class='ocrx_word' id='word_1_271' title='bbox 2048 2650 2161 2709; x_wconf 89' lang='lat' dir='ltr'><strong>calen-</strong></span> 
     </span>
     <span class='ocr_line' id='line_1_24' title="bbox 517 2717 2157 2799; baseline 0.004 -19"><span class='ocrx_word' id='word_1_272' title='bbox 517 2720 562 2781; x_wconf 85' lang='lat' dir='ltr'><strong>dis</strong></span> <span class='ocrx_word' id='word_1_273' title='bbox 577 2721 673 2780; x_wconf 91' lang='lat' dir='ltr'><strong>maiis</strong></span> <span class='ocrx_word' id='word_1_274' title='bbox 683 2720 852 2781; x_wconf 77' lang='lat' dir='ltr'><strong>celebratae</strong></span> <span class='ocrx_word' id='word_1_275' title='bbox 868 2736 938 2778; x_wconf 90' lang='lat' dir='ltr'><strong>csse</strong></span> <span class='ocrx_word' id='word_1_276' title='bbox 949 2723 1201 2795; x_wconf 89' lang='lat' dir='ltr'><strong>cognoscantur.</strong></span> <span class='ocrx_word' id='word_1_277' title='bbox 1213 2718 1354 2793; x_wconf 78' lang='lat' dir='ltr'><strong>Decretis</strong></span> <span class='ocrx_word' id='word_1_278' title='bbox 1369 2718 1436 2777; x_wconf 89' lang='lat' dir='ltr'><strong>suis</strong></span> <span class='ocrx_word' id='word_1_279' title='bbox 1451 2717 1592 2796; x_wconf 76' lang='lat' dir='ltr'><strong>synodus</strong></span> <span class='ocrx_word' id='word_1_280' title='bbox 1605 2717 1918 2797; x_wconf 74' lang='lat' dir='ltr'><strong>prefixitepistolam</strong></span> <span class='ocrx_word' id='word_1_281' title='bbox 1930 2724 1969 2784; x_wconf 92' lang='lat' dir='ltr'><strong>ad</strong></span> <span class='ocrx_word' id='word_1_282' title='bbox 1982 2726 2157 2799; x_wconf 90' lang='lat' dir='ltr'><strong>Zosimum,</strong></span> 
     </span>
     <span class='ocr_line' id='line_1_25' title="bbox 517 2796 2160 2883; baseline 0.005 -25"><span class='ocrx_word' id='word_1_283' title='bbox 517 2799 627 2877; x_wconf 91' lang='lat' dir='ltr'><strong>inqua</strong></span> <span class='ocrx_word' id='word_1_284' title='bbox 642 2799 689 2859; x_wconf 88' lang='lat' dir='ltr'><strong>sic</strong></span> <span class='ocrx_word' id='word_1_285' title='bbox 703 2798 741 2858; x_wconf 89' lang='lat' dir='ltr'><strong>ad</strong></span> <span class='ocrx_word' id='word_1_286' title='bbox 758 2816 831 2858; x_wconf 90' lang='lat' dir='ltr'><strong>eum</strong></span> <span class='ocrx_word' id='word_1_287' title='bbox 846 2799 954 2858; x_wconf 89' lang='lat' dir='ltr'><strong>Patres</strong></span> <span class='ocrx_word' id='word_1_288' title='bbox 970 2796 1220 2872; x_wconf 85' lang='lat' dir='ltr'><strong>alloquebantur</strong></span> <span class='ocrx_word' id='word_1_289' title='bbox 1237 2796 1480 2859; x_wconf 83' lang='lat' dir='ltr'><strong>:Censtituimus</strong></span> <span class='ocrx_word' id='word_1_290' title='bbox 1495 2796 1529 2855; x_wconf 88' lang='lat' dir='ltr'><strong>iu</strong></span> <span class='ocrx_word' id='word_1_291' title='bbox 1543 2797 1704 2873; x_wconf 77' lang='lat' dir='ltr'><strong>Pctuqium</strong></span> <span class='ocrx_word' id='word_1_292' title='bbox 1714 2807 1805 2876; x_wconf 85' lang='lat' dir='ltr'><strong>atquc</strong></span> <span class='ocrx_word' id='word_1_293' title='bbox 1816 2800 1991 2863; x_wconf 84' lang='lat' dir='ltr'><strong>Coeiestium</strong></span> <span class='ocrx_word' id='word_1_294' title='bbox 2003 2823 2160 2883; x_wconf 79' lang='lat' dir='ltr'><strong>percens-</strong></span> 
     </span>
     <span class='ocr_line' id='line_1_26' title="bbox 471 2874 2158 2956; baseline 0.005 -20"><span class='ocrx_word' id='word_1_295' title='bbox 471 2876 477 2894; x_wconf 82' lang='lat'><strong><em>‘</em></strong></span> <span class='ocrx_word' id='word_1_296' title='bbox 515 2877 642 2938; x_wconf 73' lang='lat' dir='ltr'><strong>toditem</strong></span> <span class='ocrx_word' id='word_1_297' title='bbox 659 2880 838 2956; x_wconf 79' lang='lat' dir='ltr'><strong>episcopum</strong></span> <span class='ocrx_word' id='word_1_298' title='bbox 849 2876 1071 2936; x_wconf 75' lang='lat' dir='ltr'><strong>licencentiam</strong></span> <span class='ocrx_word' id='word_1_299' title='bbox 1084 2875 1120 2934; x_wconf 81' lang='lat' dir='ltr'><strong>de</strong></span> <span class='ocrx_word' id='word_1_300' title='bbox 1131 2874 1298 2936; x_wconf 79' lang='lat' dir='ltr'><strong>beatissimi</strong></span> <span class='ocrx_word' id='word_1_301' title='bbox 1312 2874 1450 2953; x_wconf 81' lang='lat' dir='ltr'><strong>apostoli·</strong></span> <span class='ocrx_word' id='word_1_302' title='bbox 1462 2874 1553 2935; x_wconf 84' lang='lat' dir='ltr'><strong>Petri</strong></span> <span class='ocrx_word' id='word_1_303' title='bbox 1562 2875 1629 2933; x_wconf 85' lang='lat' dir='ltr'><strong>sede</strong></span> <span class='ocrx_word' id='word_1_304' title='bbox 1643 2875 1801 2953; x_wconf 82' lang='lat' dir='ltr'><strong>profatum</strong></span> <span class='ocrx_word' id='word_1_305' title='bbox 1814 2897 1937 2939; x_wconf 84' lang='lat' dir='ltr'><strong>manere</strong></span> <span class='ocrx_word' id='word_1_306' title='bbox 1953 2886 2158 2951; x_wconf 83' lang='lat' dir='ltr'><strong>sententium,</strong></span> 
     </span>
     <span class='ocr_line' id='line_1_27' title="bbox 516 2955 2157 3035; baseline 0.004 -20"><span class='ocrx_word' id='word_1_307' title='bbox 516 2956 611 3017; x_wconf 81' lang='lat' dir='ltr'><strong>donec</strong></span> <span class='ocrx_word' id='word_1_308' title='bbox 626 2976 646 3016; x_wconf 87' lang='lat' dir='ltr'><strong>a</strong></span> <span class='ocrx_word' id='word_1_309' title='bbox 669 2956 823 3016; x_wconf 82' lang='lat' dir='ltr'><strong>crtissi&#39;nm</strong></span> <span class='ocrx_word' id='word_1_310' title='bbox 847 2955 1040 3035; x_wconf 80' lang='lat' dir='ltr'><strong>confessione</strong></span> <span class='ocrx_word' id='word_1_311' title='bbox 1060 2956 1236 3033; x_wconf 78' lang='lat' dir='ltr'><strong>{irtcautu-r,</strong></span> <span class='ocrx_word' id='word_1_312' title='bbox 1252 2956 1357 3032; x_wconf 79' lang='lat' dir='ltr'><strong>pratia</strong></span> <span class='ocrx_word' id='word_1_313' title='bbox 1372 2955 1433 3015; x_wconf 79' lang='lat' dir='ltr'><strong>liet</strong></span> <span class='ocrx_word' id='word_1_314' title='bbox 1454 2970 1512 3032; x_wconf 83' lang='lat' dir='ltr'><strong>per</strong></span> <span class='ocrx_word' id='word_1_315' title='bbox 1525 2955 1631 3013; x_wconf 85' lang='lat' dir='ltr'><strong>Jcsum</strong></span> <span class='ocrx_word' id='word_1_316' title='bbox 1643 2955 1803 3015; x_wconf 75' lang='lat' dir='ltr'><strong>Christum</strong></span> <span class='ocrx_word' id='word_1_317' title='bbox 1815 2959 1984 3019; x_wconf 83' lang='lat' dir='ltr'><strong>Dominum</strong></span> <span class='ocrx_word' id='word_1_318' title='bbox 2001 2973 2157 3030; x_wconf 84' lang='lat' dir='ltr'><strong>nostram,</strong></span> 
     </span>
     <span class='ocr_line' id='line_1_28' title="bbox 515 3032 2161 3123; baseline 0.004 -29"><span class='ocrx_word' id='word_1_319' title='bbox 515 3053 577 3094; x_wconf 83' lang='lat' dir='ltr'><strong>uon</strong></span> <span class='ocrx_word' id='word_1_320' title='bbox 597 3054 632 3096; x_wconf 83' lang='lat' dir='ltr'><strong>so</strong></span> <span class='ocrx_word' id='word_1_321' title='bbox 647 3054 700 3094; x_wconf 86' lang='lat' dir='ltr'><strong>um</strong></span> <span class='ocrx_word' id='word_1_322' title='bbox 718 3034 759 3094; x_wconf 86' lang='lat' dir='ltr'><strong>od</strong></span> <span class='ocrx_word' id='word_1_323' title='bbox 780 3032 1039 3123; x_wconf 70' lang='lat' dir='ltr'><strong>cognoscendam,</strong></span> <span class='ocrx_word' id='word_1_324' title='bbox 1057 3050 1163 3092; x_wconf 77' lang='lat' dir='ltr'><strong>sertim</strong></span> <span class='ocrx_word' id='word_1_325' title='bbox 1182 3034 1272 3092; x_wconf 72' lang='lat' dir='ltr'><strong>ctione</strong></span> <span class='ocrx_word' id='word_1_326' title='bbox 1293 3033 1333 3093; x_wconf 87' lang='lat' dir='ltr'><strong>od</strong></span> <span class='ocrx_word' id='word_1_327' title='bbox 1355 3033 1529 3114; x_wconf 68' lang='lat' dir='ltr'><strong>faciendam</strong></span> <span class='ocrx_word' id='word_1_328' title='bbox 1543 3033 1723 3111; x_wconf 83' lang='lat' dir='ltr'><strong>justitiam,</strong></span> <span class='ocrx_word' id='word_1_329' title='bbox 1744 3054 1802 3095; x_wconf 92' lang='lat' dir='ltr'><strong>nos</strong></span> <span class='ocrx_word' id='word_1_330' title='bbox 1827 3054 1884 3113; x_wconf 81' lang='lat' dir='ltr'><strong>per</strong></span> <span class='ocrx_word' id='word_1_331' title='bbox 1905 3048 1993 3099; x_wconf 89' lang='lat' dir='ltr'><strong>octus</strong></span> <span class='ocrx_word' id='word_1_332' title='bbox 2020 3041 2161 3119; x_wconf 80' lang='lat' dir='ltr'><strong>sinpulos</strong></span> 
     </span>
     <span class='ocr_line' id='line_1_29' title="bbox 515 3110 2161 3253; baseline 0.002 -80"><span class='ocrx_word' id='word_1_333' title='bbox 515 3112 680 3253; x_wconf 43' lang='lat' dir='ltr'><strong>mensori,</strong></span> <span class='ocrx_word' id='word_1_334' title='bbox 694 3115 741 3174; x_wconf 84' lang='lat' dir='ltr'><strong>ite</strong></span> <span class='ocrx_word' id='word_1_335' title='bbox 750 3121 785 3173; x_wconf 90' lang='lat' dir='ltr'><strong>ut</strong></span> <span class='ocrx_word' id='word_1_336' title='bbox 796 3130 863 3173; x_wconf 79' lang='lat' dir='ltr'><strong>siric</strong></span> <span class='ocrx_word' id='word_1_337' title='bbox 876 3112 932 3173; x_wconf 85' lang='lat' dir='ltr'><strong>ifle</strong></span> <span class='ocrx_word' id='word_1_338' title='bbox 944 3111 1024 3173; x_wconf 81' lang='lat' dir='ltr'><strong>ntnd</strong></span> <span class='ocrx_word' id='word_1_339' title='bbox 1037 3129 1116 3171; x_wconf 78' lang='lat' dir='ltr'><strong>uero</strong></span> <span class='ocrx_word' id='word_1_340' title='bbox 1129 3121 1302 3191; x_wconf 78' lang='lat' dir='ltr'><strong>sancteque</strong></span> <span class='ocrx_word' id='word_1_341' title='bbox 1315 3112 1444 3191; x_wconf 85' lang='lat' dir='ltr'><strong>pietatis</strong></span> <span class='ocrx_word' id='word_1_342' title='bbox 1465 3110 1585 3179; x_wconf 80' lang='lat' dir='ltr'><strong>babere,</strong></span> <span class='ocrx_word' id='word_1_343' title='bbox 1598 3112 1736 3190; x_wconf 73' lang='lat' dir='ltr'><strong>cogitare</strong></span> <span class='ocrx_word' id='word_1_344' title='bbox 1747 3160 1755 3181; x_wconf 92' lang='lat'><strong>,</strong></span> <span class='ocrx_word' id='word_1_345' title='bbox 1768 3114 1801 3174; x_wconf 90' lang='lat' dir='ltr'><strong>di</strong></span> <span class='ocrx_word' id='word_1_346' title='bbox 1805 3133 1885 3184; x_wconf 86' lang='lat' dir='ltr'><strong>cere,</strong></span> <span class='ocrx_word' id='word_1_347' title='bbox 1902 3135 1991 3195; x_wconf 79' lang='lat' dir='ltr'><strong>apere</strong></span> <span class='ocrx_word' id='word_1_348' title='bbox 2007 3119 2161 3181; x_wconf 77' lang='lat' dir='ltr'><strong>veleamus</strong></span> 
     </span>
     <span class='ocr_line' id='line_1_30' title="bbox 529 3192 641 3253; baseline 0.009 -2"><span class='ocrx_word' id='word_1_349' title='bbox 529 3192 547 3251; x_wconf 91' lang='lat'><em>1</em></span> <span class='ocrx_word' id='word_1_350' title='bbox 568 3193 641 3253; x_wconf 89' lang='lat' dir='ltr'><strong>id..</strong></span> 
     </span>
    </p>

    <p class='ocr_par' dir='ltr' id='par_1_5' title="bbox 514 3191 2160 4518">
     <span class='ocr_line' id='line_1_31' title="bbox 516 3191 2160 3349; baseline 0.005 -18"><span class='ocrx_word' id='word_1_351' title='bbox 516 3191 527 3270; x_wconf 69' lang='grc'><strong>(</strong></span> <span class='ocrx_word' id='word_1_352' title='bbox 554 3192 734 3342; x_wconf 62' lang='grc' dir='ltr'><strong>Λᾱᾰ)οὶ)ειιιῑ,</strong></span> <span class='ocrx_word' id='word_1_353' title='bbox 746 3287 811 3331; x_wconf 92' lang='lat' dir='ltr'><strong>non</strong></span> <span class='ocrx_word' id='word_1_354' title='bbox 827 3270 974 3332; x_wconf 87' lang='lat' dir='ltr'><strong>sufficere</strong></span> <span class='ocrx_word' id='word_1_355' title='bbox 990 3270 1174 3331; x_wconf 89' lang='lat' dir='ltr'><strong>bominibus</strong></span> <span class='ocrx_word' id='word_1_356' title='bbox 1186 3270 1394 3342; x_wconf 88' lang='lat' dir='ltr'><strong>tardioribus,</strong></span> <span class='ocrx_word' id='word_1_357' title='bbox 1408 3269 1494 3345; x_wconf 93' lang='lat' dir='ltr'><strong>quod</strong></span> <span class='ocrx_word' id='word_1_358' title='bbox 1506 3287 1541 3330; x_wconf 89' lang='lat' dir='ltr'><strong>se</strong></span> <span class='ocrx_word' id='word_1_359' title='bbox 1553 3271 1747 3349; x_wconf 88' lang='lat' dir='ltr'><strong>generaliter</strong></span> <span class='ocrx_word' id='word_1_360' title='bbox 1761 3273 1939 3335; x_wconf 86' lang='lat' dir='ltr'><strong>iunocentii</strong></span> <span class='ocrx_word' id='word_1_361' title='bbox 1951 3275 2065 3338; x_wconf 88' lang='lat' dir='ltr'><strong>litteris</strong></span> <span class='ocrx_word' id='word_1_362' title='bbox 2079 3295 2160 3339; x_wconf 90' lang='lat' dir='ltr'><strong>coii-</strong></span> 
     </span>
     <span class='ocr_line' id='line_1_32' title="bbox 515 3349 2160 3436; baseline 0.003 -25"><span class='ocrx_word' id='word_1_363' title='bbox 515 3352 634 3412; x_wconf 79' lang='lat' dir='ltr'><strong>sentire</strong></span> <span class='ocrx_word' id='word_1_364' title='bbox 648 3351 783 3412; x_wconf 77' lang='lat' dir='ltr'><strong>dixisset</strong></span> <span class='ocrx_word' id='word_1_365' title='bbox 795 3349 980 3418; x_wconf 83' lang='lat' dir='ltr'><strong>Coelestius3</strong></span> <span class='ocrx_word' id='word_1_366' title='bbox 995 3349 1050 3409; x_wconf 90' lang='lat' dir='ltr'><strong>sed</strong></span> <span class='ocrx_word' id='word_1_367' title='bbox 1065 3354 1175 3426; x_wconf 89' lang='lat' dir='ltr'><strong>aperte</strong></span> <span class='ocrx_word' id='word_1_368' title='bbox 1191 3368 1264 3409; x_wconf 91' lang='lat' dir='ltr'><strong>euin</strong></span> <span class='ocrx_word' id='word_1_369' title='bbox 1279 3350 1394 3409; x_wconf 89' lang='lat' dir='ltr'><strong>debere</strong></span> <span class='ocrx_word' id='word_1_370' title='bbox 1409 3349 1701 3419; x_wconf 88' lang='lat' dir='ltr'><strong>anathematizare,</strong></span> <span class='ocrx_word' id='word_1_371' title='bbox 1720 3367 1792 3425; x_wconf 80' lang='lat' dir='ltr'><strong>quae</strong></span> <span class='ocrx_word' id='word_1_372' title='bbox 1807 3354 1839 3410; x_wconf 91' lang='lat' dir='ltr'><strong>iii</strong></span> <span class='ocrx_word' id='word_1_373' title='bbox 1855 3370 1915 3413; x_wconf 90' lang='lat' dir='ltr'><strong>suo</strong></span> <span class='ocrx_word' id='word_1_374' title='bbox 1935 3355 2043 3414; x_wconf 86' lang='lat' dir='ltr'><strong>libello</strong></span> <span class='ocrx_word' id='word_1_375' title='bbox 2059 3375 2160 3436; x_wconf 88' lang='lat' dir='ltr'><strong>prara</strong></span> 
     </span>
     <span class='ocr_line' id='line_1_33' title="bbox 514 3427 2159 3510; baseline 0.004 -20"><span class='ocrx_word' id='word_1_376' title='bbox 514 3434 690 3507; x_wconf 77' lang='lat' dir='ltr'><strong>posuerat:</strong></span> <span class='ocrx_word' id='word_1_377' title='bbox 707 3448 765 3501; x_wconf 92' lang='lat' dir='ltr'><strong>ne,</strong></span> <span class='ocrx_word' id='word_1_378' title='bbox 786 3430 813 3489; x_wconf 88' lang='lat' dir='ltr'><strong>si</strong></span> <span class='ocrx_word' id='word_1_379' title='bbox 838 3428 868 3488; x_wconf 91' lang='lat' dir='ltr'><strong>id</strong></span> <span class='ocrx_word' id='word_1_380' title='bbox 886 3446 950 3488; x_wconf 89' lang='lat' dir='ltr'><strong>non</strong></span> <span class='ocrx_word' id='word_1_381' title='bbox 971 3427 1113 3497; x_wconf 87' lang='lat' dir='ltr'><strong>fecisset,</strong></span> <span class='ocrx_word' id='word_1_382' title='bbox 1135 3428 1227 3487; x_wconf 92' lang='lat' dir='ltr'><strong>multi</strong></span> <span class='ocrx_word' id='word_1_383' title='bbox 1253 3444 1368 3504; x_wconf 92' lang='lat' dir='ltr'><strong>parum</strong></span> <span class='ocrx_word' id='word_1_384' title='bbox 1382 3427 1599 3505; x_wconf 90' lang='lat' dir='ltr'><strong>intelligentes</strong></span> <span class='ocrx_word' id='word_1_385' title='bbox 1614 3428 1716 3506; x_wconf 85' lang='lat' dir='ltr'><strong>magis</strong></span> <span class='ocrx_word' id='word_1_386' title='bbox 1732 3429 1764 3487; x_wconf 93' lang='lat' dir='ltr'><strong>in</strong></span> <span class='ocrx_word' id='word_1_387' title='bbox 1789 3430 1900 3490; x_wconf 91' lang='lat' dir='ltr'><strong>libello</strong></span> <span class='ocrx_word' id='word_1_388' title='bbox 1922 3432 1991 3510; x_wconf 84' lang='lat' dir='ltr'><strong>ejus</strong></span> <span class='ocrx_word' id='word_1_389' title='bbox 2009 3434 2063 3496; x_wconf 92' lang='lat' dir='ltr'><strong>illa</strong></span> <span class='ocrx_word' id='word_1_390' title='bbox 2087 3435 2159 3497; x_wconf 90' lang='lat' dir='ltr'><strong>lidei</strong></span> 
     </span>
     <span class='ocr_line' id='line_1_34' title="bbox 518 3505 2159 3643; baseline 0.004 -75"><span class='ocrx_word' id='word_1_391' title='bbox 518 3526 640 3571; x_wconf 77' lang='lat' dir='ltr'><strong>venena</strong></span> <span class='ocrx_word' id='word_1_392' title='bbox 655 3526 675 3569; x_wconf 90' lang='lat' dir='ltr'><strong>a</strong></span> <span class='ocrx_word' id='word_1_393' title='bbox 689 3508 769 3569; x_wconf 86' lang='lat' dir='ltr'><strong>Sede</strong></span> <span class='ocrx_word' id='word_1_394' title='bbox 781 3508 964 3585; x_wconf 88' lang='lat' dir='ltr'><strong>Apostolica</strong></span> <span class='ocrx_word' id='word_1_395' title='bbox 980 3505 1146 3567; x_wconf 87' lang='lat' dir='ltr'><strong>crederent</strong></span> <span class='ocrx_word' id='word_1_396' title='bbox 1160 3509 1349 3583; x_wconf 91' lang='lat' dir='ltr'><strong>approbata,</strong></span> <span class='ocrx_word' id='word_1_397' title='bbox 1361 3511 1532 3583; x_wconf 88' lang='lat' dir='ltr'><strong>propterea</strong></span> <span class='ocrx_word' id='word_1_398' title='bbox 1546 3506 1631 3643; x_wconf 56' lang='lat' dir='ltr'><strong>guod</strong></span> <span class='ocrx_word' id='word_1_399' title='bbox 1642 3510 1684 3565; x_wconf 90' lang='lat' dir='ltr'><strong>ab</strong></span> <span class='ocrx_word' id='word_1_400' title='bbox 1694 3506 1749 3567; x_wconf 91' lang='lat' dir='ltr'><strong>illa</strong></span> <span class='ocrx_word' id='word_1_401' title='bbox 1764 3507 1882 3567; x_wconf 89' lang='lat' dir='ltr'><strong>dictum</strong></span> <span class='ocrx_word' id='word_1_402' title='bbox 1896 3518 1965 3571; x_wconf 85' lang='lat' dir='ltr'><strong>erat</strong></span> <span class='ocrx_word' id='word_1_403' title='bbox 1978 3515 2159 3575; x_wconf 91' lang='lat' dir='ltr'><strong>eumlibel-</strong></span> 
     </span>
     <span class='ocr_line' id='line_1_35' title="bbox 515 3584 2160 3663; baseline 0.004 -16"><span class='ocrx_word' id='word_1_404' title='bbox 515 3586 580 3647; x_wconf 88' lang='lat' dir='ltr'><strong>lum</strong></span> <span class='ocrx_word' id='word_1_405' title='bbox 602 3606 674 3649; x_wconf 90' lang='lat' dir='ltr'><strong>esse</strong></span> <span class='ocrx_word' id='word_1_406' title='bbox 696 3587 908 3656; x_wconf 89' lang='lat' dir='ltr'><strong>catholicum,</strong></span> <span class='ocrx_word' id='word_1_407' title='bbox 931 3602 1027 3662; x_wconf 91' lang='lat' dir='ltr'><strong>quam</strong></span> <span class='ocrx_word' id='word_1_408' title='bbox 1049 3584 1217 3646; x_wconf 87' lang='lat' dir='ltr'><strong>emendata</strong></span> <span class='ocrx_word' id='word_1_409' title='bbox 1235 3591 1364 3662; x_wconf 90' lang='lat' dir='ltr'><strong>propter</strong></span> <span class='ocrx_word' id='word_1_410' title='bbox 1381 3585 1459 3644; x_wconf 91' lang='lat' dir='ltr'><strong>illud</strong></span> <span class='ocrx_word' id='word_1_411' title='bbox 1479 3601 1544 3661; x_wconf 89' lang='lat' dir='ltr'><strong>qao</strong></span> <span class='ocrx_word' id='word_1_412' title='bbox 1587 3602 1622 3645; x_wconf 89' lang='lat' dir='ltr'><strong>se</strong></span> <span class='ocrx_word' id='word_1_413' title='bbox 1640 3602 1730 3663; x_wconf 82' lang='lat' dir='ltr'><strong>papae</strong></span> <span class='ocrx_word' id='word_1_414' title='bbox 1750 3586 1927 3648; x_wconf 87' lang='lat' dir='ltr'><strong>innocentii</strong></span> <span class='ocrx_word' id='word_1_415' title='bbox 1950 3591 2063 3652; x_wconf 90' lang='lat' dir='ltr'><strong>litteris</strong></span> <span class='ocrx_word' id='word_1_416' title='bbox 2084 3612 2160 3653; x_wconf 84' lang='lat' dir='ltr'><strong>con-</strong></span> 
     </span>
     <span class='ocr_line' id='line_1_36' title="bbox 514 3663 2159 3745; baseline 0.004 -17"><span class='ocrx_word' id='word_1_417' title='bbox 514 3667 634 3729; x_wconf 76' lang='lat' dir='ltr'><strong>sentire</strong></span> <span class='ocrx_word' id='word_1_418' title='bbox 650 3667 719 3744; x_wconf 90' lang='lat' dir='ltr'><strong>ipse</strong></span> <span class='ocrx_word' id='word_1_419' title='bbox 734 3664 944 3743; x_wconf 88' lang='lat' dir='ltr'><strong>responderat</strong></span> <span class='ocrx_word' id='word_1_420' title='bbox 958 3664 990 3742; x_wconf 82' lang='lat'><strong>(1</strong></span> <span class='ocrx_word' id='word_1_421' title='bbox 993 3664 1077 3743; x_wconf 81' lang='lat' dir='ltr'><strong>asra,</strong></span> <span class='ocrx_word' id='word_1_422' title='bbox 1099 3673 1211 3724; x_wconf 85' lang='lat' dir='ltr'><strong>contre</strong></span> <span class='ocrx_word' id='word_1_423' title='bbox 1230 3664 1306 3724; x_wconf 85' lang='lat' dir='ltr'><strong>duos</strong></span> <span class='ocrx_word' id='word_1_424' title='bbox 1322 3664 1431 3743; x_wconf 82' lang='lat' dir='ltr'><strong>Epist.</strong></span> <span class='ocrx_word' id='word_1_425' title='bbox 1447 3663 1702 3742; x_wconf 75' lang='lat' dir='ltr'><strong>Priapionorum,</strong></span> <span class='ocrx_word' id='word_1_426' title='bbox 1718 3683 1752 3725; x_wconf 87' lang='lat' dir='ltr'><strong>n.</strong></span> <span class='ocrx_word' id='word_1_427' title='bbox 1767 3664 1811 3745; x_wconf 77' lang='lat'><strong>5).</strong></span> <span class='ocrx_word' id='word_1_428' title='bbox 1826 3666 1895 3729; x_wconf 92' lang='lat' dir='ltr'><strong>lllic</strong></span> <span class='ocrx_word' id='word_1_429' title='bbox 1909 3670 2003 3730; x_wconf 90' lang='lat' dir='ltr'><strong>etiam</strong></span> <span class='ocrx_word' id='word_1_430' title='bbox 2017 3671 2159 3735; x_wconf 87' lang='lat' dir='ltr'><strong>Africani</strong></span> 
     </span>
     <span class='ocr_line' id='line_1_37' title="bbox 516 3744 2158 3833; baseline 0.003 -26"><span class='ocrx_word' id='word_1_431' title='bbox 516 3748 669 3824; x_wconf 78' lang='lat' dir='ltr'><strong>praesules</strong></span> <span class='ocrx_word' id='word_1_432' title='bbox 680 3745 836 3825; x_wconf 85' lang='lat' dir='ltr'><strong>judicium</strong></span> <span class='ocrx_word' id='word_1_433' title='bbox 851 3744 1027 3804; x_wconf 86' lang='lat' dir='ltr'><strong>Innocentii</strong></span> <span class='ocrx_word' id='word_1_434' title='bbox 1044 3744 1082 3804; x_wconf 90' lang='lat' dir='ltr'><strong>de</strong></span> <span class='ocrx_word' id='word_1_435' title='bbox 1105 3745 1229 3822; x_wconf 82' lang='lat' dir='ltr'><strong>synodo</strong></span> <span class='ocrx_word' id='word_1_436' title='bbox 1244 3744 1464 3820; x_wconf 85' lang='lat' dir='ltr'><strong>Diospolitana</strong></span> <span class='ocrx_word' id='word_1_437' title='bbox 1487 3745 1519 3803; x_wconf 92' lang='lat' dir='ltr'><strong>in</strong></span> <span class='ocrx_word' id='word_1_438' title='bbox 1535 3751 1673 3804; x_wconf 90' lang='lat' dir='ltr'><strong>mentem</strong></span> <span class='ocrx_word' id='word_1_439' title='bbox 1688 3745 1816 3805; x_wconf 88' lang='lat' dir='ltr'><strong>Zosiriio</strong></span> <span class='ocrx_word' id='word_1_440' title='bbox 1832 3755 2024 3810; x_wconf 83' lang='lat' dir='ltr'><strong>revocarunt</strong></span> <span class='ocrx_word' id='word_1_441' title='bbox 2039 3753 2158 3833; x_wconf 74' lang='lat' dir='ltr'><strong>(Infra,</strong></span> 
     </span>
     <span class='ocr_line' id='line_1_38' title="bbox 516 3822 2159 3908; baseline 0.004 -24"><span class='ocrx_word' id='word_1_442' title='bbox 516 3824 695 3885; x_wconf 82' lang='lat' dir='ltr'><strong>de&#39;Peccato</strong></span> <span class='ocrx_word' id='word_1_443' title='bbox 718 3824 928 3901; x_wconf 68' lang='lat' dir='ltr'><strong>originalia.</strong></span> <span class='ocrx_word' id='word_1_444' title='bbox 943 3823 974 3900; x_wconf 78' lang='grc'><strong>9)</strong></span> <span class='ocrx_word' id='word_1_445' title='bbox 994 3843 1001 3881; x_wconf 91' lang='lat'>:</span> <span class='ocrx_word' id='word_1_446' title='bbox 1017 3831 1047 3882; x_wconf 92' lang='lat' dir='ltr'><strong>ct</strong></span> <span class='ocrx_word' id='word_1_447' title='bbox 1059 3823 1213 3882; x_wconf 85' lang='lat' dir='ltr'><strong>dederunt</strong></span> <span class='ocrx_word' id='word_1_448' title='bbox 1228 3838 1371 3900; x_wconf 87' lang='lat' dir='ltr'><strong>operam,</strong></span> <span class='ocrx_word' id='word_1_449' title='bbox 1385 3831 1418 3882; x_wconf 94' lang='lat' dir='ltr'><strong>ut</strong></span> <span class='ocrx_word' id='word_1_450' title='bbox 1429 3823 1531 3883; x_wconf 91' lang='lat' dir='ltr'><strong>eidem</strong></span> <span class='ocrx_word' id='word_1_451' title='bbox 1547 3822 1757 3900; x_wconf 76' lang='lat' dir='ltr'><strong>professionis</strong></span> <span class='ocrx_word' id='word_1_452' title='bbox 1772 3824 1844 3885; x_wconf 87' lang='lat' dir='ltr'><strong>fidei</strong></span> <span class='ocrx_word' id='word_1_453' title='bbox 1857 3844 1874 3886; x_wconf 94' lang='lat' dir='ltr'><strong>a</strong></span> <span class='ocrx_word' id='word_1_454' title='bbox 1887 3828 2015 3908; x_wconf 87' lang='lat' dir='ltr'><strong>Pelagio</strong></span> <span class='ocrx_word' id='word_1_455' title='bbox 2025 3829 2159 3892; x_wconf 84' lang='lat' dir='ltr'><strong>lloinaiii</strong></span> 
     </span>
     <span class='ocr_line' id='line_1_39' title="bbox 514 3899 2159 3981; baseline 0.004 -19"><span class='ocrx_word' id='word_1_456' title='bbox 514 3902 642 3964; x_wconf 75' lang='lat' dir='ltr'><strong>directe</strong></span> <span class='ocrx_word' id='word_1_457' title='bbox 656 3903 800 3964; x_wconf 89' lang='lat' dir='ltr'><strong>fallacias</strong></span> <span class='ocrx_word' id='word_1_458' title='bbox 814 3907 846 3962; x_wconf 90' lang='lat' dir='ltr'><strong>et</strong></span> <span class='ocrx_word' id='word_1_459' title='bbox 859 3904 948 3962; x_wconf 89' lang='lat' dir='ltr'><strong>dolos</strong></span> <span class='ocrx_word' id='word_1_460' title='bbox 964 3903 1127 3978; x_wconf 89' lang='lat' dir='ltr'><strong>aperirent</strong></span> <span class='ocrx_word' id='word_1_461' title='bbox 1145 3901 1254 3981; x_wconf 74' lang='lat' dir='ltr'><strong>(ibid,</strong></span> <span class='ocrx_word' id='word_1_462' title='bbox 1267 3921 1298 3961; x_wconf 91' lang='lat' dir='ltr'><strong>n.</strong></span> <span class='ocrx_word' id='word_1_463' title='bbox 1311 3899 1374 3979; x_wconf 58' lang='lat' dir='ltr'><strong>Ptin</strong></span> <span class='ocrx_word' id='word_1_464' title='bbox 1387 3902 1548 3978; x_wconf 91' lang='lat' dir='ltr'><strong>simulque</strong></span> <span class='ocrx_word' id='word_1_465' title='bbox 1563 3902 1722 3962; x_wconf 88' lang='lat' dir='ltr'><strong>diluerent</strong></span> <span class='ocrx_word' id='word_1_466' title='bbox 1737 3920 1848 3964; x_wconf 91' lang='lat' dir='ltr'><strong>omnes</strong></span> <span class='ocrx_word' id='word_1_467' title='bbox 1862 3905 2085 3968; x_wconf 83' lang='lat' dir='ltr'><strong>hereticorum</strong></span> <span class='ocrx_word' id='word_1_468' title='bbox 2097 3928 2159 3973; x_wconf 86' lang='lat' dir='ltr'><strong>ca-</strong></span> 
     </span>
     <span class='ocr_line' id='line_1_40' title="bbox 515 3980 2159 4058; baseline 0.005 -16"><span class='ocrx_word' id='word_1_469' title='bbox 515 3982 715 4053; x_wconf 65' lang='lat' dir='ltr'><strong>villationem</strong></span> <span class='ocrx_word' id='word_1_470' title='bbox 744 3987 779 4042; x_wconf 91' lang='lat' dir='ltr'><strong>ut</strong></span> <span class='ocrx_word' id='word_1_471' title='bbox 802 3981 924 4042; x_wconf 90' lang='lat' dir='ltr'><strong>scilicet</strong></span> <span class='ocrx_word' id='word_1_472' title='bbox 940 3980 1013 4040; x_wconf 90' lang='lat' dir='ltr'><strong>illos</strong></span> <span class='ocrx_word' id='word_1_473' title='bbox 1033 3997 1097 4039; x_wconf 92' lang='lat' dir='ltr'><strong>non</strong></span> <span class='ocrx_word' id='word_1_474' title='bbox 1120 3980 1383 4045; x_wconf 82' lang='lat' dir='ltr'><strong>minusmiione.</strong></span> <span class='ocrx_word' id='word_1_475' title='bbox 1402 3997 1501 4058; x_wconf 90' lang='lat' dir='ltr'><strong>quam</strong></span> <span class='ocrx_word' id='word_1_476' title='bbox 1530 3997 1623 4041; x_wconf 88' lang='lat' dir='ltr'><strong>sacra</strong></span> <span class='ocrx_word' id='word_1_477' title='bbox 1648 3996 1707 4041; x_wconf 91' lang='lat' dir='ltr'><strong>sua</strong></span> <span class='ocrx_word' id='word_1_478' title='bbox 1735 3985 1928 4044; x_wconf 88' lang='lat' dir='ltr'><strong>auctoritate</strong></span> <span class='ocrx_word' id='word_1_479' title='bbox 1956 3988 2159 4052; x_wconf 77' lang='lat' dir='ltr'><strong>revincereiit</strong></span> 
     </span>
     <span class='ocr_line' id='line_1_41' title="bbox 517 4059 2158 4151; baseline 0.006 -32"><span class='ocrx_word' id='word_1_480' title='bbox 517 4060 632 4140; x_wconf 80' lang='lat' dir='ltr'><strong>(Infra,</strong></span> <span class='ocrx_word' id='word_1_481' title='bbox 648 4060 788 4140; x_wconf 84' lang='lat' dir='ltr'><strong>Appen-d.</strong></span> <span class='ocrx_word' id='word_1_482' title='bbox 805 4070 896 4138; x_wconf 87' lang='lat' dir='ltr'><strong>porte</strong></span> <span class='ocrx_word' id='word_1_483' title='bbox 909 4060 954 4151; x_wconf 59' lang='grc' dir='ltr'><strong>ἲ).</strong></span> <span class='ocrx_word' id='word_1_484' title='bbox 970 4059 1050 4120; x_wconf 85' lang='lat' dir='ltr'><strong>Cum</strong></span> <span class='ocrx_word' id='word_1_485' title='bbox 1065 4077 1162 4136; x_wconf 90' lang='lat' dir='ltr'><strong>porro</strong></span> <span class='ocrx_word' id='word_1_486' title='bbox 1177 4076 1232 4119; x_wconf 92' lang='lat' dir='ltr'><strong>eos</strong></span> <span class='ocrx_word' id='word_1_487' title='bbox 1246 4066 1386 4120; x_wconf 88' lang='lat' dir='ltr'><strong>notasset</strong></span> <span class='ocrx_word' id='word_1_488' title='bbox 1398 4059 1555 4130; x_wconf 90' lang='lat' dir='ltr'><strong>Zosimus,</strong></span> <span class='ocrx_word' id='word_1_489' title='bbox 1567 4061 1661 4136; x_wconf 91' lang='lat' dir='ltr'><strong>quasi</strong></span> <span class='ocrx_word' id='word_1_490' title='bbox 1678 4066 1797 4120; x_wconf 89' lang='lat' dir='ltr'><strong>temere</strong></span> <span class='ocrx_word' id='word_1_491' title='bbox 1807 4060 1944 4123; x_wconf 83' lang='lat' dir='ltr'><strong>leestii</strong></span> <span class='ocrx_word' id='word_1_492' title='bbox 1961 4065 2158 4130; x_wconf 90' lang='lat' dir='ltr'><strong>delatoribus</strong></span> 
     </span>
     <span class='ocr_line' id='line_1_42' title="bbox 516 4137 2159 4216; baseline 0.005 -16"><span class='ocrx_word' id='word_1_493' title='bbox 516 4140 749 4201; x_wconf 86' lang='lat' dir='ltr'><strong>credidissent:</strong></span> <span class='ocrx_word' id='word_1_494' title='bbox 766 4141 873 4216; x_wconf 92' lang='lat' dir='ltr'><strong>ipsum</strong></span> <span class='ocrx_word' id='word_1_495' title='bbox 891 4140 937 4198; x_wconf 93' lang='lat' dir='ltr'><strong>illi</strong></span> <span class='ocrx_word' id='word_1_496' title='bbox 956 4139 1097 4199; x_wconf 84' lang='lat' dir='ltr'><strong>vicissim</strong></span> <span class='ocrx_word' id='word_1_497' title='bbox 1113 4139 1341 4210; x_wconf 89' lang='lat' dir='ltr'><strong>ostendebant,</strong></span> <span class='ocrx_word' id='word_1_498' title='bbox 1357 4139 1455 4216; x_wconf 88' lang='lat' dir='ltr'><strong>paulo</strong></span> <span class='ocrx_word' id='word_1_499' title='bbox 1476 4138 1612 4198; x_wconf 91' lang='lat' dir='ltr'><strong>celerius</strong></span> <span class='ocrx_word' id='word_1_500' title='bbox 1627 4137 1766 4199; x_wconf 77' lang='lat' dir='ltr'><strong>Ccelcstii</strong></span> <span class='ocrx_word' id='word_1_501' title='bbox 1785 4143 1890 4202; x_wconf 86' lang='lat' dir='ltr'><strong>verbis</strong></span> <span class='ocrx_word' id='word_1_502' title='bbox 1913 4142 2006 4205; x_wconf 89' lang='lat' dir='ltr'><strong>fidem</strong></span> <span class='ocrx_word' id='word_1_503' title='bbox 2028 4164 2159 4208; x_wconf 85' lang='lat' dir='ltr'><strong>accom-</strong></span> 
     </span>
     <span class='ocr_line' id='line_1_43' title="bbox 516 4215 2157 4300; baseline 0.004 -21"><span class='ocrx_word' id='word_1_504' title='bbox 516 4219 663 4280; x_wconf 87' lang='lat' dir='ltr'><strong>modasse</strong></span> <span class='ocrx_word' id='word_1_505' title='bbox 681 4218 803 4298; x_wconf 70' lang='lat' dir='ltr'><strong>libid).</strong></span> <span class='ocrx_word' id='word_1_506' title='bbox 821 4219 963 4279; x_wconf 90' lang='lat' dir='ltr'><strong>Tandem</strong></span> <span class='ocrx_word' id='word_1_507' title='bbox 986 4217 1141 4294; x_wconf 92' lang='lat' dir='ltr'><strong>quidquid</strong></span> <span class='ocrx_word' id='word_1_508' title='bbox 1165 4217 1250 4295; x_wconf 91' lang='lat' dir='ltr'><strong>apud</strong></span> <span class='ocrx_word' id='word_1_509' title='bbox 1270 4218 1356 4294; x_wconf 91' lang='lat' dir='ltr'><strong>ipsos</strong></span> <span class='ocrx_word' id='word_1_510' title='bbox 1380 4235 1478 4294; x_wconf 90' lang='lat' dir='ltr'><strong>super</strong></span> <span class='ocrx_word' id='word_1_511' title='bbox 1503 4215 1642 4277; x_wconf 86' lang='lat' dir='ltr'><strong>Coelestii</strong></span> <span class='ocrx_word' id='word_1_512' title='bbox 1663 4234 1761 4280; x_wconf 87' lang='lat' dir='ltr'><strong>causa</strong></span> <span class='ocrx_word' id='word_1_513' title='bbox 1786 4219 1904 4281; x_wconf 89' lang='lat' dir='ltr'><strong>factum</strong></span> <span class='ocrx_word' id='word_1_514' title='bbox 1925 4230 2018 4285; x_wconf 90' lang='lat' dir='ltr'><strong>antea</strong></span> <span class='ocrx_word' id='word_1_515' title='bbox 2035 4225 2157 4300; x_wconf 89' lang='lat' dir='ltr'><strong>fuerat,</strong></span> 
     </span>
     <span class='ocr_line' id='line_1_44' title="bbox 516 4296 2158 4375; baseline 0.006 -18"><span class='ocrx_word' id='word_1_516' title='bbox 516 4300 722 4374; x_wconf 84' lang='lat' dir='ltr'><strong>exponebant</strong></span> <span class='ocrx_word' id='word_1_517' title='bbox 736 4297 902 4368; x_wconf 69' lang='lat' dir='ltr'><strong>Pontificis</strong></span> <span class='ocrx_word' id='word_1_518' title='bbox 919 4302 949 4356; x_wconf 90' lang='lat' dir='ltr'><strong>et</strong></span> <span class='ocrx_word' id='word_1_519' title='bbox 969 4301 1058 4375; x_wconf 87' lang='lat' dir='ltr'><strong>gesta</strong></span> <span class='ocrx_word' id='word_1_520' title='bbox 1074 4314 1111 4357; x_wconf 90' lang='lat' dir='ltr'><strong>oa</strong></span> <span class='ocrx_word' id='word_1_521' title='bbox 1127 4297 1165 4358; x_wconf 89' lang='lat' dir='ltr'><strong>de</strong></span> <span class='ocrx_word' id='word_1_522' title='bbox 1185 4314 1220 4356; x_wconf 89' lang='lat' dir='ltr'><strong>rc</strong></span> <span class='ocrx_word' id='word_1_523' title='bbox 1241 4301 1336 4365; x_wconf 89' lang='lat' dir='ltr'><strong>tunc,</strong></span> <span class='ocrx_word' id='word_1_524' title='bbox 1358 4297 1426 4356; x_wconf 86' lang='lat' dir='ltr'><strong>sive</strong></span> <span class='ocrx_word' id='word_1_525' title='bbox 1446 4302 1603 4373; x_wconf 73' lang='lat' dir='ltr'><strong>praesente</strong></span> <span class='ocrx_word' id='word_1_526' title='bbox 1625 4296 1736 4356; x_wconf 85' lang='lat' dir='ltr'><strong>eodem</strong></span> <span class='ocrx_word' id='word_1_527' title='bbox 1751 4298 1919 4373; x_wconf 82' lang='lat' dir='ltr'><strong>Coelestio,</strong></span> <span class='ocrx_word' id='word_1_528' title='bbox 1936 4303 2004 4363; x_wconf 82' lang='lat' dir='ltr'><strong>sive</strong></span> <span class='ocrx_word' id='word_1_529' title='bbox 2024 4306 2158 4368; x_wconf 88' lang='lat' dir='ltr'><strong>absente</strong></span> 
     </span>
     <span class='ocr_line' id='line_1_45' title="bbox 515 4373 2157 4514; baseline 0.007 -79"><span class='ocrx_word' id='word_1_530' title='bbox 515 4376 678 4448; x_wconf 84' lang='lat' dir='ltr'><strong>confecta,</strong></span> <span class='ocrx_word' id='word_1_531' title='bbox 694 4377 872 4514; x_wconf 46' lang='lat' dir='ltr'><strong>iiZittcbant.</strong></span> <span class='ocrx_word' id='word_1_532' title='bbox 895 4376 1003 4449; x_wconf 87' lang='lat' dir='ltr'><strong>Quare</strong></span> <span class='ocrx_word' id='word_1_533' title='bbox 1023 4375 1166 4453; x_wconf 81' lang='lat' dir='ltr'><strong>epistole</strong></span> <span class='ocrx_word' id='word_1_534' title='bbox 1181 4392 1295 4436; x_wconf 90' lang='lat' dir='ltr'><strong>eorum</strong></span> <span class='ocrx_word' id='word_1_535' title='bbox 1310 4375 1460 4436; x_wconf 85' lang='lat' dir='ltr'><strong>volumen</strong></span> <span class='ocrx_word' id='word_1_536' title='bbox 1474 4373 1663 4452; x_wconf 89' lang='lat' dir='ltr'><strong>productius</strong></span> <span class='ocrx_word' id='word_1_537' title='bbox 1684 4376 1744 4436; x_wconf 90' lang='lat' dir='ltr'><strong>sibi</strong></span> <span class='ocrx_word' id='word_1_538' title='bbox 1761 4378 1866 4438; x_wconf 86' lang='lat' dir='ltr'><strong>visum</strong></span> <span class='ocrx_word' id='word_1_539' title='bbox 1889 4397 1955 4441; x_wconf 89' lang='lat' dir='ltr'><strong>nou</strong></span> <span class='ocrx_word' id='word_1_540' title='bbox 1975 4381 2157 4448; x_wconf 88' lang='lat' dir='ltr'><strong>dissimulat</strong></span> 
     </span>
     <span class='ocr_line' id='line_1_46' title="bbox 516 4454 1819 4518; baseline 0 -4"><span class='ocrx_word' id='word_1_541' title='bbox 516 4454 662 4518; x_wconf 85' lang='lat' dir='ltr'><strong>Zosimus</strong></span> <span class='ocrx_word' id='word_1_542' title='bbox 692 4457 709 4514; x_wconf 90' lang='lat'><em>1</em></span> <span class='ocrx_word' id='word_1_543' title='bbox 731 4455 804 4515; x_wconf 85' lang='lat' dir='ltr'><strong>id..</strong></span> <span class='ocrx_word' id='word_1_544' title='bbox 1817 4498 1819 4503; x_wconf 67' lang='lat'><em>.</em></span> 
     </span>
    </p>

    <p class='ocr_par' dir='ltr' id='par_1_6' title="bbox 515 4455 2158 5147">
     <span class='ocr_line' id='line_1_47' title="bbox 553 4455 2158 4617; baseline 0.006 -23"><span class='ocrx_word' id='word_1_545' title='bbox 553 4457 712 4594; x_wconf 56' lang='lat' dir='ltr'><strong>vicentiir</strong></span> <span class='ocrx_word' id='word_1_546' title='bbox 724 4455 878 4611; x_wconf 57' lang='lat' dir='ltr'><strong>pragterea</strong></span> <span class='ocrx_word' id='word_1_547' title='bbox 894 4533 940 4594; x_wconf 93' lang='lat' dir='ltr'><strong>illi</strong></span> <span class='ocrx_word' id='word_1_548' title='bbox 953 4532 1124 4605; x_wconf 89' lang='lat' dir='ltr'><strong>antistites,</strong></span> <span class='ocrx_word' id='word_1_549' title='bbox 1136 4534 1306 4595; x_wconf 89' lang='lat' dir='ltr'><strong>Paulinum</strong></span> <span class='ocrx_word' id='word_1_550' title='bbox 1321 4532 1509 4605; x_wconf 90' lang='lat' dir='ltr'><strong>diaconum,</strong></span> <span class='ocrx_word' id='word_1_551' title='bbox 1525 4534 1582 4610; x_wconf 91' lang='lat' dir='ltr'><strong>qui</strong></span> <span class='ocrx_word' id='word_1_552' title='bbox 1596 4535 1730 4596; x_wconf 86' lang='lat' dir='ltr'><strong>Romam</strong></span> <span class='ocrx_word' id='word_1_553' title='bbox 1747 4537 1856 4597; x_wconf 86' lang='lat' dir='ltr'><strong>venire</strong></span> <span class='ocrx_word' id='word_1_554' title='bbox 1863 4537 1975 4617; x_wconf 85' lang='lat' dir='ltr'><strong>jussus</strong></span> <span class='ocrx_word' id='word_1_555' title='bbox 1991 4546 2081 4615; x_wconf 85' lang='lat' dir='ltr'><strong>erat,</strong></span> <span class='ocrx_word' id='word_1_556' title='bbox 2096 4560 2158 4603; x_wconf 90' lang='lat' dir='ltr'><strong>ac-</strong></span> 
     </span>
     <span class='ocr_line' id='line_1_48' title="bbox 515 4612 2157 4697; baseline 0.005 -24"><span class='ocrx_word' id='word_1_557' title='bbox 515 4615 691 4675; x_wconf 85' lang='lat' dir='ltr'><strong>cusationis</strong></span> <span class='ocrx_word' id='word_1_558' title='bbox 705 4613 738 4672; x_wconf 92' lang='lat' dir='ltr'><strong>in</strong></span> <span class='ocrx_word' id='word_1_559' title='bbox 751 4612 933 4673; x_wconf 86' lang='lat' dir='ltr'><strong>Ccelestinm</strong></span> <span class='ocrx_word' id='word_1_560' title='bbox 950 4618 1024 4673; x_wconf 87' lang='lat' dir='ltr'><strong>anto</strong></span> <span class='ocrx_word' id='word_1_561' title='bbox 1038 4630 1096 4672; x_wconf 80' lang='lat' dir='ltr'><strong>sex</strong></span> <span class='ocrx_word' id='word_1_562' title='bbox 1111 4616 1214 4674; x_wconf 86' lang='lat' dir='ltr'><strong>arinns</strong></span> <span class='ocrx_word' id='word_1_563' title='bbox 1234 4615 1275 4673; x_wconf 89' lang='lat' dir='ltr'><strong>ab</strong></span> <span class='ocrx_word' id='word_1_564' title='bbox 1294 4613 1363 4689; x_wconf 90' lang='lat' dir='ltr'><strong>ipso</strong></span> <span class='ocrx_word' id='word_1_565' title='bbox 1376 4613 1538 4673; x_wconf 73' lang='lat' dir='ltr'><strong>intentatae</strong></span> <span class='ocrx_word' id='word_1_566' title='bbox 1555 4630 1686 4674; x_wconf 92' lang='lat' dir='ltr'><strong>causam</strong></span> <span class='ocrx_word' id='word_1_567' title='bbox 1700 4614 1862 4685; x_wconf 91' lang='lat' dir='ltr'><strong>dicturus,</strong></span> <span class='ocrx_word' id='word_1_568' title='bbox 1883 4636 2055 4680; x_wconf 84' lang='lat' dir='ltr'><strong>excusasse</strong></span> <span class='ocrx_word' id='word_1_569' title='bbox 2071 4625 2157 4697; x_wconf 90' lang='lat' dir='ltr'><strong>apud</strong></span> 
     </span>
     <span class='ocr_line' id='line_1_49' title="bbox 515 4691 2157 4772; baseline 0.006 -21"><span class='ocrx_word' id='word_1_570' title='bbox 515 4691 710 4762; x_wconf 87' lang='lat' dir='ltr'><strong>Pontificem,</strong></span> <span class='ocrx_word' id='word_1_571' title='bbox 725 4699 822 4768; x_wconf 91' lang='lat' dir='ltr'><strong>atqae</strong></span> <span class='ocrx_word' id='word_1_572' title='bbox 837 4692 928 4751; x_wconf 93' lang='lat' dir='ltr'><strong>illuni</strong></span> <span class='ocrx_word' id='word_1_573' title='bbox 940 4692 1032 4764; x_wconf 89' lang='lat' dir='ltr'><strong>forto,</strong></span> <span class='ocrx_word' id='word_1_574' title='bbox 1045 4709 1084 4751; x_wconf 89' lang='lat' dir='ltr'><strong>ne</strong></span> <span class='ocrx_word' id='word_1_575' title='bbox 1096 4710 1134 4752; x_wconf 89' lang='lat' dir='ltr'><strong>eo</strong></span> <span class='ocrx_word' id='word_1_576' title='bbox 1148 4691 1416 4769; x_wconf 78' lang='lat' dir='ltr'><strong>proficisceretur,</strong></span> <span class='ocrx_word' id='word_1_577' title='bbox 1429 4691 1654 4769; x_wconf 78' lang='lat' dir='ltr'><strong>prohibuisse3</strong></span> <span class='ocrx_word' id='word_1_578' title='bbox 1669 4693 1747 4768; x_wconf 90' lang='lat' dir='ltr'><strong>quia</strong></span> <span class='ocrx_word' id='word_1_579' title='bbox 1768 4712 1882 4772; x_wconf 89' lang='lat' dir='ltr'><strong>nempe</strong></span> <span class='ocrx_word' id='word_1_580' title='bbox 1898 4696 2035 4757; x_wconf 79' lang='lat' dir='ltr'><strong>Coelestii</strong></span> <span class='ocrx_word' id='word_1_581' title='bbox 2056 4718 2157 4766; x_wconf 86' lang='lat' dir='ltr'><strong>causa</strong></span> 
     </span>
     <span class='ocr_line' id='line_1_50' title="bbox 517 4770 2155 4850; baseline 0.006 -21"><span class='ocrx_word' id='word_1_582' title='bbox 517 4771 594 4830; x_wconf 85' lang='lat' dir='ltr'><strong>nibil</strong></span> <span class='ocrx_word' id='word_1_583' title='bbox 605 4771 674 4850; x_wconf 85' lang='lat' dir='ltr'><strong>jam</strong></span> <span class='ocrx_word' id='word_1_584' title='bbox 690 4770 729 4830; x_wconf 92' lang='lat' dir='ltr'><strong>ad</strong></span> <span class='ocrx_word' id='word_1_585' title='bbox 741 4771 924 4842; x_wconf 88' lang='lat' dir='ltr'><strong>Paulinum,</strong></span> <span class='ocrx_word' id='word_1_586' title='bbox 943 4770 998 4831; x_wconf 89' lang='lat' dir='ltr'><strong>scd</strong></span> <span class='ocrx_word' id='word_1_587' title='bbox 1013 4770 1052 4830; x_wconf 92' lang='lat' dir='ltr'><strong>ad</strong></span> <span class='ocrx_word' id='word_1_588' title='bbox 1067 4771 1241 4832; x_wconf 90' lang='lat' dir='ltr'><strong>Ecclesiam</strong></span> <span class='ocrx_word' id='word_1_589' title='bbox 1257 4771 1441 4830; x_wconf 84' lang='lat' dir='ltr'><strong>nniversam</strong></span> <span class='ocrx_word' id='word_1_590' title='bbox 1456 4770 1635 4845; x_wconf 89' lang='lat' dir='ltr'><strong>pertinebat</strong></span> <span class='ocrx_word' id='word_1_591' title='bbox 1648 4789 1656 4828; x_wconf 74' lang='grc' dir='ltr'><strong><em>ε</em></strong></span> <span class='ocrx_word' id='word_1_592' title='bbox 1671 4773 1940 4846; x_wconf 89' lang='lat' dir='ltr'><strong>quemadmodum</strong></span> <span class='ocrx_word' id='word_1_593' title='bbox 1955 4794 2015 4835; x_wconf 91' lang='lat' dir='ltr'><strong>suo</strong></span> <span class='ocrx_word' id='word_1_594' title='bbox 2033 4777 2155 4848; x_wconf 87' lang='lat' dir='ltr'><strong>libello,</strong></span> 
     </span>
     <span class='ocr_line' id='line_1_51' title="bbox 516 4849 2157 4933; baseline 0.007 -24"><span class='ocrx_word' id='word_1_595' title='bbox 516 4866 609 4926; x_wconf 88' lang='lat' dir='ltr'><strong>quem</strong></span> <span class='ocrx_word' id='word_1_596' title='bbox 631 4849 671 4910; x_wconf 90' lang='lat' dir='ltr'><strong>ad</strong></span> <span class='ocrx_word' id='word_1_597' title='bbox 692 4849 853 4909; x_wconf 90' lang='lat' dir='ltr'><strong>Zosimum</strong></span> <span class='ocrx_word' id='word_1_598' title='bbox 871 4851 1006 4927; x_wconf 89' lang='lat' dir='ltr'><strong>septimo</strong></span> <span class='ocrx_word' id='word_1_599' title='bbox 1022 4849 1092 4909; x_wconf 90' lang='lat' dir='ltr'><strong>idus</strong></span> <span class='ocrx_word' id='word_1_600' title='bbox 1115 4851 1299 4910; x_wconf 84' lang='lat' dir='ltr'><strong>novembris</strong></span> <span class='ocrx_word' id='word_1_601' title='bbox 1320 4849 1418 4919; x_wconf 89' lang='lat' dir='ltr'><strong>misit,</strong></span> <span class='ocrx_word' id='word_1_602' title='bbox 1441 4849 1521 4907; x_wconf 87' lang='lat' dir='ltr'><strong>idem</strong></span> <span class='ocrx_word' id='word_1_603' title='bbox 1539 4849 1693 4909; x_wconf 91' lang='lat' dir='ltr'><strong>Paulinus</strong></span> <span class='ocrx_word' id='word_1_604' title='bbox 1711 4852 1869 4928; x_wconf 86' lang='lat' dir='ltr'><strong>significat</strong></span> <span class='ocrx_word' id='word_1_605' title='bbox 1888 4852 2011 4933; x_wconf 76' lang='lat' dir='ltr'><strong>(ibid).</strong></span> <span class='ocrx_word' id='word_1_606' title='bbox 2029 4858 2092 4917; x_wconf 86' lang='lat' dir='ltr'><strong>Nec</strong></span> <span class='ocrx_word' id='word_1_607' title='bbox 2107 4867 2157 4921; x_wconf 86' lang='lat' dir='ltr'><strong>et</strong></span> 
     </span>
     <span class='ocr_line' id='line_1_52' title="bbox 516 4928 2157 5006; baseline 0.007 -19"><span class='ocrx_word' id='word_1_608' title='bbox 516 4930 635 5004; x_wconf 86' lang='lat' dir='ltr'><strong>pariter</strong></span> <span class='ocrx_word' id='word_1_609' title='bbox 651 4929 798 4996; x_wconf 90' lang='lat' dir='ltr'><strong>dubium,</strong></span> <span class='ocrx_word' id='word_1_610' title='bbox 814 4929 893 5006; x_wconf 91' lang='lat' dir='ltr'><strong>quin</strong></span> <span class='ocrx_word' id='word_1_611' title='bbox 909 4928 947 4988; x_wconf 89' lang='lat' dir='ltr'><strong>de</strong></span> <span class='ocrx_word' id='word_1_612' title='bbox 963 4928 1154 4989; x_wconf 88' lang='lat' dir='ltr'><strong>celebranda</strong></span> <span class='ocrx_word' id='word_1_613' title='bbox 1176 4930 1326 5006; x_wconf 83' lang='lat' dir='ltr'><strong>proximo</strong></span> <span class='ocrx_word' id='word_1_614' title='bbox 1339 4944 1427 4988; x_wconf 93' lang='lat' dir='ltr'><strong>anno</strong></span> <span class='ocrx_word' id='word_1_615' title='bbox 1448 4932 1521 5005; x_wconf 92' lang='lat' dir='ltr'><strong>post</strong></span> <span class='ocrx_word' id='word_1_616' title='bbox 1539 4928 1703 5004; x_wconf 89' lang='lat' dir='ltr'><strong>paschalia</strong></span> <span class='ocrx_word' id='word_1_617' title='bbox 1719 4930 1797 4992; x_wconf 88' lang='lat' dir='ltr'><strong>festa</strong></span> <span class='ocrx_word' id='word_1_618' title='bbox 1813 4950 1854 4991; x_wconf 86' lang='lat' dir='ltr'><strong>ex</strong></span> <span class='ocrx_word' id='word_1_619' title='bbox 1871 4934 2021 4994; x_wconf 89' lang='lat' dir='ltr'><strong>omnibus</strong></span> <span class='ocrx_word' id='word_1_620' title='bbox 2041 4936 2157 5000; x_wconf 67' lang='lat' dir='ltr'><strong>Africae</strong></span> 
     </span>
     <span class='ocr_line' id='line_1_53' title="bbox 516 5006 2154 5092; baseline 0.007 -26"><span class='ocrx_word' id='word_1_621' title='bbox 516 5008 689 5085; x_wconf 80' lang='lat' dir='ltr'><strong>provinciis</strong></span> <span class='ocrx_word' id='word_1_622' title='bbox 705 5006 828 5087; x_wconf 83' lang='lat' dir='ltr'><strong>synodo</strong></span> <span class='ocrx_word' id='word_1_623' title='bbox 842 5007 1044 5087; x_wconf 88' lang='lat' dir='ltr'><strong>generaliore</strong></span> <span class='ocrx_word' id='word_1_624' title='bbox 1059 5023 1097 5068; x_wconf 90' lang='lat' dir='ltr'><strong>ac</strong></span> <span class='ocrx_word' id='word_1_625' title='bbox 1118 5008 1264 5085; x_wconf 88' lang='lat' dir='ltr'><strong>plenaria</strong></span> <span class='ocrx_word' id='word_1_626' title='bbox 1280 5006 1443 5068; x_wconf 85' lang='lat' dir='ltr'><strong>decretum</strong></span> <span class='ocrx_word' id='word_1_627' title='bbox 1463 5027 1470 5065; x_wconf 76' lang='grc' dir='ltr'><em>τ</em></span> <span class='ocrx_word' id='word_1_628' title='bbox 1488 5007 1572 5083; x_wconf 91' lang='lat' dir='ltr'><strong>quod</strong></span> <span class='ocrx_word' id='word_1_629' title='bbox 1590 5007 1736 5069; x_wconf 78' lang='lat' dir='ltr'><strong>videlicet</strong></span> <span class='ocrx_word' id='word_1_630' title='bbox 1750 5028 1860 5072; x_wconf 87' lang='lat' dir='ltr'><strong>mense</strong></span> <span class='ocrx_word' id='word_1_631' title='bbox 1880 5012 1966 5074; x_wconf 90' lang='lat' dir='ltr'><strong>maio</strong></span> <span class='ocrx_word' id='word_1_632' title='bbox 1988 5022 2154 5092; x_wconf 90' lang='lat' dir='ltr'><strong>peractum</strong></span> 
     </span>
     <span class='ocr_line' id='line_1_54' title="bbox 516 5091 572 5147; baseline -0.036 0"><span class='ocrx_word' id='word_1_633' title='bbox 516 5091 572 5147; x_wconf 82' lang='lat' dir='ltr'><strong>cst.</strong></span> 
     </span>
    </p>

    <p class='ocr_par' dir='ltr' id='par_1_7' title="bbox 515 5165 2154 5792">
     <span class='ocr_line' id='line_1_55' title="bbox 552 5165 2154 5250; baseline 0.004 -24"><span class='ocrx_word' id='word_1_634' title='bbox 552 5169 658 5243; x_wconf 91' lang='lat' dir='ltr'><strong>Atque</strong></span> <span class='ocrx_word' id='word_1_635' title='bbox 672 5165 739 5228; x_wconf 76' lang='lat' dir='ltr'><strong>brec</strong></span> <span class='ocrx_word' id='word_1_636' title='bbox 754 5171 841 5240; x_wconf 89' lang='lat' dir='ltr'><strong>sunt,</strong></span> <span class='ocrx_word' id='word_1_637' title='bbox 856 5183 929 5245; x_wconf 78' lang='lat' dir='ltr'><strong>quae</strong></span> <span class='ocrx_word' id='word_1_638' title='bbox 940 5165 1083 5244; x_wconf 88' lang='lat' dir='ltr'><strong>reperire</strong></span> <span class='ocrx_word' id='word_1_639' title='bbox 1096 5165 1186 5226; x_wconf 92' lang='lat' dir='ltr'><strong>licuit</strong></span> <span class='ocrx_word' id='word_1_640' title='bbox 1199 5165 1236 5226; x_wconf 90' lang='lat' dir='ltr'><strong>de</strong></span> <span class='ocrx_word' id='word_1_641' title='bbox 1253 5165 1404 5228; x_wconf 87' lang='lat' dir='ltr'><strong>Africano</strong></span> <span class='ocrx_word' id='word_1_642' title='bbox 1416 5166 1471 5225; x_wconf 93' lang='lat' dir='ltr'><strong>illo</strong></span> <span class='ocrx_word' id='word_1_643' title='bbox 1487 5165 1662 5242; x_wconf 83' lang='lat' dir='ltr'><strong>percelebri</strong></span> <span class='ocrx_word' id='word_1_644' title='bbox 1677 5169 1830 5242; x_wconf 86' lang='lat' dir='ltr'><strong>concilio,</strong></span> <span class='ocrx_word' id='word_1_645' title='bbox 1847 5186 1885 5231; x_wconf 94' lang='lat' dir='ltr'><strong>ac</strong></span> <span class='ocrx_word' id='word_1_646' title='bbox 1902 5171 1940 5231; x_wconf 92' lang='lat' dir='ltr'><strong>de</strong></span> <span class='ocrx_word' id='word_1_647' title='bbox 1958 5173 2154 5250; x_wconf 89' lang='lat' dir='ltr'><strong>posteriori-</strong></span> 
     </span>
     <span class='ocr_line' id='line_1_56' title="bbox 515 5242 2153 5329; baseline 0.006 -25"><span class='ocrx_word' id='word_1_648' title='bbox 515 5242 572 5305; x_wconf 87' lang='lat' dir='ltr'><strong>bus</strong></span> <span class='ocrx_word' id='word_1_649' title='bbox 593 5246 710 5306; x_wconf 90' lang='lat' dir='ltr'><strong>litteris</strong></span> <span class='ocrx_word' id='word_1_650' title='bbox 728 5248 768 5306; x_wconf 92' lang='lat' dir='ltr'><strong>ab</strong></span> <span class='ocrx_word' id='word_1_651' title='bbox 786 5264 824 5306; x_wconf 91' lang='lat' dir='ltr'><strong>eo</strong></span> <span class='ocrx_word' id='word_1_652' title='bbox 843 5265 901 5324; x_wconf 91' lang='lat' dir='ltr'><strong>per</strong></span> <span class='ocrx_word' id='word_1_653' title='bbox 915 5244 1137 5307; x_wconf 84' lang='lat' dir='ltr'><strong>Marcellinum</strong></span> <span class='ocrx_word' id='word_1_654' title='bbox 1159 5245 1392 5306; x_wconf 87' lang='lat' dir='ltr'><strong>subdiaconum</strong></span> <span class='ocrx_word' id='word_1_655' title='bbox 1417 5245 1523 5304; x_wconf 91' lang='lat' dir='ltr'><strong>missis</strong></span> <span class='ocrx_word' id='word_1_656' title='bbox 1545 5242 1677 5324; x_wconf 61' lang='lat' dir='ltr'><strong>litata:</strong></span> <span class='ocrx_word' id='word_1_657' title='bbox 1699 5264 1838 5324; x_wconf 89' lang='lat' dir='ltr'><strong>cumque</strong></span> <span class='ocrx_word' id='word_1_658' title='bbox 1863 5250 1987 5311; x_wconf 90' lang='lat' dir='ltr'><strong>Zosimo</strong></span> <span class='ocrx_word' id='word_1_659' title='bbox 2003 5253 2153 5329; x_wconf 88' lang='lat' dir='ltr'><strong>pontifice</strong></span> 
     </span>
     <span class='ocr_line' id='line_1_57' title="bbox 516 5323 2152 5404; baseline 0.006 -22"><span class='ocrx_word' id='word_1_660' title='bbox 516 5325 670 5398; x_wconf 86' lang='lat' dir='ltr'><strong>permulta</strong></span> <span class='ocrx_word' id='word_1_661' title='bbox 683 5343 782 5403; x_wconf 89' lang='lat' dir='ltr'><strong>super</strong></span> <span class='ocrx_word' id='word_1_662' title='bbox 795 5327 855 5386; x_wconf 90' lang='lat' dir='ltr'><strong>lioc</strong></span> <span class='ocrx_word' id='word_1_663' title='bbox 869 5325 997 5404; x_wconf 90' lang='lat' dir='ltr'><strong>negotio</strong></span> <span class='ocrx_word' id='word_1_664' title='bbox 1011 5324 1141 5400; x_wconf 89' lang='lat' dir='ltr'><strong>scripta,</strong></span> <span class='ocrx_word' id='word_1_665' title='bbox 1158 5341 1230 5383; x_wconf 93' lang='lat' dir='ltr'><strong>cum</strong></span> <span class='ocrx_word' id='word_1_666' title='bbox 1242 5326 1342 5386; x_wconf 83' lang='lat' dir='ltr'><strong>ltoma</strong></span> <span class='ocrx_word' id='word_1_667' title='bbox 1356 5324 1388 5384; x_wconf 90' lang='lat' dir='ltr'><strong>iii</strong></span> <span class='ocrx_word' id='word_1_668' title='bbox 1405 5323 1557 5392; x_wconf 88' lang='lat' dir='ltr'><strong>Africam,</strong></span> <span class='ocrx_word' id='word_1_669' title='bbox 1574 5328 1641 5382; x_wconf 92' lang='lat' dir='ltr'><strong>tum</strong></span> <span class='ocrx_word' id='word_1_670' title='bbox 1656 5342 1696 5385; x_wconf 83' lang='lat' dir='ltr'><strong>ex</strong></span> <span class='ocrx_word' id='word_1_671' title='bbox 1713 5327 1819 5388; x_wconf 87' lang='lat' dir='ltr'><strong>Africa</strong></span> <span class='ocrx_word' id='word_1_672' title='bbox 1844 5329 1976 5391; x_wconf 87' lang='lat' dir='ltr'><strong>llomam</strong></span> <span class='ocrx_word' id='word_1_673' title='bbox 2000 5349 2152 5392; x_wconf 86' lang='lat' dir='ltr'><strong>cucurre-</strong></span> 
     </span>
     <span class='ocr_line' id='line_1_58' title="bbox 516 5401 2151 5483; baseline 0.008 -24"><span class='ocrx_word' id='word_1_674' title='bbox 516 5401 577 5461; x_wconf 91' lang='lat' dir='ltr'><strong>rint</strong></span> <span class='ocrx_word' id='word_1_675' title='bbox 592 5403 711 5483; x_wconf 73' lang='lat' dir='ltr'><strong>(lnsrn,</strong></span> <span class='ocrx_word' id='word_1_676' title='bbox 727 5413 836 5465; x_wconf 84' lang='lat' dir='ltr'><strong>contro</strong></span> <span class='ocrx_word' id='word_1_677' title='bbox 849 5404 926 5465; x_wconf 86' lang='lat' dir='ltr'><strong>duas</strong></span> <span class='ocrx_word' id='word_1_678' title='bbox 942 5403 1106 5482; x_wconf 81' lang='lat' dir='ltr'><strong>Epistulas</strong></span> <span class='ocrx_word' id='word_1_679' title='bbox 1121 5402 1372 5480; x_wconf 75' lang='lat' dir='ltr'><strong>Petri-pinnarum,</strong></span> <span class='ocrx_word' id='word_1_680' title='bbox 1385 5421 1418 5462; x_wconf 91' lang='lat' dir='ltr'><strong>n.</strong></span> <span class='ocrx_word' id='word_1_681' title='bbox 1433 5402 1490 5480; x_wconf 85' lang='lat'>5.);</span> <span class='ocrx_word' id='word_1_682' title='bbox 1504 5402 1584 5461; x_wconf 87' lang='lat' dir='ltr'><strong>nibil</strong></span> <span class='ocrx_word' id='word_1_683' title='bbox 1599 5408 1705 5462; x_wconf 89' lang='lat' dir='ltr'><strong>tamen</strong></span> <span class='ocrx_word' id='word_1_684' title='bbox 1720 5412 1866 5483; x_wconf 87' lang='lat' dir='ltr'><strong>superest</strong></span> <span class='ocrx_word' id='word_1_685' title='bbox 1888 5426 1929 5468; x_wconf 82' lang='lat' dir='ltr'><strong>ex</strong></span> <span class='ocrx_word' id='word_1_686' title='bbox 1950 5411 2099 5470; x_wconf 92' lang='lat' dir='ltr'><strong>omnibus</strong></span> <span class='ocrx_word' id='word_1_687' title='bbox 2113 5412 2151 5472; x_wconf 91' lang='lat' dir='ltr'><strong>iis</strong></span> 
     </span>
     <span class='ocr_line' id='line_1_59' title="bbox 515 5481 2149 5565; baseline 0.007 -25"><span class='ocrx_word' id='word_1_688' title='bbox 515 5495 585 5557; x_wconf 76' lang='lat' dir='ltr'><strong>quas</strong></span> <span class='ocrx_word' id='word_1_689' title='bbox 608 5483 647 5544; x_wconf 92' lang='lat' dir='ltr'><strong>ad</strong></span> <span class='ocrx_word' id='word_1_690' title='bbox 666 5482 827 5545; x_wconf 91' lang='lat' dir='ltr'><strong>Zosimum</strong></span> <span class='ocrx_word' id='word_1_691' title='bbox 845 5485 886 5544; x_wconf 92' lang='lat' dir='ltr'><strong>ab</strong></span> <span class='ocrx_word' id='word_1_692' title='bbox 908 5482 1067 5543; x_wconf 80' lang='lat' dir='ltr'><strong>Africanis</strong></span> <span class='ocrx_word' id='word_1_693' title='bbox 1089 5481 1245 5559; x_wconf 89' lang='lat' dir='ltr'><strong>episcopis</strong></span> <span class='ocrx_word' id='word_1_694' title='bbox 1260 5484 1349 5543; x_wconf 89' lang='lat' dir='ltr'><strong>fuere</strong></span> <span class='ocrx_word' id='word_1_695' title='bbox 1364 5482 1496 5543; x_wconf 90' lang='lat' dir='ltr'><strong>directa.</strong></span> <span class='ocrx_word' id='word_1_696' title='bbox 1514 5483 1550 5541; x_wconf 81' lang='lat' dir='ltr'><strong>m</strong></span> <span class='ocrx_word' id='word_1_697' title='bbox 1568 5482 1683 5541; x_wconf 89' lang='lat' dir='ltr'><strong>merito</strong></span> <span class='ocrx_word' id='word_1_698' title='bbox 1699 5485 1828 5559; x_wconf 90' lang='lat' dir='ltr'><strong>quidem</strong></span> <span class='ocrx_word' id='word_1_699' title='bbox 1847 5487 1990 5547; x_wconf 86' lang='lat' dir='ltr'><strong>dolemus</strong></span> <span class='ocrx_word' id='word_1_700' title='bbox 2014 5490 2149 5565; x_wconf 89' lang='lat' dir='ltr'><strong>periisse</strong></span> 
     </span>
     <span class='ocr_line' id='line_1_60' title="bbox 516 5560 2151 5653; baseline 0.005 -33"><span class='ocrx_word' id='word_1_701' title='bbox 516 5561 640 5653; x_wconf 73' lang='lat' dir='ltr'><strong>egregia</strong></span> <span class='ocrx_word' id='word_1_702' title='bbox 655 5562 709 5624; x_wconf 90' lang='lat' dir='ltr'><strong>illa</strong></span> <span class='ocrx_word' id='word_1_703' title='bbox 723 5568 943 5632; x_wconf 91' lang='lat' dir='ltr'><strong>monumenta,</strong></span> <span class='ocrx_word' id='word_1_704' title='bbox 959 5562 1076 5639; x_wconf 91' lang='lat' dir='ltr'><strong>quibus</strong></span> <span class='ocrx_word' id='word_1_705' title='bbox 1089 5561 1216 5621; x_wconf 88' lang='lat' dir='ltr'><strong>illeruin</strong></span> <span class='ocrx_word' id='word_1_706' title='bbox 1231 5561 1262 5620; x_wconf 93' lang='lat' dir='ltr'><strong>iii</strong></span> <span class='ocrx_word' id='word_1_707' title='bbox 1274 5561 1469 5622; x_wconf 87' lang='lat' dir='ltr'><strong>defendenda</strong></span> <span class='ocrx_word' id='word_1_708' title='bbox 1483 5560 1599 5621; x_wconf 86' lang='lat' dir='ltr'><strong>Christi</strong></span> <span class='ocrx_word' id='word_1_709' title='bbox 1615 5562 1731 5639; x_wconf 91' lang='lat' dir='ltr'><strong>gratia,</strong></span> <span class='ocrx_word' id='word_1_710' title='bbox 1748 5566 2045 5644; x_wconf 74' lang='lat' dir='ltr'><strong>priipugnaadoque</strong></span> <span class='ocrx_word' id='word_1_711' title='bbox 2055 5568 2151 5628; x_wconf 92' lang='lat' dir='ltr'><strong>limo-</strong></span> 
     </span>
     <span class='ocr_line' id='line_1_61' title="bbox 516 5640 2149 5732; baseline 0.008 -36"><span class='ocrx_word' id='word_1_712' title='bbox 516 5645 607 5701; x_wconf 86' lang='lat' dir='ltr'><strong>eentu</strong></span> <span class='ocrx_word' id='word_1_713' title='bbox 633 5641 779 5712; x_wconf 89' lang='lat' dir='ltr'><strong>decreto,</strong></span> <span class='ocrx_word' id='word_1_714' title='bbox 800 5642 998 5732; x_wconf 84' lang='lat' dir='ltr'><strong>generositas</strong></span> <span class='ocrx_word' id='word_1_715' title='bbox 1014 5640 1267 5718; x_wconf 90' lang='lat' dir='ltr'><strong>consignabatur</strong></span> <span class='ocrx_word' id='word_1_716' title='bbox 1292 5641 1412 5719; x_wconf 89' lang='lat' dir='ltr'><strong>:cnjus</strong></span> <span class='ocrx_word' id='word_1_717' title='bbox 1430 5640 1533 5700; x_wconf 88' lang='lat' dir='ltr'><strong>laudis</strong></span> <span class='ocrx_word' id='word_1_718' title='bbox 1557 5647 1681 5717; x_wconf 81' lang='lat' dir='ltr'><strong>partem</strong></span> <span class='ocrx_word' id='word_1_719' title='bbox 1706 5659 1770 5701; x_wconf 90' lang='lat' dir='ltr'><strong>non</strong></span> <span class='ocrx_word' id='word_1_720' title='bbox 1790 5645 1955 5705; x_wconf 88' lang='lat' dir='ltr'><strong>minimam</strong></span> <span class='ocrx_word' id='word_1_721' title='bbox 1975 5647 2149 5726; x_wconf 82' lang='lat' dir='ltr'><strong>Augustini</strong></span> 
     </span>
     <span class='ocr_line' id='line_1_62' title="bbox 516 5713 1294 5792; baseline 0.008 -20"><span class='ocrx_word' id='word_1_722' title='bbox 516 5713 546 5774; x_wconf 91' lang='lat' dir='ltr'><strong>iii</strong></span> <span class='ocrx_word' id='word_1_723' title='bbox 588 5719 642 5779; x_wconf 91' lang='lat' dir='ltr'><strong>nio</strong></span> <span class='ocrx_word' id='word_1_724' title='bbox 656 5724 689 5780; x_wconf 89' lang='lat' dir='ltr'><strong>et</strong></span> <span class='ocrx_word' id='word_1_725' title='bbox 701 5720 838 5782; x_wconf 82' lang='lat' dir='ltr'><strong>solertiae</strong></span> <span class='ocrx_word' id='word_1_726' title='bbox 848 5719 987 5781; x_wconf 90' lang='lat' dir='ltr'><strong>debitam</strong></span> <span class='ocrx_word' id='word_1_727' title='bbox 1004 5737 1086 5792; x_wconf 90' lang='lat' dir='ltr'><strong>csse,</strong></span> <span class='ocrx_word' id='word_1_728' title='bbox 1102 5723 1224 5779; x_wconf 86' lang='lat' dir='ltr'><strong>certum</strong></span> <span class='ocrx_word' id='word_1_729' title='bbox 1235 5723 1294 5779; x_wconf 88' lang='lat' dir='ltr'><strong>est.</strong></span> 
     </span>
    </p>

    <p class='ocr_par' dir='ltr' id='par_1_8' title="bbox 518 5734 2150 6017">
     <span class='ocr_line' id='line_1_63' title="bbox 518 5734 2147 5885; baseline 0.008 -29"><span class='ocrx_word' id='word_1_730' title='bbox 518 5734 612 5857; x_wconf 49' lang='lat' dir='ltr'><strong>xiil.</strong></span> <span class='ocrx_word' id='word_1_731' title='bbox 630 5799 721 5860; x_wconf 85' lang='lat' dir='ltr'><strong>Anno</strong></span> <span class='ocrx_word' id='word_1_732' title='bbox 736 5799 1039 5879; x_wconf 70' lang='lat' dir='ltr'><strong>quadringentesimo</strong></span> <span class='ocrx_word' id='word_1_733' title='bbox 1054 5797 1170 5858; x_wconf 82' lang='lat' dir='ltr'><strong>decimo</strong></span> <span class='ocrx_word' id='word_1_734' title='bbox 1190 5807 1299 5857; x_wconf 88' lang='lat' dir='ltr'><strong>octauo</strong></span> <span class='ocrx_word' id='word_1_735' title='bbox 1323 5797 1470 5859; x_wconf 81' lang='lat' dir='ltr'><strong>Zosimus</strong></span> <span class='ocrx_word' id='word_1_736' title='bbox 1484 5797 1631 5877; x_wconf 75' lang='lat' dir='ltr'><strong>Africani</strong></span> <span class='ocrx_word' id='word_1_737' title='bbox 1652 5798 1782 5861; x_wconf 82' lang='lat' dir='ltr'><strong>concilii</strong></span> <span class='ocrx_word' id='word_1_738' title='bbox 1799 5799 1949 5862; x_wconf 85' lang='lat' dir='ltr'><strong>Patribus</strong></span> <span class='ocrx_word' id='word_1_739' title='bbox 1970 5806 2147 5885; x_wconf 80' lang='lat' dir='ltr'><strong>respondet.</strong></span> 
     </span>
     <span class='ocr_line' id='line_1_64' title="bbox 551 5869 2150 6014; baseline 0.008 -78"><span class='ocrx_word' id='word_1_740' title='bbox 551 5869 734 6014; x_wconf 57' lang='lat' dir='ltr'><strong>ss¹j¹¹⁰ff¹⁴m</strong></span> <span class='ocrx_word' id='word_1_741' title='bbox 759 5880 857 5940; x_wconf 85' lang='lat' dir='ltr'><strong>totius</strong></span> <span class='ocrx_word' id='word_1_742' title='bbox 879 5879 995 5959; x_wconf 70' lang='lat' dir='ltr'><strong>Africa</strong></span> <span class='ocrx_word' id='word_1_743' title='bbox 1023 5875 1190 5938; x_wconf 78' lang='lat' dir='ltr'><strong>concilium</strong></span> <span class='ocrx_word' id='word_1_744' title='bbox 1215 5876 1406 5958; x_wconf 73' lang='lat' dir='ltr'><strong>Cartbagine</strong></span> <span class='ocrx_word' id='word_1_745' title='bbox 1434 5894 1546 5937; x_wconf 89' lang='lat' dir='ltr'><strong>rursus</strong></span> <span class='ocrx_word' id='word_1_746' title='bbox 1578 5876 1717 5937; x_wconf 80' lang='lat' dir='ltr'><strong>deditum</strong></span> <span class='ocrx_word' id='word_1_747' title='bbox 1740 5897 1849 5939; x_wconf 84' lang='lat' dir='ltr'><strong>nouem</strong></span> <span class='ocrx_word' id='word_1_748' title='bbox 1871 5899 2005 5944; x_wconf 86' lang='lat' dir='ltr'><strong>conones</strong></span> <span class='ocrx_word' id='word_1_749' title='bbox 2026 5886 2088 5949; x_wconf 84' lang='lat' dir='ltr'><strong>edit</strong></span> <span class='ocrx_word' id='word_1_750' title='bbox 2116 5888 2150 5948; x_wconf 88' lang='lat' dir='ltr'><strong>in</strong></span> 
     </span>
     <span class='ocr_line' id='line_1_65' title="bbox 580 5974 748 6017; baseline 0.012 -3"><span class='ocrx_word' id='word_1_751' title='bbox 580 5974 625 6014; x_wconf 82' lang='lat' dir='ltr'><strong>ee</strong></span> <span class='ocrx_word' id='word_1_752' title='bbox 648 5975 748 6017; x_wconf 77' lang='lat' dir='ltr'><strong>tonos.</strong></span> 
     </span>
    </p>

    <p class='ocr_par' dir='ltr' id='par_1_9' title="bbox 516 5975 2167 6441">
     <span class='ocr_line' id='line_1_66' title="bbox 551 5975 2148 6113; baseline 0.009 -20"><span class='ocrx_word' id='word_1_753' title='bbox 551 6032 598 6093; x_wconf 79' lang='lat' dir='ltr'><strong>sd</strong></span> <span class='ocrx_word' id='word_1_754' title='bbox 615 5975 734 6113; x_wconf 57' lang='lat' dir='ltr'><strong>pqrimas</strong></span> <span class='ocrx_word' id='word_1_755' title='bbox 751 6035 892 6096; x_wconf 84' lang='lat' dir='ltr'><strong>Africani</strong></span> <span class='ocrx_word' id='word_1_756' title='bbox 906 6037 1034 6097; x_wconf 92' lang='lat' dir='ltr'><strong>concilii</strong></span> <span class='ocrx_word' id='word_1_757' title='bbox 1050 6036 1174 6097; x_wconf 89' lang='lat' dir='ltr'><strong>litteras</strong></span> <span class='ocrx_word' id='word_1_758' title='bbox 1187 6035 1313 6096; x_wconf 89' lang='lat' dir='ltr'><strong>millum</strong></span> <span class='ocrx_word' id='word_1_759' title='bbox 1335 6036 1472 6097; x_wconf 89' lang='lat' dir='ltr'><strong>seorsim</strong></span> <span class='ocrx_word' id='word_1_760' title='bbox 1497 6051 1686 6112; x_wconf 90' lang='lat' dir='ltr'><strong>responsum</strong></span> <span class='ocrx_word' id='word_1_761' title='bbox 1703 6033 1862 6109; x_wconf 87' lang='lat' dir='ltr'><strong>Zosimus,</strong></span> <span class='ocrx_word' id='word_1_762' title='bbox 1889 6041 1992 6103; x_wconf 85' lang='lat' dir='ltr'><strong>bieme</strong></span> <span class='ocrx_word' id='word_1_763' title='bbox 2012 6043 2148 6108; x_wconf 89' lang='lat' dir='ltr'><strong>forsitan</strong></span> 
     </span>
     <span class='ocr_line' id='line_1_67' title="bbox 517 6111 2149 6202; baseline 0.01 -32"><span class='ocrx_word' id='word_1_764' title='bbox 517 6111 715 6185; x_wconf 84' lang='lat' dir='ltr'><strong>probibente,</strong></span> <span class='ocrx_word' id='word_1_765' title='bbox 731 6114 854 6176; x_wconf 90' lang='lat' dir='ltr'><strong>dedisse</strong></span> <span class='ocrx_word' id='word_1_766' title='bbox 868 6115 1010 6186; x_wconf 68' lang='lat' dir='ltr'><strong>videtum</strong></span> <span class='ocrx_word' id='word_1_767' title='bbox 1029 6133 1136 6192; x_wconf 78' lang='lat' dir='ltr'><strong>sieque</strong></span> <span class='ocrx_word' id='word_1_768' title='bbox 1151 6114 1276 6175; x_wconf 90' lang='lat' dir='ltr'><strong>concilii</strong></span> <span class='ocrx_word' id='word_1_769' title='bbox 1295 6117 1453 6186; x_wconf 90' lang='lat' dir='ltr'><strong>Patribus,</strong></span> <span class='ocrx_word' id='word_1_770' title='bbox 1468 6113 1530 6174; x_wconf 91' lang='lat' dir='ltr'><strong>nisi</strong></span> <span class='ocrx_word' id='word_1_771' title='bbox 1552 6113 1740 6173; x_wconf 87' lang='lat' dir='ltr'><strong>duodecimo</strong></span> <span class='ocrx_word' id='word_1_772' title='bbox 1758 6116 1907 6180; x_wconf 82' lang='lat' dir='ltr'><strong>calendas</strong></span> <span class='ocrx_word' id='word_1_773' title='bbox 1931 6123 2054 6195; x_wconf 87' lang='lat' dir='ltr'><strong>aprilis,</strong></span> <span class='ocrx_word' id='word_1_774' title='bbox 2076 6135 2149 6202; x_wconf 88' lang='lat' dir='ltr'><strong>post</strong></span> 
     </span>
     <span class='ocr_line' id='line_1_68' title="bbox 517 6193 2149 6285; baseline 0.007 -33"><span class='ocrx_word' id='word_1_775' title='bbox 517 6199 659 6270; x_wconf 80' lang='lat' dir='ltr'><strong>acceptas</strong></span> <span class='ocrx_word' id='word_1_776' title='bbox 674 6193 792 6255; x_wconf 88' lang='lat' dir='ltr'><strong>alteras</strong></span> <span class='ocrx_word' id='word_1_777' title='bbox 808 6212 920 6256; x_wconf 87' lang='lat' dir='ltr'><strong>eorum</strong></span> <span class='ocrx_word' id='word_1_778' title='bbox 935 6195 1129 6285; x_wconf 87' lang='lat' dir='ltr'><strong>posteriores</strong></span> <span class='ocrx_word' id='word_1_779' title='bbox 1144 6195 1279 6260; x_wconf 81' lang='lat' dir='ltr'><strong>litteriis.</strong></span> <span class='ocrx_word' id='word_1_780' title='bbox 1297 6196 1441 6272; x_wconf 85' lang='lat' dir='ltr'><strong>adeoque</strong></span> <span class='ocrx_word' id='word_1_781' title='bbox 1455 6194 1584 6254; x_wconf 88' lang='lat' dir='ltr'><strong>uiiicain</strong></span> <span class='ocrx_word' id='word_1_782' title='bbox 1601 6210 1658 6270; x_wconf 91' lang='lat' dir='ltr'><strong>pro</strong></span> <span class='ocrx_word' id='word_1_783' title='bbox 1671 6193 1810 6266; x_wconf 85' lang='lat' dir='ltr'><strong>duabus,</strong></span> <span class='ocrx_word' id='word_1_784' title='bbox 1828 6216 1963 6276; x_wconf 85' lang='lat' dir='ltr'><strong>eamque</strong></span> <span class='ocrx_word' id='word_1_785' title='bbox 1979 6202 2055 6261; x_wconf 89' lang='lat' dir='ltr'><strong>satis</strong></span> <span class='ocrx_word' id='word_1_786' title='bbox 2073 6205 2149 6264; x_wconf 85' lang='lat' dir='ltr'><strong>bre-</strong></span> 
     </span>
     <span class='ocr_line' id='line_1_69' title="bbox 516 6273 2148 6359; baseline 0.007 -30"><span class='ocrx_word' id='word_1_787' title='bbox 516 6283 582 6329; x_wconf 64' lang='lat' dir='ltr'><strong>teiii</strong></span> <span class='ocrx_word' id='word_1_788' title='bbox 599 6273 769 6351; x_wconf 86' lang='lat' dir='ltr'><strong>epistolam</strong></span> <span class='ocrx_word' id='word_1_789' title='bbox 791 6275 1007 6352; x_wconf 84' lang='lat' dir='ltr'><strong>rescripsisse.</strong></span> <span class='ocrx_word' id='word_1_790' title='bbox 1036 6273 1071 6333; x_wconf 91' lang='lat' dir='ltr'><strong>lii</strong></span> <span class='ocrx_word' id='word_1_791' title='bbox 1088 6291 1126 6334; x_wconf 90' lang='lat' dir='ltr'><strong>ea</strong></span> <span class='ocrx_word' id='word_1_792' title='bbox 1150 6274 1329 6352; x_wconf 76' lang='lat' dir='ltr'><strong>magnificis</strong></span> <span class='ocrx_word' id='word_1_793' title='bbox 1348 6276 1453 6335; x_wconf 79' lang='lat' dir='ltr'><strong>verbis</strong></span> <span class='ocrx_word' id='word_1_794' title='bbox 1478 6273 1801 6350; x_wconf 81' lang='lat' dir='ltr'><strong>extollitiligiiitatcin</strong></span> <span class='ocrx_word' id='word_1_795' title='bbox 1822 6295 1937 6346; x_wconf 88' lang='lat' dir='ltr'><strong>siiaiu;</strong></span> <span class='ocrx_word' id='word_1_796' title='bbox 1965 6285 1996 6341; x_wconf 87' lang='lat' dir='ltr'><strong>et</strong></span> <span class='ocrx_word' id='word_1_797' title='bbox 2009 6283 2093 6359; x_wconf 83' lang='lat' dir='ltr'><strong>qued</strong></span> <span class='ocrx_word' id='word_1_798' title='bbox 2109 6284 2148 6344; x_wconf 84' lang='lat' dir='ltr'><strong>de</strong></span> 
     </span>
     <span class='ocr_line' id='line_1_70' title="bbox 516 6341 2167 6441; baseline 0.004 -28"><span class='ocrx_word' id='word_1_799' title='bbox 516 6341 648 6413; x_wconf 65' lang='lat' dir='ltr'><strong>Cotum</strong></span> <span class='ocrx_word' id='word_1_800' title='bbox 659 6366 761 6414; x_wconf 84' lang='lat' dir='ltr'><strong>causa</strong></span> <span class='ocrx_word' id='word_1_801' title='bbox 775 6370 849 6415; x_wconf 91' lang='lat' dir='ltr'><strong>cuin</strong></span> <span class='ocrx_word' id='word_1_802' title='bbox 866 6352 1025 6415; x_wconf 87' lang='lat' dir='ltr'><strong>Africanis</strong></span> <span class='ocrx_word' id='word_1_803' title='bbox 1040 6371 1099 6432; x_wconf 85' lang='lat' dir='ltr'><strong>per</strong></span> <span class='ocrx_word' id='word_1_804' title='bbox 1121 6354 1245 6416; x_wconf 90' lang='lat' dir='ltr'><strong>litteras</strong></span> <span class='ocrx_word' id='word_1_805' title='bbox 1264 6353 1504 6416; x_wconf 84' lang='lat' dir='ltr'><strong>communicare</strong></span> <span class='ocrx_word' id='word_1_806' title='bbox 1529 6354 1663 6430; x_wconf 81' lang='lat' dir='ltr'><strong>placati,</strong></span> <span class='ocrx_word' id='word_1_807' title='bbox 1677 6353 1735 6418; x_wconf 81' lang='lat' dir='ltr'><strong>linc</strong></span> <span class='ocrx_word' id='word_1_808' title='bbox 1760 6358 1877 6433; x_wconf 72' lang='lat' dir='ltr'><strong>gisae</strong></span> <span class='ocrx_word' id='word_1_809' title='bbox 1899 6361 2027 6441; x_wconf 73' lang='lat' dir='ltr'><strong>apponi</strong></span> <span class='ocrx_word' id='word_1_810' title='bbox 2039 6360 2108 6421; x_wconf 70' lang='lat' dir='ltr'><strong>‘iiiii</strong></span> <span class='ocrx_word' id='word_1_811' title='bbox 2121 6363 2167 6420; x_wconf 72' lang='lat' dir='ltr'><strong>uti</strong></span> 
     </span>
    </p>
   </div>
   <div class='ocr_carea' id='block_1_3' title="bbox 0 0 2800 7350">
    <p class='ocr_par' dir='ltr' id='par_1_10' title="bbox 0 0 2800 7350">
     <span class='ocr_line' id='line_1_71' title="bbox 0 0 2800 7350; baseline 0 0"><span class='ocrx_word' id='word_1_812' title='bbox 0 0 2800 7350; x_wconf 95' lang='lat' dir='ltr'><strong> </strong></span> 
     </span>
    </p>
   </div>
  </div>
 </body>
</html>
