5592 7350
528 925 576 980 90!

528 1025 566 1095 sir
580 1039 695 1096 carenda
710 1050 749 1094 cst
762 1038 853 1105 elatio,
867 1045 895 1093 ul
909 1037 987 1094 ctiam
1001 1052 1048 1108 per
1062 1046 1161 1093 satane
1175 1029 1318 1102 angelum,

528 1148 563 1187 ne
591 1133 784 1196 extolleretur,
819 1140 907 1184 tantus
939 1129 1150 1199 colaphizaretur
1184 1122 1321 1194 apostolus

1238 910 1338 969 tttmtt
1358 906 1458 965 UNUS.

2118 908 2170 965 bi!

1379 1021 1433 1086 lurn
1456 1020 1535 1075 nullis
1558 1021 1653 1085 bonis,
1679 1020 1726 1076 sed
1746 1020 1825 1076 etiam
1842 1019 1933 1077 multis
1952 1020 2029 1075 ruralis
2042 1023 2166 1091 oper-ihm

1375 1113 1598 1183 precedentibus,
1615 1113 1797 1170 misericordia
1811 1114 1868 1184 ejus
1879 1114 2007 1185 praeuenit
2022 1113 2172 1175 hominorrr,

529 1221 635 1292 (ll-Cor.
649 1240 695 1291 rtr,
706 1224 745 1293 l).
756 1222 823 1277 llinc
833 1220 967 1292 ¹spostolis
978 1219 1125 1284 dicebatur,
1140 1215 1171 1272 Si
1181 1212 1322 1269 manseritis
1345 1213 1405 1307 gut
1419 1204 1546 1260 liberetur
1566 1220 1581 1259 a
1606 1204 1699 1272 unalis,
1715 1213 1742 1262 et
1757 1220 1816 1276 quae
1839 1203 1917 1272 iecit,
1939 1213 1966 1261 ct
1980 1221 2039 1275 uuae
2051 1206 2170 1261 iactnrrrs

527 1333 554 1370 m
565 1333 605 1372 mc
619 1298 707 1390 (loon.
722 1330 766 1378 xr,
782 1315 812 1385 7)
827 1331 833 1367 :
850 1313 955 1367 dicente
968 1311 1014 1367 illo
1026 1310 1071 1381 (pri
1084 1323 1131 1364 eos
1146 1307 1237 1377 utique
1252 1304 1322 1361 scio·
1374 1292 1462 1372 ῐῑιθῐιῑ
1480 1295 1530 1350 bisi
1546 1296 1594 1352 Dei
1614 1297 1699 1369 gralia
1721 1306 1859 1368 regeretur
1871 1297 1890 1362 ¹,
1912 1305 1939 1352 et
1962 1312 2022 1368 oue
2043 1312 2171 1367 passurus

527 1410 574 1465 bat
585 1424 645 1464 esse
660 1422 810 1463 mansuros.
823 1404 858 1460 m
871 1420 918 1475 per
932 1401 1100 1473 prophetam,
1116 1399 1147 1456 Si
1157 1397 1288 1453 uolueritis
1300 1403 1324 1451 et

529 1500 657 1554 audieritis
673 1516 711 1553 me
722 1497 804 1571 (leni.
816 1513 835 1564 r,
851 1494 902 1569 to)
915 1514 921 1549 :
935 1510 995 1550 cum
1011 1494 1092 1549 sciret
1105 1492 1162 1563 ipse
1183 1490 1209 1545 in
1228 1487 1324 1559 quibus

529 1602 685 1661 operaretur
699 1599 725 1645 et
740 1590 807 1645 nelle
822 1587 952 1659 (Philipp.
964 1603 995 1652 rt,
1012 1586 1068 1655 ιδ).
1083 1584 1116 1639 m
1130 1577 1226 1637 similia
1240 1579 1325 1635 multa

529 1682 662 1737 dicuntur.
678 1682 764 1735 Nam¹
779 1690 889 1752 propter
908 1679 988 1748 hujus
1001 1677 1140 1732 utilitatem
1160 1672 1274 1738 secreti,
1291 1685 1325 1728 ne

531 1776 600 1828 lorto
613 1775 675 1843 gnis
687 1773 842 1838 extollatur,
856 1771 903 1827 sed
918 1785 1011 1825 omnes
1026 1768 1105 1824 etiam
1121 1765 1166 1838 qni
1181 1765 1249 1820 bene
1261 1780 1324 1819 errr-

528 1874 590 1919 rmrt
604 1864 723 1928 timeant,
738 1863 801 1917 dnm
815 1861 949 1916 occultum
962 1871 1003 1915 est
1016 1858 1059 1930 qui
1075 1856 1232 1928 perveniant
1245 1872 1251 1908 :
1264 1868 1326 1923 pro

530 1964 589 2023 pter
613 1954 692 2023 hnjns
714 1968 777 2024 ergo
802 1952 942 2007 utilitatem
968 1950 1064 2006 secreti
1092 1946 1256 2003 credendum
1284 1951 1327 2001 est

529 2043 657 2114 quosdam
673 2044 706 2099 de
719 2041 780 2097 filiis
796 2039 961 2111 perditionis,
982 2055 1035 2094 non
1049 2046 1159 2108 accepto
1178 2034 1249 2099 dono
1265 2050 1326 2104 pcr-

530 2136 669 2194 sereraudi
684 2135 803 2206 usquein
816 2133 906 2200 finem,
920 2133 946 2188 in
962 2131 1014 2187 hde
1027 2147 1086 2202 nuce
1098 2128 1328 2200 perdilectionem

531 2236 659 2296 operatur
672 2226 788 2297 incipere
803 2226 911 2292 risere,
936 2232 963 2279 ει
983 2222 1137 2296 aliquandiu
1161 2220 1275 2276 fideliter
1296 2231 1328 2276 att

529 2320 600 2391 juste
614 2320 717 2382 virere,
742 2327 769 2373 et
793 2326 885 2388 postea
906 2317 1013 2384 cadere,
1036 2330 1122 2385 neque
1146 2312 1180 2368 de
1202 2310 1252 2367 hac
1275 2311 1327 2365 rita

531 2413 685 2482 priusquam
702 2409 753 2465 hoc
772 2410 811 2465 eis
825 2410 962 2480 contingat
983 2406 1093 2464 aulerci.
1109 2406 1227 2475 Quorum
1243 2404 1265 2460 si
1279 2419 1328 2459 ne·

532 2506 597 2560 mini
621 2503 794 2575 contigisset,
820 2501 922 2558 tamdiu
949 2501 1081 2558 haberent
1101 2500 1225 2555 homines
1247 2499 1328 2554 istum

534 2596 737 2652 saluberrimum
749 2596 883 2656 timorem,
895 2607 948 2663 rpto
958 2592 1051 2650 uitium
1065 2590 1188 2648 elationis
1198 2589 1328 2660 opprimi-

534 2696 587 2751 tur,
602 2686 687 2740 donec
700 2684 733 2740 ad
746 2684 843 2740 Christi
858 2685 972 2756 gratiam
986 2699 1037 2755 qua
1058 2682 1101 2752 pie
1121 2682 1218 2738 visitur
1232 2695 1329 2753 pervo-

533 2780 638 2844 nirent,
656 2776 783 2848 deinceps
794 2777 848 2846 jam
864 2774 952 2831 securi
966 2788 1102 2847 nunquam
1117 2787 1147 2829 se
1160 2772 1196 2826 ab
1210 2771 1256 2826 illo
1268 2785 1329 2828 esso

534 2883 654 2924 casnros.
673 2868 737 2935 Quae
758 2865 929 2937 presumptio
952 2864 978 2919 in
1002 2864 1052 2919 isto
1075 2862 1252 2919 tentationum
1270 2860 1331 2917 loco

536 2976 589 3015 nou
603 2958 723 3028 expedit,
738 2958 781 3014 obi
796 2967 867 3011 tanta
887 2964 929 3011 cst
949 2954 1110 3020 inllrmitas,
1131 2961 1160 3007 ut
1177 2950 1330 3023 superbiam

538 3052 620 3121 possit
632 3065 760 3121 generare
771 3050 910 3104 securitas.
923 3047 1042 3118 benique
1050 3045 1131 3103 etiam
1142 3043 1193 3099 hoc
1203 3043 1254 3099 erit
1264 3060 1271 3109 ;
1283 3040 1332 3098 sed

538 3151 611 3209 tnnc,
627 3140 697 3213 quod
708 3142 718 3173 ¹
731 3141 786 3211 jam
800 3150 842 3196 est
855 3139 882 3194 in
896 3140 1015 3211 angelis,
1036 3137 1115 3207 ctiam
1137 3135 1163 3190 in
1178 3133 1333 3189 hominibus

538 3230 716 3303 eritquando
728 3231 779 3286 ulla
795 3231 918 3299 superbia
933 3244 993 3284 esse
1008 3242 1061 3282 non
1076 3223 1334 3295 potentissimum

538 3336 602 3389 ergo
615 3327 767 3375 sanctorum
783 3334 831 3385 per
844 3318 890 3373 bei
902 3318 1016 3388 gratiam
1032 3316 1079 3372 bei
1091 3330 1175 3385 regno
1194 3313 1334 3385 predesti-

540 3421 628 3477 natus,
640 3409 737 3464 donata
746 3408 797 3463 sibi
806 3408 885 3462 etiam
898 3422 980 3478 usqne
992 3406 1017 3461 in
1030 3407 1109 3461 llrrnm
1121 3403 1333 3476 perseverantia,

541 3502 604 3556 ilinc
615 3502 718 3570 integer
732 3499 902 3570 perducetur,
912 3507 940 3554 et
951 3498 1004 3553 illic
1015 3496 1264 3568 integerrImnsjam
1277 3496 1335 3553 sinc

542 3592 593 3647 fine
610 3591 780 3646 beatissimus
801 3590 961 3654 seruabitur,
982 3586 1136 3643 adherente
1157 3587 1208 3642 sibi
1229 3587 1337 3644 miseri·

541 3685 632 3740 cordia
651 3683 796 3739 Salratoris
815 3682 872 3748 sui,
898 3683 954 3738 sire
974 3695 1035 3736 cum
1058 3687 1260 3747 conuertuntur,
1280 3679 1337 3737 siro

541 3790 602 3830 cunr
618 3775 781 3846 preliantur,
796 3773 851 3827 sire
865 3787 924 3828 cunr
938 3779 1110 3826 coronantur.

578 3868 622 3922 tt.
636 3867 701 3922 Nam
712 3875 739 3922 et
753 3876 815 3921 tunc
824 3880 884 3921 esse
898 3864 950 3920 illis
962 3864 1007 3920 liei
1022 3863 1231 3921 misericordiam
1244 3878 1338 3921 εεεει·

543 3959 640 4015 sariam
663 3967 754 4014 sancta
777 3957 913 4028 Scriptura
938 3963 1060 4023 testatur,
1085 3954 1129 4011 ubi
1151 3954 1282 4010 sanetus¹
1304 3953 1339 4012 do

545 4050 657 4104 homino
671 4049 728 4104 beo
741 4047 812 4104 suol
828 4047 894 4103 dicit
908 4046 1004 4102 animas
1016 4061 1082 4113 sure,
1096 4045 1146 4111 Qut
1156 4054 1261 4099 coronet
1274 4053 1297 4100 ts
1311 4045 1338 4099 in

544 4143 703 4196 miseratione
719 4149 741 4196 et
753 4140 924 4194 aritericordio
938 4139 947 4206 l
959 4136 1031 4228 Mi·
1047 4151 1093 4203 ιιι,
1109 4135 1158 4207 i).
1170 4135 1240 4191 bieit
1256 4134 1339 4190 eliam

545 4234 659 4290 lacobus
673 4233 818 4303 apostolus,
835 4230 965 4285 iudicium
977 4228 1032 4284 aine
1050 4226 1223 4282 misericordie
1241 4224 1281 4280 iili
1295 4230 1340 4298 gui

546 4343 597 4380 non
619 4325 679 4396 {ecit
694 4322 892 4378 irrisericordinm
908 4319 1013 4392 (iacobi
1029 4334 1057 4384 rr,
1071 4318 1120 4389 ib)
1136 4336 1142 4372 :
1156 4316 1201 4372 ulti
1222 4316 1340 4375 ostendii

546 4417 626 4471 eriam
642 4415 668 4468 in
683 4413 728 4469 iilo
741 4413 851 4483 judicio,
865 4413 891 4466 in
905 4427 957 4482 quo
968 4410 1032 4479 justi
1044 4416 1216 4475 coronantur,
1230 4408 1339 4480 injusti·

546 4522 597 4576 ipre
620 4505 788 4567 damnantur,
811 4503 878 4556 alios
902 4515 962 4554 cum
986 4498 1185 4567 misericordia,
1200 4500 1268 4557 alios
1282 4500 1341 4558 sino

547 4595 729 4652 misericordia
748 4591 915 4664 judicandos.
937 4591 1049 4660 Propter
1067 4589 1138 4661 qnod
1159 4591 1238 4646 etiam
1255 4602 1341 4649 mater

546 4686 757 4742 blachabasornrn
768 4684 821 4738 silio
833 4697 883 4738 suo
894 4681 968 4744 dicit,
979 4680 1011 4738 Ut
1023 4682 1049 4735 in
1060 4682 1106 4736 illu
1114 4680 1274 4737 miseratione
1283 4699 1341 4738 crint

549 4780 669 4854 [ratribus
682 4789 705 4831 te
716 4777 835 4847 recipiant
846 4773 878 4849 (il
892 4772 1011 4829 nectito.
1022 4788 1070 4839 rtt,
1081 4772 1139 4846 29).
1150 4771 1213 4827 Cum
1220 4775 1286 4829 enim
1296 4790 1342 4830 rec

545 4872 649 4941 justus,
665 4868 732 4923 sicut
748 4865 946 4936 scriptumest,
965 4863 1055 4919 sederit
1071 4862 1099 4918 in
1113 4863 1218 4931 throno,
1232 4881 1283 4931 trop
1294 4865 1342 4918 ad·

548 4959 685 5013 certabitur
694 4966 752 5011 unte
763 4973 820 5011 curn
832 4972 905 5011 outae
921 4955 1027 5009 ateium.
1045 4954 1107 5022 Quis
1126 4955 1277 5026 gloriabitur
1295 4971 1341 5009 cn·

548 5062 615 5107 stunt
627 5068 654 5107 se
666 5050 756 5104 habere
765 5050 827 5104 cor?
838 5057 882 5102 out
892 5048 947 5119 quie
959 5047 1109 5119 gloriabitur
1121 5047 1242 5101 amodum
1253 5064 1279 5102 ee
1288 5064 1342 5103 etse

548 5164 565 5201 n
578 5155 678 5216 peceato
687 5143 777 5217 (Pron.
788 5160 834 5209 u,
844 5143 871 5210 8,
880 5142 907 5208 9,
919 5158 969 5197 sec.
979 5139 1083 5212 Lm?
1094 5140 1131 5195 hc
1142 5155 1189 5210 per
1199 5139 1251 5194 hoe
1260 5139 1339 5197 etiam

549 5238 586 5292 ibi
599 5237 644 5292 [lei
660 5234 840 5292 misericordia
863 5231 1010 5289 necessaria
1030 5240 1089 5299 est,
1103 5247 1154 5302 orta
1170 5229 1220 5286 ht⁵
1236 5231 1339 5298 beatus,

549 5330 592 5383 eni
608 5343 659 5383 non
675 5327 813 5397 imputarit
825 5325 955 5381 Dominus
967 5331 1105 5394 peceatum
1120 5321 1204 5396 (Pani.
1215 5337 1288 5387 utar,
1298 5321 1340 5384 ἲ).

551 5419 602 5477 Sed
618 5428 680 5473 tnnc
696 5432 743 5488 pro
757 5416 887 5471 bonorum
906 5429 1017 5486 operum
1033 5413 1135 5469 meritis
1146 5411 1221 5483 iusto
1240 5410 1341 5481 iudicio

548 5512 629 5567 etiam
644 5511 700 5579 ipsa
714 5505 894 5565 misericordia
909 5507 1049 5564 tribuetur.
1062 5505 1130 5560 Cum
1144 5504 1215 5561 enim
1231 5503 1340 5572 dicitur,

549 5602 680 5655 iudicium
695 5607 749 5658 cirre
763 5598 936 5653 misericordia
950 5597 989 5650 iiii
1001 5599 1044 5666 qui
1059 5611 1110 5649 non
1125 5596 1184 5667 [ecit
1199 5595 1341 5648 mimicor-

551 5693 636 5755 ch'nm,
649 5689 834 5747 maniiestatnr
846 5688 873 5743 in
889 5689 929 5743 his
941 5687 967 5742 ia
982 5686 1078 5758 quibus
1090 5685 1260 5755 inueniuntur
1272 5685 1341 5741 bona

550 5801 631 5855 opera
646 5780 845 5850 misericordiae,
857 5779 985 5851 iudicium
998 5793 1058 5834 cum
1072 5777 1253 5836 misericordia
1266 5777 1341 5844 lieri;

552 5892 583 5929 ac
599 5890 646 5945 per
660 5873 710 5928 hoe
725 5873 805 5927 etiam
820 5872 904 5941 ipsam
918 5867 1128 5925 misericordiam
1145 5869 1248 5924 meritis
1260 5869 1343 5924 bono·

551 5983 609 6022 rrrrn
622 5979 733 6036 operum
744 5962 819 6020 reddi
842 5961 900 6017 Non
911 5961 950 6017 sic
964 5967 1004 6016 est
1020 5974 1101 6026 aune,
1116 5962 1223 6029 quaudo
1233 5974 1286 6014 non
1298 5974 1343 6014 so-

582 6124 590 6154 ¹
611 6132 659 6170 tm.
673 6127 699 6170 et
709 6126 747 6169 m.
756 6119 878 6175 multtum,
893 6125 962 6168 llum.
974 6115 1069 6166 turbent
1079 6115 1154 6167 nostri
1166 6120 1219 6165 tiss.

582 6186 592 6215 ²
609 6181 717 6231 nrrnnulli
729 6188 793 6239 ιιεε,
804 6180 847 6231 sed
857 6185 912 6230 trmc
933 6176 1029 6236 meando
1039 6175 1111 6238 otrod.

583 6253 593 6276 ·
610 6245 676 6294 initi.
691 6241 730 6292 nor
741 6248 836 6292 murm
848 6211 932 6290 paui.
946 6237 1127 6310 ιεεψεεε,
1140 6250 1154 6287 ι
1166 6244 1219 6287 use.

583 6309 592 6337 ⁸
610 6307 691 6355 rtnres
702 6312 764 6365 uss,
775 6304 806 6354 de
818 6302 916 6353 nonam
926 6300 986 6351 dett
999 6311 1087 6350 morte
1097 6312 1149 6351 rute
1162 6312 1171 6350 :
1183 6303 1281 6362 naisso
1295 6305 1344 6351 neo

552 6381 600 6463 wi·
611 6438 658 6476 trtr.
671 6434 708 6476 Fr.
723 6435 746 6476 et
758 6425 844 6487 ntupum
860 6434 919 6479 uss,
930 6421 978 6483 pri.
998 6431 1048 6479 buo
1061 6431 1122 6473 tiss·
1139 6423 1186 6475 stol.

1375 1383 1461 1442 iuerat
1475 1388 1501 1442 in
1517 1398 1646 1445 aeternum
1661 1390 1712 1448 nisi
1723 1399 1886 1447 eruerctura
1901 1399 2032 1460 potestate
2047 1392 2157 1445 tenebra

1376 1492 1446 1540 rum,
1460 1485 1487 1533 ει
1502 1477 1693 1536 transferretur
1712 1480 1738 1534 in
1759 1495 1870 1552 regnum
1887 1480 1947 1535 Filii
1963 1480 2101 1536 charitatis
2121 1481 2168 1537 bet

1379 1565 1486 1639 (Colore.
1504 1585 1521 1635 r,
1539 1568 1592 1641 ta).
1608 1569 1796 1625 Verumtamen
1809 1571 1869 1640 guia
1880 1579 1908 1625 et
1921 1571 1976 1641 ipsa
1991 1571 2043 1625 rita
2057 1580 2168 1662 artemo,
2187 1592 2193 1668 p

1376 1675 1457 1730 quam
1476 1670 1577 1716 certum
1601 1672 1642 1717 est
1663 1661 1740 1716 bonis
1763 1662 1889 1731 operibus
1910 1661 2027 1717 debitam
2050 1661 2169 1726 reddin
2190 1671 2194 1730 2

1377 1764 1454 1814 tanto
1464 1756 1592 1829 hpostolo
1604 1756 1688 1828 gratia
1701 1756 1748 1812 bei
1764 1758 1859 1812 dicitur
1872 1756 1883 1831 (
1891 1755 1968 1811 honr.
1983 1755 2093 1829 resa),
2107 1771 2170 1812 curn

1377 1849 1462 1921 gratia
1474 1865 1527 1906 nott
1541 1850 1668 1919 operibus
1680 1848 1817 1916 reddatur,
1832 1848 1881 1904 sed
1898 1849 1982 1919 gratis
2001 1848 2095 1915 detrrr;
2111 1850 2178 1905 sins-

1378 1940 1430 1994 ulla
1445 1938 1610 1996 dubitatione
1623 1940 1806 1996 conitendum
1819 1951 1880 2006 εει,
1894 1940 1954 1995 ideo
1966 1940 2078 2011 gratiam
2091 1941 2172 1996 sitam

1378 2039 1506 2086 aeternam
1522 2031 1622 2097 rocari,
1638 2031 1698 2101 quia
1712 2031 1754 2085 his
1769 2030 1872 2086 meritis
1887 2030 2018 2097 redditur,
2035 2046 2096 2102 quae
2108 2046 2171 2102 gra·

1379 2124 1415 2178 lia
1427 2122 1540 2177 contulit
1554 2121 1665 2177 homini.
1676 2123 1759 2180 Recte
1769 2123 1866 2195 quippo
1877 2123 1933 2195 ipsa
1947 2122 2173 2193 intelligiturque

1380 2216 1407 2269 in
1421 2214 1565 2285 Erangelio
1579 2215 1673 2286 legitur
1682 2215 1703 2281 ¹,
1720 2214 1809 2272 Gratia
1822 2231 1870 2287 pro
1882 2216 1965 2285 gratia
1979 2216 2068 2289 (loon.
2083 2232 2102 2282 r,
2115 2216 2174 2289 lb).

1380 2306 1406 2361 id
1421 2314 1471 2370 est,
1486 2321 1535 2377 pro
1550 2305 1592 2361 his
1605 2306 1708 2363 meritis
1720 2322 1778 2378 quas
1792 2306 1908 2362 contulit
1918 2308 2011 2378 gratia.

1415 2383 1461 2453 ts.
1474 2396 1505 2451 lli
1518 2412 1581 2452 vero
1594 2396 1639 2467 qui
1652 2411 1705 2451 non
1720 2396 1852 2467 pertinent
1865 2397 1898 2451 ad
1913 2396 1984 2453 hunc
1996 2398 2172 2471 praedestina·

1382 2499 1468 2545 torum
1485 2504 1644 2556 nnmerum,
1657 2504 1725 2560 quos
1740 2488 1786 2544 [lei
1811 2487 1895 2558 gratia
1910 2488 1966 2544 sire
1987 2490 2105 2546 nondum
2127 2492 2175 2545 ha·

1381 2584 1476 2641 bentes
1497 2583 1579 2639 ullum
1594 2583 1708 2640 liberum
1722 2597 1778 2639 sue
1796 2582 1941 2638 uoluntatis
1954 2583 2103 2649 arbitrium,
2118 2585 2175 2639 sire

1381 2690 1443 2731 cum
1464 2674 1576 2731 arbitrio
1600 2675 1754 2739 voluntatis,
1769 2673 1829 2730 idco
1846 2689 1908 2730 rere
1927 2674 2030 2742 libero,
2046 2676 2107 2746 quia
2128 2691 2177 2744 per

1382 2764 1468 2835 ipsam
1480 2765 1594 2836 gratiam
1609 2764 1732 2832 liberato,
1745 2763 1867 2834 perducit
1880 2763 1912 2818 ad
1927 2779 2037 2834 regnum
2051 2782 2058 2819 :
2070 2764 2097 2819 hi
2111 2780 2176 2835 ergo

1382 2859 1426 2931 qui
1446 2874 1499 2914 non
1514 2858 1648 2929 pertineat
1665 2857 1699 2913 ad
1715 2858 1794 2912 istum
1812 2857 1990 2913 certissimum
2010 2868 2038 2914 et
2056 2857 2176 2914 felicissi-

1384 2966 1459 3006 mum
1481 2966 1640 3013 numerum,
1663 2963 1716 3019 pro
1736 2950 1839 3005 moritis
1856 2950 2178 3021 justissimejudieantnr.

1386 3042 1520 3098 batonim
1533 3041 1684 3111 jacentsub
1697 3049 1824 3111 peccato,
1837 3041 1908 3111 qnnd
1920 3040 2084 3112 originaliter
2096 3057 2180 3113 gene·

1384 3133 1508 3191 rationo⁸
1523 3139 1679 3202 traxerunt,
1703 3140 1731 3186 et
1754 3147 1815 3187 cum
1831 3132 1886 3186 illo·
1899 3131 2068 3189 hrcreditario
2089 3133 2180 3189 debito

1385 3225 1448 3281 hinc
1460 3233 1568 3291 exeunt,
1584 3223 1655 3293 quod
1674 3239 1727 3281 uon
1746 3230 1788 3280 est
1806 3224 2009 3292 regeneratione
2022 3225 2179 3288 tlirrrissunr;

1386 3325 1432 3373 aut
1445 3322 1500 3387 per'
1512 3317 1627 3372 liberunt
1652 3314 1792 3370 arbitrium
1809 3315 1860 3369 alia
1875 3315 1984 3386 insuper
1997 3316 2155 3372 addiderunt
2171 3336 2179 3377 ι

1386 3407 1538 3471 arbitrium,
1556 3406 1675 3477 inquam,
1691 3406 1815 3473 liborum,
1826 3404 1937 3461 sednon
1951 3406 2104 3474 liberatum
2116 3407 2181 3464 libe·

1387 3513 1446 3555 rum
1461 3497 1583 3569 justitiae,
1603 3499 1705 3569 peccati
1720 3506 1809 3553 autem
1828 3511 1954 3563 serrum,
1971 3514 2024 3567 quo
2040 3500 2182 3555 rolruntrrr

1388 3604 1438 3661 per
1449 3589 1569 3645 diversas
1580 3589 1675 3646 noxias
1683 3588 1853 3658 cupiditates,
1862 3588 1907 3644 alii
1920 3591 2014 3661 magis,
2026 3590 2071 3647 alii
2081 3593 2181 3658 mirrus;

1389 3683 1436 3740 sed
1451 3697 1545 3739 onmes
1559 3670 1633 3747 mali,
1646 3691 1675 3739 et
1694 3697 1742 3755 pro
1756 3683 1813 3753 ipsa
1826 3682 1979 3739 diversitate
1992 3684 2107 3741 dirersis
2120 3699 2184 3755 sup·

1389 3775 1477 3846 pliciis
1487 3773 1633 3846 judicandi.
1645 3773 1698 3829 Aut
1708 3775 1819 3846 gratiam
1830 3775 1876 3830 bei
1890 3776 2046 3846 suscipiunt,
2058 3776 2105 3832 sed
2116 3786 2184 3837 tent·

1389 3868 1497 3942 porales
1508 3875 1580 3935 sunt,
1595 3871 1644 3924 nec
1657 3877 1844 3939 perseuerant;
1856 3866 2000 3923 reserum
2015 3877 2044 3924 et
2055 3868 2185 3925 deserun-
2270 3887 2272 3890 ’

1390 3970 1445 4019 tur.
1460 3960 1567 4018 Dimissi
1585 3961 1657 4016 enim
1677 3971 1739 4016 sunt
1754 3960 1837 4016 libero
1858 3959 1984 4025 arbitrio,
2000 3976 2053 4016 non
2075 3972 2184 4032 accepto

1391 4052 1597 4125 perseverantias
1609 4046 1804 4122 dono,‘jrrdicio
1820 4051 1867 4106 bei
1877 4051 1951 4120 justo
1964 4059 1992 4106 et
2002 4051 2117 4107 occulto.

1427 4143 1540 4203 CAPUT
1560 4142 1631 4199 xiv.
1652 4173 1686 4184 —
1705 4143 1750 4198 hi.
1771 4143 1910 4198 l’atiantur
1928 4158 1993 4213 crgo
2013 4145 2135 4201 homiues
2153 4160 2185 4203 se

1392 4236 1492 4308 corripi
1502 4235 1608 4308 quando
1621 4243 1745 4306 peccant,
1761 4248 1812 4289 nec
1822 4232 1856 4288 de
1867 4233 1923 4303 ipsa
1939 4236 2109 4306 correptione
2119 4252 2186 4292 con·

1393 4340 1433 4387 tra
1446 4329 1557 4403 gratiam
1568 4334 1798 4400 argumententur,
1814 4341 1863 4381 nec
1877 4325 1910 4381 do
1924 4327 2007 4396 gratia
2018 4337 2110 4384 eontra
2122 4345 2184 4391 core

1393 4422 1542 4495 reptionem
1556 4437 1562 4474 ι
1578 4420 1639 4491 quia
1649 4427 1677 4476 et
1690 4418 1790 4491 peccati
1799 4416 1870 4489 justa
1885 4432 1962 4487 poena
1976 4418 2097 4487 debetur,
2111 4430 2138 4476 et
2150 4422 2183 4478 ad

1394 4514 1478 4586 ipsam
1487 4511 1680 4584 pertinetjusta
1690 4509 1833 4580 correptio,
1841 4524 1901 4579 quse
1909 4509 2186 4568 medicinaliteradhi·

1393 4606 1483 4672 betur,
1499 4602 1603 4659 etiamsi
1617 4602 1690 4658 salus
1710 4599 1864 4670 aegrotantis
1884 4598 1985 4654 incerta
2002 4609 2061 4655 est:
2078 4609 2106 4658 ut
2124 4602 2186 4659 siis

1393 4696 1438 4768 qui
1447 4693 1600 4763 corripitur,
1609 4692 1641 4748 ad
1650 4690 1898 4762 predestinatorum
1910 4704 2049 4745 numerum
2060 4692 2184 4762 pertinet,

1393 4787 1427 4842 sit
1440 4788 1464 4842 ei
1477 4783 1612 4853 correptio
1624 4781 1731 4837 salubre
1742 4779 1980 4846 medicamentum
1994 4782 2016 4835 si
2030 4792 2118 4838 autem
2131 4799 2185 4848 non

1394 4877 1520 4949 pertinet,
1531 4874 1566 4929 sit
1578 4873 1603 4928 ei
1618 4872 1751 4941 correptio
1763 4869 1869 4941 prenale
1883 4880 2052 4926 tormentum.
2067 4873 2122 4928 Sub
2134 4874 2186 4931 isto

1393 4982 1459 5040 ergo
1473 4967 1576 5021 incerto
1591 4978 1624 5018 err
1637 4961 1768 5018 charitate
1780 4959 1931 5016 adhibenda
1945 4970 1996 5027 est,
2012 4963 2088 5032 cujus
2100 4965 2187 5022 caitus

1398 5061 1552 5130 ignoratum
1568 5064 1596 5110 ει
1610 5067 1658 5125 pro
1678 5052 1723 5109 ilio
1735 5051 1777 5107 cui
1791 5050 1943 5117 adhibetor,
1958 5053 2089 5109 orandum
2104 5063 2146 5111 est
2158 5063 2188 5110 ut

1394 5160 1515 5206 satietur.
1537 5147 1605 5200 Cum
1626 5151 1715 5199 autem
1738 5140 1860 5196 homines
1879 5156 1928 5212 per
1947 5144 2142 5214 eorreptionem
2158 5144 2187 5200 in

1394 5241 1464 5295 riarn
1481 5236 1593 5309 iustitiae
1605 5250 1651 5290 seu
1667 5233 1834 5288 reniuntseu
1850 5241 2033 5299 reuertuntur,
2049 5235 2108 5305 quis
2122 5251 2188 5306 ope·

1395 5341 1469 5391 ratur
1487 5332 1513 5386 in
1527 5327 1653 5384 cordibus
1665 5341 1758 5381 eorum
1774 5324 1904 5389 salutent,
1919 5324 1970 5379 nisi
1985 5325 2029 5379 ille
2042 5325 2087 5395 qui
2100 5327 2187 5395 quoli-

1396 5427 1442 5482 bet
1455 5425 1590 5497 plantante
1609 5428 1689 5491 atrpue
1706 5421 1826 5490 rigante,
1844 5426 1871 5472 et
1885 5417 2005 5487 quislibet
2024 5419 2050 5474 in
2063 5419 2133 5489 agris
2146 5420 2188 5477 rel

1395 5515 1541 5575 arbustulis
1553 5522 1682 5584 operante
1701 5510 1747 5566 dat
1766 5509 1960 5565 incrementum
1977 5508 2064 5574 [lenm
2080 5510 2121 5566 eui
2142 5526 2188 5567 ro·

1396 5611 1460 5666 liniti
1480 5609 1581 5664 salvum
1601 5605 1690 5660 irrecre
1708 5603 1811 5658 nullutn
1826 5600 1986 5655 hominurn'
2000 5598 2100 5655 resistit
2115 5601 2189 5656 arbi·
2213 5585 2215 5589 ¹

1397 5697 1550 5756 tr'umlffic
1564 5697 1635 5753 enim
1649 5694 1717 5750 selle
1727 5708 1773 5747 srrr
1789 5691 1860 5748 nolle
1874 5691 1899 5746 in
1914 5691 2026 5746 nolentis
2036 5702 2080 5745 ant
2094 5691 2190 5747 nolen·

1397 5794 1433 5849 tis
1445 5802 1486 5847 cst
1506 5798 1651 5862 potestate,
1667 5797 1695 5843 ut
1716 5787 1833 5842 divinam
1850 5785 2012 5840 voluntatem
2036 5801 2087 5841 non
2104 5786 2188 5858 irnpe-

1397 5887 1463 5948 diat,
1474 5900 1525 5940 nec
1538 5892 1646 5952 superet
1657 5888 1828 5951 potestatem.
1844 5879 1929 5934 Etiam
1941 5878 1951 5909 ¹
1965 5878 1998 5933 de
2010 5878 2050 5933 his
2063 5879 2133 5933 enirn
2145 5881 2191 5950 qui

1397 5977 1497 6034 fuciunt
1507 5991 1566 6046 quae
1581 5990 1634 6029 non
1648 5974 1713 6037 rub,
1727 5973 1787 6026 lacit
1801 5971 1930 6042 ipseque
1944 5971 2008 6024 vult.
2210 5974 2212 5979 '

1429 6111 1438 6143 ¹
1456 6105 1492 6160 sic
1502 6119 1590 6158 norem
1601 6111 1653 6154 tuas.
1665 6103 1726 6154 rditi
1738 6114 1806 6162 sero,
1819 6105 2010 6164 regenerarem.

1429 6173 1440 6204 ¹
1458 6179 1507 6219 tm.
1518 6175 1554 6216 er.
1565 6174 1592 6218 et
1603 6167 1687 6229 plures
1698 6173 1760 6226 uss,
1773 6162 1914 6227 oaoegretio
1924 6161 1950 6214 t'rt
1959 6159 2092 6228 ampelio

1430 6235 1440 6265 ³
1457 6232 1523 6282 ruiti.
1535 6231 1565 6280 dc
1571 6226 1730 6291 generatione.
1740 6228 1822 6286 abest,
1835 6225 1874 6285 de,
1885 6238 1899 6274 a
1909 6233 1961 6275 ttss.

1428 6296 1438 6326 ⁸
1456 6303 1506 6345 buo
1517 6299 1581 6348 uss,
1592 6291 1635 6340 scd
1647 6291 1767 6340 deterreri.

1429 6358 1440 6390 ⁸
1457 6354 1508 6404 sola
1521 6355 1595 6404 editio
1609 6358 1674 6409 tor,
1685 6351 1793 6401 homme.
2099 6404 2107 6414 ἱ

1430 6419 1441 6449 ⁸
1454 6415 1526 6476 Elui,
1542 6425 1573 6468 tte
1583 6415 1620 6467 his
1631 6414 1704 6471 enirn,
1714 6426 1814 6472 amisse,
1827 6411 1915 6469 ethan,
1929 6411 2001 6470 ausu
2009 6410 2208 6455 emmaum
