5592 7350
536 885 592 943 833

535 1003 641 1061 militer
663 999 766 1055 recolas
790 1008 868 1068 atqtrc
892 993 1066 1059 consideres,
1094 992 1186 1047 rideas
1211 988 1332 1061 protecto

536 1105 669 1169 querutum
686 1092 734 1149 tibi
749 1089 905 1162 profuisset,
926 1089 948 1143 si
962 1087 1058 1142 scisses
1080 1084 1183 1140 nescire
1198 1080 1269 1154 quod
1284 1094 1333 1136 ue-

537 1187 611 1252 scis;
626 1197 654 1242 ct
673 1192 800 1256 quantum
815 1181 860 1236 tibi
876 1180 977 1251 prosit,
992 1178 1013 1233 si
1030 1178 1072 1233 uel
1089 1190 1160 1231 nunc
1174 1176 1253 1230 scias.
1267 1172 1333 1227 Nam

537 1280 564 1335 si
575 1275 749 1346 intelligentia
763 1272 808 1328 tibi
818 1273 905 1341 piacet
918 1271 943 1325 in
958 1280 1051 1324 tratura
1065 1268 1191 1334 bominis,
1203 1266 1331 1338 quoniam

537 1382 635 1426 reuera
659 1368 681 1422 si
699 1381 758 1421 cam
781 1379 833 1419 non
850 1363 976 1427 baberet,
991 1361 1067 1428 nibil,
1084 1368 1211 1430 quarrtam
1231 1357 1264 1413 ad
1278 1357 1336 1411 ani-

539 1476 602 1516 mas
620 1459 773 1529 pcrtiuct,a
788 1456 930 1528 pecoribus
941 1455 1122 1518 distaremus;
1137 1451 1256 1522 intellige
1269 1450 1335 1521 quid

538 1569 594 1607 non
609 1551 751 1620 inteiligas,
769 1563 803 1605 ne
828 1555 911 1602 totum
928 1562 980 1600 rron
1003 1545 1154 1616 intelligas;
1170 1551 1198 1599 et
1209 1538 1264 1598 ao'li
1285 1542 1334 1597 de·

539 1647 646 1712 spicere
657 1644 803 1707 hermionem,
818 1640 861 1712 ptri
874 1651 902 1694 ut
918 1639 1047 1695 veraciter
1058 1637 1189 1708 intelligat
1199 1635 1269 1708 quod
1282 1650 1336 1690 non

539 1733 686 1804 iutelligit,
714 1732 765 1788 boc
795 1745 825 1787 se
848 1746 901 1786 nou
928 1730 1075 1800 intelligere
1101 1728 1232 1796 iutelligit.
1262 1724 1336 1783 Unde

538 1836 630 1882 autem
644 1824 743 1879 dictum
758 1825 792 1879 sit
808 1823 834 1877 ia
857 1838 934 1877 sacro
953 1823 1078 1889 Psalmo,
1094 1820 1177 1875 Horrea
1191 1822 1218 1875 in
1242 1820 1336 1874 bonore

539 1932 600 1972 rant
625 1924 698 1975 esset.
726 1930 776 1967 nou
800 1914 938 1978 intellexit,·
958 1922 1119 1981 comparatus
1142 1921 1178 1967 eat
1204 1911 1335 1982 pecoribus

538 2005 685 2069 insensatis,
700 2014 723 2057 et
738 2005 827 2058 riutilio
842 2006 923 2075 [actara
936 2013 972 2057 ert
992 2003 1043 2057 iliis
1056 2001 1140 2076 (Prot.
1154 2017 1246 2069 ιιιιιι,
1263 2003 1333 2071 ta);

543 2096 614 2167 lege,
629 2106 656 2149 et
671 2095 797 2164 intellige,
810 2095 896 2149 utboc
909 2095 1082 2166 opprobrium
1097 2095 1235 2149 humiliter
1247 2095 1335 2164 potius

542 2188 709 2256 ipsceaecas
724 2227 731 2252 ,
747 2201 826 2257 qaam
850 2186 965 2257 superbe
989 2186 1066 2241 alteri
1089 2187 1209 2257 objicias.
1233 2185 1271 2241 lie
1296 2186 1336 2241 bis

541 2281 614 2333 cuim
626 2277 724 2333 dictum
739 2288 780 2333 cst
796 2319 802 2339 .
819 2278 863 2348 utri
891 2277 968 2332 istam
992 2278 1072 2332 uitam
1102 2279 1187 2333 solam
1209 2277 1337 2347 deputant

541 2372 623 2426 uitam
636 2414 644 2439 ,
657 2372 801 2426 secandum
825 2386 932 2426 carnem
948 2371 1082 2436 uiuentes,
1097 2378 1198 2441 etpost
1222 2378 1334 2425 mortem

541 2464 610 2518 nibil
627 2473 773 2535 sperantes,
791 2464 872 2519 relati
892 2478 986 2532 pecora
1002 2480 1009 2518 ε
1023 2478 1076 2517 non
1090 2462 1122 2518 de
1134 2461 1174 2517 bis
1193 2463 1337 2533 quinoque

542 2564 643 2624 negant
663 2570 694 2610 se
717 2556 785 2610 scire
804 2554 874 2625 qrrod
900 2555 1035 2620 sciant,et
1059 2554 1219 2609 cantitentur
1248 2567 1277 2607 sc
1290 2567 1336 2607 nc-

541 2647 613 2703 srire
628 2646 697 2718 quod
712 2648 841 2711 nesciunt,
856 2655 883 2702 et
897 2647 983 2716 potius
995 2647 1145 2718 intelligunt
1156 2644 1336 2701 infirmitatem

542 2753 639 2802 sarran,
655 2752 733 2807 geram
748 2737 782 2792 dc
795 2752 842 2792 sua
855 2738 951 2793 uirtute
964 2737 1111 2792 canutam.
1265 2792 1270 2813 .·

581 2828 625 2883 to.
647 2827 704 2883 Nou
718 2829 808 2898 itaque
821 2828 959 2898 displiceat
973 2828 1171 2898 praesumptioni
1195 2839 1246 2883 tuae
1263 2828 1336 2897 iure·

543 2916 612 2974 niii¹
627 2934 702 2975 areas
715 2919 806 2973 senilis
818 2920 917 2985 tiator,
930 2920 977 2974 lrli.
993 2918 1051 2990 Ego
1063 2921 1133 2974 enim
1147 2961 1155 2986 ,
1170 2920 1192 2974 si
1205 2919 1255 2974 boc
1265 2919 1336 2991 qaod

543 3011 579 3066 de
593 3010 741 3063 attimacum
753 3008 855 3079 origine
870 3010 1024 3079 putarimus,
1040 3025 1089 3065 nec
1102 3011 1167 3074 Deo,
1183 3024 1233 3065 nec
1245 3010 1336 3079 aliquo

543 3099 674 3170 spirituaii
703 3098 810 3153 bomine
831 3098 961 3165 docente,
984 3099 1054 3154 scire
1071 3108 1202 3170 potuero,
1217 3100 1336 3170 paratior

541 3204 604 3245 serra
626 3187 790 3254 detondere,
811 3205 889 3259 qrram
913 3198 985 3245 recte
1005 3190 1085 3244 etiarn
1109 3191 1161 3245 bac
1173 3191 1254 3258 Deus,
1268 3192 1336 3247 sicut

542 3278 597 3333 alia
611 3279 704 3344 nrulta,
716 3293 765 3334 nos
779 3280 848 3334 scire
869 3280 982 3335 nolucrit
994 3321 1002 3345 ,
1016 3295 1094 3351 quam
1120 3291 1220 3338 temere
1235 3281 1335 3348 dicere,

543 3370 616 3442 qaod
635 3380 681 3427 aut
692 3372 728 3426 ita
742 3373 776 3426 sit
786 3373 973 3438 obscurarent
986 3374 1037 3429 lroc
1048 3390 1100 3429 non
1115 3374 1203 3430 solutu
1229 3374 1261 3430 ad
1272 3375 1338 3430 aiio·

545 3480 606 3520 rrum
621 3465 820 3535 intelligentiam
835 3467 982 3535 perducere
996 3483 1139 3539 nequeam,
1155 3467 1203 3523 sed
1217 3482 1267 3524 acc
1281 3468 1338 3538 ipsc

546 3557 717 3628 intelligam,
733 3569 778 3612 aut
800 3566 873 3614 certe
895 3563 975 3614 etiam
997 3560 1137 3616 haereticos
1151 3560 1258 3630 adjuvet
1270 3604 1277 3629 ,
1291 3560 1337 3631 quai

546 3661 688 3720 propterea
710 3651 871 3720 persuadere
883 3659 1013 3708 conantur
1026 3651 1059 3708 ab
1074 3652 1147 3708 omni
1157 3700 1158 3703 ,
1168 3666 1237 3708 noxa
1257 3667 1338 3724 paras

544 3757 607 3798 esse
624 3742 727 3797 animas
738 3743 927 3812 parvulorum,
943 3760 977 3799 ne
990 3744 1091 3800 scilicet
1112 3745 1205 3802 eadem
1227 3760 1296 3800 noxa
1312 3745 1338 3800 in

546 3842 683 3890 auctorem
705 3835 787 3888 boam
808 3843 927 3890 recurrat
948 3844 975 3891 et
997 3835 1108 3902 redeat,
1130 3835 1201 3907 qnod
1219 3836 1339 3891 insontes

546 3927 660 3994 arrianas,
673 3926 768 3996 quibus
780 3942 830 3982 nec
845 3928 978 3982 lavacrum
994 3929 1201 3999 regenerationis
1224 3928 1339 3983 subuen-

550 4027 637 4071 turum
663 4031 723 4071 esse
742 4016 892 4088 praescivit,
913 4016 1001 4073 dando
1014 4018 1087 4072 carni
1102 4017 1263 4087 peccatrici,
1279 4031 1339 4072 csse

548 4107 709 4179 compulerit
722 4111 896 4180 peccatrices,
911 4111 983 4166 nulla
998 4111 1166 4180 baptismatis
1179 4112 1262 4182 gratia
1277 4111 1340 4166 sub-
1357 4136 1362 4146 ·

549 4211 670 4263 rcurura,
696 4216 747 4269 qua
771 4200 917 4255 liberentur
942 4217 956 4255 a
982 4201 1152 4258 damnatione
1174 4209 1300 4272 perpetua
1330 4219 1337 4255 :

549 4292 763 4362 attonitoquidcm
778 4293 985 4348 innumerabiles
1002 4294 1097 4348 animae
1111 4293 1240 4350 inlautum
1261 4302 1338 4349 antc-

549 4399 626 4452 qaam
639 4383 815 4454 baptizentur,
828 4383 862 4439 de
876 4385 1032 4453 corporibus
1046 4393 1153 4440 exeunt.
1166 4385 1242 4440 Absit
1254 4385 1337 4451 cuim,

551 4483 579 4528 at
603 4473 654 4529 boc
684 4475 773 4530 rolens
800 4474 912 4541 diluere,
937 4475 1022 4530 dicam
1045 4491 1105 4545 qrrce
1131 4475 1188 4546 ipse
1212 4475 1301 4531 dixisti
1332 4493 1338 4530 :

553 4584 562 4616 ι
580 4565 656 4632 Quarti
670 4566 757 4620 anima
767 4581 814 4635 per
824 4581 931 4620 carnem
945 4567 1073 4622 merueril
1086 4567 1227 4636 inquinari,
1242 4575 1269 4622 et
1279 4580 1340 4622 csse

551 4657 704 4726 peccatrix,
721 4656 821 4710 nullam
836 4656 937 4713 babeas
951 4667 1012 4712 ante
1029 4668 1166 4729 peccatam
1179 4699 1186 4721 ,
1200 4674 1254 4727 qao
1269 4667 1341 4715 rcctc

552 4745 576 4799 id
588 4747 719 4800 meruisse
731 4746 835 4800 dicatur
850 4765 857 4802 ε
876 4767 886 4799 ι
899 4756 947 4803 etr
960 4749 1120 4818 quodetiam
1133 4749 1190 4803 siae
1203 4748 1341 4819 Baptismo

549 4838 690 4910 originalia
720 4834 827 4910 peccata
853 4842 989 4896 solaautur
1011 4861 1017 4896 :
1038 4851 1092 4897 ret
1108 4861 1118 4895 r
1135 4844 1205 4915 quad
1229 4860 1340 4914 regnam

551 4945 657 4999 gratique
678 4930 808 4985 catorum
831 4947 883 4986 non
898 4934 1036 5003 baptizatis
1058 4936 1084 4989 in
1099 4935 1151 4990 boc
1166 4936 1307 4990 tribuatur.
1328 4956 1338 4990 ι

552 5017 614 5075 ttae
634 5031 713 5090 atqrre
727 5019 879 5088 bujmmodi
893 5039 994 5079 tenena
1009 5024 1069 5080 idei
1089 5026 1140 5080 nisi
1154 5026 1244 5082 dicere
1263 5027 1342 5084 time-

552 5125 629 5171 rem,
653 5109 765 5166 tortasse
779 5110 814 5167 de
828 5113 877 5168 bac
893 5130 921 5169 rc
942 5116 1053 5171 detiaire
1069 5117 1167 5187 aliquid
1187 5134 1239 5174 non
1263 5119 1341 5177 timc-

552 5217 619 5257 rem.
635 5201 738 5270 baronto
753 5204 846 5259 meiius
862 5206 940 5276 igitur
960 5224 1012 5261 non
1035 5212 1177 5279 separatim
1195 5211 1229 5266 de
1253 5213 1342 5268 anima

554 5292 662 5364 disputo
674 5305 700 5347 cr
715 5297 818 5350 allirmo
832 5298 901 5366 qaod
915 5301 1021 5365 nescio;
1036 5300 1083 5356 scd
1094 5302 1164 5371 quod
1176 5304 1344 5373 apertissime

551 5385 710 5454 Apostolum
725 5386 802 5442 uldeo
814 5388 946 5456 docuisse,
963 5393 1118 5461 simpliciter
1131 5404 1217 5451 teneo.
1232 5396 1272 5451 Er
1288 5413 1342 5453 uno

553 5475 661 5531 immine
688 5493 781 5532 omues
803 5478 925 5536 homines
940 5483 1012 5537 irein
1032 5485 1279 5543 condemnationem
1299 5488 1344 5559 qui

490 5640 500 5649 .
553 5580 740 5627 nascauturex
759 5573 843 5628 Adam
859 5570 946 5645 (lione.
962 5589 989 5640 v,
1002 5574 1070 5643 te),
1086 5577 1136 5632 uisi
1150 5577 1184 5630 ita
1200 5594 1343 5634 renascan-

554 5670 596 5716 tur
611 5661 638 5716 in
652 5661 776 5730 Christo,
791 5664 868 5719 sicuti
884 5665 995 5720 instituit
1013 5675 1042 5720 ut
1063 5677 1252 5734 renascamur,
1268 5679 1343 5726 autc·

553 5767 630 5824 gaam
644 5755 919 5824 corporemoriantur,
929 5772 996 5827 quos
1011 5757 1206 5827 praedestinavit
1224 5760 1345 5819 adacter-

555 5858 615 5899 nam
630 5845 711 5899 uitam
725 5845 988 5902 misericordissimus
1008 5850 1098 5919 gratim
1110 5851 1218 5921 largitor
1232 5854 1295 5924 :qui
1306 5862 1347 5907 est

554 5944 579 5990 et
592 5934 717 6005 illisquos
727 5935 961 6005 pradestirtaritad
970 5947 1093 5993 aternam
1103 5942 1349 6012 mortemjastissi-

555 6026 740 6097 messapplicii
748 6027 890 6081 retributor
899 6043 965 6093 ;n0u
977 6031 1061 6083 solum
1068 6032 1224 6101 propterilla
1235 6049 1347 6102 grievo-

556 6115 786 6187 lentesadjiciunt,
796 6133 886 6176 uerum
901 6118 981 6176 etiam
991 6121 1012 6177 si
1021 6118 1205 6178 itriaatesnilril
1214 6124 1348 6193 adjiciam,

588 6253 596 6285 ¹
615 6261 640 6303 tn
651 6260 702 6304 itas.
714 6264 861 6307 constanter.
872 6255 984 6311 iuuenali.

1217 868 1315 923 ttbett
1335 867 1507 934 QUARTUS.

1389 1000 1497 1061 propter
1509 992 1640 1064 originale
1651 1002 1797 1066 materna.
1812 998 1960 1057 ilaecestia
1972 1001 2177 1075 illaqueatione

1388 1080 1508 1140 delinitio
1522 1100 1592 1154 mea,
1607 1097 1634 1142 ut
1644 1088 1745 1144 occdta
1760 1104 1841 1159 opera
1854 1091 1902 1149 bet
1916 1092 2123 1157 babeantsaum
2134 1112 2178 1154 so·

1387 1184 1501 1243 cretam,
1516 1178 1589 1235 sales
1604 1178 1655 1235 lide
1669 1194 1738 1237 mea.

1423 1266 1536 1325 corut
1553 1268 1610 1325 xtt.
1626 1302 1663 1312 -
1675 1274 1718 1327 ii.
1735 1273 1810 1331 Nunc
1825 1275 1890 1347 janu
1904 1287 2032 1347 quantem
2048 1278 2183 1337 nominos

1388 1360 1489 1417 dorrare
1508 1362 1646 1434 dignatur,
1662 1366 1743 1421 etiarn
1760 1369 1794 1424 ad
1816 1368 1881 1430 illud
1895 1370 1981 1434 debeo
2001 1371 2177 1441 respondere.

1388 1452 1433 1508 ubi
1452 1452 1485 1509 de
1499 1455 1587 1509 anima
1602 1456 1728 1526 loquens,
1744 1473 1833 1513 meum
1848 1475 1944 1516 manca
1965 1461 2083 1526 iterasti,
2096 1472 2178 1533 atauo

1388 1546 1500 1604 dixisti:
1524 1569 1533 1601 ι
1551 1547 1609 1604 Nan
1629 1551 1714 1619 enirn,
1736 1553 1982 1625 sicatdugustinus
2001 1554 2181 1626 patrissant·
2204 1581 2210 1588 ·

1388 1642 1530 1712 episcopus
1550 1644 1698 1713 profitetur,
1713 1646 1897 1717 incorpoream
1912 1660 1940 1705 et
1960 1652 2082 1708 eamdem
2099 1654 2180 1721 spriri-

1389 1742 1444 1788 tum
1464 1749 1524 1789 esse
1545 1735 1731 1805 permittimus.
1747 1756 1758 1791 r
1774 1738 1850 1794 Prius
1869 1740 1959 1811 itaque
1978 1749 2068 1797 nuum
2089 1743 2179 1798 arrium

1389 1826 1556 1896 incorporea,
1578 1827 1647 1882 sicut
1668 1842 1717 1897 ego
1738 1827 1803 1894 dixi,
1826 1844 1860 1885 an
1882 1844 2021 1900 corporea,
2046 1833 2113 1889 sicat
2138 1844 2175 1899 ιιι,

1388 1916 1564 1971 existimanda
1588 1917 1640 1983 sit,
1662 1916 1838 1989 disputemus.
1866 1921 1968 1977 Deinde
1988 1930 2076 1978 otram
2096 1924 2178 1979 aba

1389 2006 1448 2088 ipsa
1467 2007 1613 2062 secandum
1628 2008 1779 2079 Scripturas
1802 2021 1908 2067 nostras
1929 2011 2033 2068 dicatur
2052 2013 2179 2083 spiritus;

1388 2098 1509 2166 quamuis
1524 2099 1604 2152 etiam
1618 2100 1726 2169 proprie
1742 2100 1851 2171 spiritus
1863 2110 2040 2172 nuncupetur,
2054 2118 2107 2157 non
2122 2104 2182 2158 uni·

1388 2202 1476 2253 uersa,
1499 2187 1546 2242 scd
1568 2187 1668 2258 aliquid
1689 2187 1760 2258 ejas·
1783 2191 1823 2244 Ac
1843 2190 1959 2260 primam
1980 2191 2051 2247 scire
2070 2192 2177 2259 veliem,

1388 2295 1485 2350 corpus
1497 2281 1559 2351 quiid
1578 2295 1639 2336 esse
1652 2282 1773 2338 dcilnias.
1797 2283 1826 2339 Si
1845 2284 1916 2339 enim
1936 2299 1989 2340 non
2010 2293 2052 2341 est
2070 2300 2177 2355 corpus,

1389 2370 1439 2424 nisi
1454 2370 1525 2441 qraod
1538 2372 1665 2427 membris
1679 2373 1828 2428 carnalibus
1841 2384 1962 2441 constat;
1977 2390 2027 2431 uec
2040 2383 2109 2431 terra
2127 2376 2180 2431 erit

1388 2474 1496 2530 carpus,
1512 2475 1563 2515 nec
1576 2461 1683 2530 coettrm,
1697 2477 1748 2518 nec
1760 2462 1836 2534 lapis,
1851 2478 1903 2520 trec
1914 2477 2000 2534 aqua,
2016 2480 2067 2521 aec
2078 2464 2177 2530 sidera,

1389 2568 1438 2607 nec
1450 2553 1472 2608 si
1486 2552 1549 2622 quid
1564 2551 1715 2624 huiusmodi
1728 2562 1778 2610 est.
1793 2554 1821 2610 st
1835 2563 1924 2610 autern
1936 2570 2033 2625 corpas
2046 2564 2088 2611 est
2099 2556 2178 2626 quta-

1388 2644 1451 2714 quid
1465 2643 1611 2713 majoribus
1624 2652 1651 2700 et
1662 2644 1811 2700 minoribus
1826 2646 1882 2701 suis
1899 2645 2020 2716 partibas
2038 2646 2138 2717 majora
2151 2656 2179 2702 ct

1388 2736 1490 2789 minora
1504 2734 1589 2803 spotia
1602 2735 1723 2790 laconum
1737 2736 1918 2792 obtinentibus
1929 2744 2050 2803 consen
2065 2751 2178 2807 corpora

1388 2835 1450 2880 sant
1468 2826 1548 2880 etiam
1563 2825 1613 2880 ista
1632 2841 1691 2896 quae
1707 2826 1915 2883 commemorari
1929 2846 1935 2881 :
1949 2841 2048 2897 corpus
2066 2834 2109 2885 est
2119 2841 2176 2895 aer,

1388 2930 1487 2985 corpas
1499 2922 1541 2972 est
1554 2916 1599 2970 iar
1612 2915 1661 2971 ista
1674 2917 1796 2984 visibitis,
1810 2925 1838 2973 et
1849 2918 1939 2975 omnio
1952 2917 2022 2974 sicru
2033 2917 2180 2987 dicitbpo·

1389 3006 1488 3072 stolus,
1503 3022 1610 3077 corporo
1623 3006 1751 3075 caelestia,
1766 3016 1790 3062 et
1809 3022 1919 3078 carpam
1935 3007 2064 3064 terrestria
2077 3005 2108 3079 (l
2119 3005 2178 3066 Cor.

1389 3112 1439 3164 xv,
1454 3096 1515 3168 to).

1426 3190 1470 3243 l8.
1490 3189 1542 3244 Sed
1557 3196 1644 3243 utrum
1660 3189 1759 3260 aliquid
1774 3190 1826 3245 tale
1837 3193 1874 3247 sil
1887 3190 1987 3259 anima,
2002 3192 2180 3263 sorapatosia·

1389 3280 1457 3335 sime
1469 3294 1500 3334 ac
1515 3279 1689 3335 subtilissime
1701 3281 1839 3351 quaritur.
1858 3282 2045 3339 Verumtamen
2059 3293 2097 3350 ta,
2111 3282 2181 3343 ande

1390 3372 1437 3427 tibi
1455 3371 1570 3427 maxime
1582 3372 1709 3442 gratulor,
1724 3374 1806 3428 [leam
1822 3389 1919 3445 corpus
1936 3390 1990 3431 non
2006 3390 2067 3431 csse
2083 3376 2181 3433 contir-

1390 3476 1457 3517 mas.
1473 3461 1524 3517 Sed
1543 3476 1586 3517 me
1603 3477 1696 3517 rursus
1714 3464 1854 3520 sollicitans
1867 3464 1944 3532 tacis,
1965 3466 2109 3522 ubidiois:
2126 3486 2136 3521 ι
2150 3469 2180 3526 Si

1390 3554 1478 3609 anima
1496 3563 1570 3610 caret
1583 3570 1708 3626 corpore,
1723 3564 1753 3612 ut
1765 3558 1809 3624 sit,
1823 3558 1892 3614 sicut
1910 3559 2068 3629 quibusdam
2083 3560 2179 3631 placet.
2258 3581 2262 3586 ’

1390 3660 1473 3701 cassae
1493 3647 1640 3713 irrenitatis,
1654 3648 1734 3704 aeria
1752 3649 1887 3721 futilisque
1900 3650 2090 3708 subsentiret.
2107 3671 2118 3706 s
2133 3652 2182 3710 liis

1390 3739 1462 3794 caim
1484 3738 1536 3793 tuis
1557 3738 1646 3794 verbis
1659 3740 1758 3796 rideris
1778 3742 1908 3809 credere,
1923 3757 2006 3800 omne
2023 3742 2095 3814 quod
2108 3754 2181 3801 caret

1390 3845 1513 3901 corpore,
1525 3833 1612 3888 inanis
1626 3847 1686 3888 esse
1697 3832 1862 3891 substantiae.
1877 3835 1955 3903 Quod
1965 3834 1989 3891 si
2001 3835 2037 3890 ita
2049 3845 2102 3904 est,
2115 3851 2182 3907 que

1390 3922 1472 3978 modo
1487 3923 1570 3977 Deum
1589 3922 1671 3979 cades
1684 3924 1774 3981 dicere
1790 3940 1882 3982 carcre
1895 3941 2023 3996 corpore,
2037 3941 2088 3984 nec
2103 3927 2181 3984 dates

1390 4025 1427 4067 ne
1446 4022 1572 4082 sequatur
1594 4014 1681 4068 inanis
1699 4029 1760 4069 earn
1779 4029 1840 4071 esse
1853 4015 2030 4071 substantiael
2051 4016 2137 4072 Porro
2157 4016 2182 4072 si

1391 4109 1419 4156 et
1440 4116 1553 4172 corpore
1576 4105 1749 4169 ceretheos,
1764 4104 1835 4174 quod
1857 4105 1912 4176 jam
1927 4107 2065 4162 coalescas
2086 4122 2133 4172 cs;
2156 4116 2183 4164 et

1391 4209 1454 4249 eunt
1468 4195 1554 4249 inanis
1567 4210 1628 4251 esse
1640 4197 1806 4263 substantiae,
1820 4197 1889 4251 absit
1902 4206 1931 4252 ut
1942 4197 2035 4254 dicas:
2051 4214 2104 4254 non
2118 4214 2183 4269 ergo

1393 4285 1480 4340 inanis
1501 4287 1656 4351 substantiae
1678 4295 1728 4354 cst,
1756 4286 1884 4357 quidquid
1908 4303 2020 4357 corpore
2042 4298 2126 4345 mret-
2149 4291 2184 4346 Et

1393 4375 1453 4432 ideo
1474 4378 1518 4446 qui
1541 4379 1726 4448 incorpoream
1747 4377 1811 4432 dicit
1831 4392 1891 4434 esse
1914 4378 2041 4444 animam,
2064 4393 2118 4434 non
2140 4391 2184 4436 cst

1392 4484 1559 4539 consequens
1572 4479 1600 4524 at
1612 4485 1670 4525 eam
1685 4471 1749 4525 velit
1761 4471 1845 4526 uideri
1860 4471 1946 4526 inanis
1967 4471 2102 4543 futilisque
2116 4472 2182 4527 aab·

1393 4560 1519 4614 stantiae:
1534 4560 1595 4630 quia
1614 4568 1641 4615 et
1657 4561 1757 4628 Deum,
1771 4560 1816 4631 qai
1838 4571 1949 4618 nonest
1972 4561 2050 4616 inane
2071 4563 2180 4632 aliquid,

1393 4651 1473 4705 simul
1488 4652 1672 4722 incorporeum
1695 4654 1846 4709 contectae.
1863 4654 1929 4709 Vide
1951 4666 2039 4709 autem
2055 4664 2181 4726 qrtantam

1394 4740 1500 4796 intersit
1515 4743 1584 4797 inter
1597 4743 1624 4797 id
1641 4742 1711 4813 qaod
1726 4743 1802 4808 dico,
1820 4753 1846 4799 et
1861 4743 1930 4814 quod
1947 4754 1975 4798 tu
1989 4760 2032 4799 me
2046 4745 2183 4802 existimas

1394 4833 1493 4887 dicere.
1507 4833 1563 4904 Ego
1576 4833 1646 4888 enirn
1660 4849 1708 4889 nec
1719 4836 1799 4890 aeriae
1812 4836 1967 4891 substantias
1979 4838 2095 4892 animam
2105 4838 2186 4905 dico·,

1394 4924 1511 4994 alioquin
1532 4914 1710 4993 conparasse
1732 4927 1873 4981 coatiteor.
1900 4929 1953 4982 Aer
1967 4928 2065 4999 quippe
2087 4944 2186 5003 corpas

1394 5026 1445 5080 est,
1461 5014 1606 5070 secundum
1619 5029 1713 5070 orrrnes
1725 5016 1769 5086 qui
1781 5016 1815 5070 de
1827 5018 1984 5086 corporibus
1998 5033 2058 5075 cum
2074 5020 2185 5090 loquun-

1396 5115 1450 5171 tar,
1474 5105 1536 5176 quid
1561 5105 1704 5175 linquantur
1728 5107 1824 5162 sciunt.
1853 5107 1894 5162 'iu
1916 5117 2005 5164 autem
2029 5121 2137 5180 propter
2160 5113 2185 5166 id

1395 5198 1466 5270 qrrod
1490 5200 1674 5269 incorpoream
1696 5198 1750 5255 dixi
1774 5199 1901 5268 animam,
1923 5218 1975 5256 noa
1997 5204 2085 5259 solean
2104 5218 2186 5260 cassa

1396 5293 1542 5359 inanitatis,
1558 5291 1605 5347 sed
1619 5291 1654 5347 ab
1667 5292 1718 5347 boc
1730 5292 1830 5347 aeriam
1846 5309 1889 5349 me
1904 5294 2001 5365 putasti
2015 5311 2074 5350 earn
2089 5295 2187 5350 dixisse

1396 5383 1572 5438 substantiam
1588 5400 1595 5437 :
1611 5398 1671 5439 cunr
1685 5393 1712 5438 et
1732 5399 1829 5454 corpas
1842 5400 1900 5440 cam
1921 5401 1973 5440 nou
1988 5400 2047 5441 esse
2059 5386 2186 5450 dixerim,

1397 5476 1467 5545 quod
1483 5482 1523 5529 est
1537 5489 1602 5540 aer,
1619 5483 1646 5528 et
1659 5475 1729 5545 quod
1744 5491 1806 5532 acre
1820 5476 1953 5547 impletur,
1969 5477 2047 5532 iuane
2059 5492 2120 5534 este
2133 5494 2186 5533 aeta

1398 5566 1492 5634 possit.
1516 5564 1591 5632 erod
1607 5579 1657 5620 uec
1678 5574 1751 5622 utres
1766 5567 1804 5621 tai
1825 5576 1850 5621 tc
1868 5566 2014 5623 admonere
2034 5576 2186 5636 potueruut.

1398 5657 1467 5724 Quid
1480 5659 1550 5712 eninr
1568 5656 1641 5712 aiirrd
1662 5656 1689 5713 iu
1705 5674 1767 5726 cos,
1783 5660 1833 5714 uisi
1853 5676 1916 5727 aar,
1931 5662 2037 5731 quarrdo
2052 5662 2187 5728 iassaatur,

1398 5748 1535 5803 arctatur?
1549 5749 1598 5816 Qut
1614 5751 1778 5820 usqueadeo
1793 5751 1885 5807 inanes
1898 5767 1951 5806 non
1967 5764 2038 5818 saut,
2056 5763 2084 5809 ut
2095 5754 2189 5812 eada-rr.

1400 5840 1563 5908 plenitudiue
1577 5841 1657 5896 etiam
1682 5841 1798 5909 pandera
1822 5841 1959 5897 sufferant.
1983 5843 2060 5913 Quod
2079 5845 2102 5900 si
2121 5845 2191 5903 torta

1401 5932 1473 5986 aliud
1495 5933 1541 5986 tibi
1555 5932 1661 5987 ridetur
1681 5947 1742 5987 csse
1762 5930 1859 5999 ssatus,
1877 5932 1950 5989 aliud
1972 5948 2040 6001 aer;
2062 5950 2123 5991 cum
2145 5953 2186 5993 aer

1401 6033 1490 6076 motus
1503 6022 1559 6091 ipse
1572 6022 1606 6076 sit
1627 6021 1722 6089 ssatus,
1737 6023 1807 6092 quod
1822 6034 1848 6081 et
1867 6025 1974 6081 liabello
1987 6027 2087 6097 agitato
2101 6027 2190 6086 doceri

1403 6122 1489 6182 potest
1506 6131 1512 6166 :
1528 6123 1600 6169 certe
1614 6129 1676 6169 rasa
1695 6113 1820 6186 quaelibet
1838 6132 1953 6172 crrrrcava
1976 6134 2035 6188 quae
2055 6129 2133 6190 putas
2148 6119 2191 6173 iu-

1437 6263 1443 6291 ¹
1463 6266 1533 6316 uss..
1554 6258 1619 6309 ertia
1638 6259 1759 6323 {neritinae
1777 6258 1828 6321 inci
1848 6262 1996 6318 artbtiliscuei
2018 6264 2160 6315 sribamne

2122 884 2179 941 831
2266 940 2268 943 c
