5592 7350
514 878 549 932 aa
867 853 870 858 ’
898 891 903 898 ·
1248 876 1440 931 ca.-t;r.tt·to.
2127 894 2163 946 90

514 994 548 1052 in
562 1008 602 1052 ea
616 990 746 1052 civitate
771 990 868 1049 heato
881 985 998 1048 Ioanni
1014 985 1243 1067 Chrysostomo
1260 989 1382 1051 htticus
1404 998 1620 1063 successerat,
1646 994 1731 1055 iilius
1746 992 1817 1054 fidei
1840 996 1954 1075 dignus
1978 1003 2162 1075 attitulatur,

513 1071 572 1149 qui
587 1070 648 1129 hoc
663 1070 696 1129 in
712 1084 790 1129 castr
804 1065 940 1127 scientia
955 1082 1016 1127 sua
1031 1066 1126 1126 simui
1142 1084 1180 1127 ac
1194 1068 1368 1144 episcopali
1385 1069 1504 1129 virtute
1519 1072 1681 1139 adhibita,
1699 1090 1809 1134 eorum
1823 1076 2013 1153 legationem
2031 1082 2159 1159 rejecit,

513 1151 687 1225 antiquam
700 1147 763 1207 iliis
777 1146 928 1207 Ecclesia
941 1144 1034 1204 itdent
1047 1162 1233 1222 opponens:
1250 1146 1443 1224 eosdemque
1458 1153 1521 1208 tam
1536 1151 1654 1210 acriter
1667 1152 1830 1213 insecutus
1844 1160 1912 1225 cst,
1928 1164 1964 1216 ut
1982 1177 2021 1216 ne
2053 1162 2162 1220 consi-

515 1228 622 1290 stendi
638 1226 770 1304 quidem
785 1225 817 1284 in
831 1227 913 1285 urbe
926 1223 1086 1283 licentiam
1102 1223 1192 1284 daret
1210 1225 1217 1295 l
1223 1225 1325 1305 Infra,
1339 1226 1481 1304 Appeavl.
1519 1238 1585 1287 arte
1599 1230 1643 1308 2).
1653 1230 1737 1290 idem
1751 1238 1834 1303 acta,
1850 1251 1922 1310 quae
1936 1235 2090 1298 adversus
2104 1256 2160 1300 eos

515 1307 715 1375 coniecerat,
731 1306 865 1364 Romam
883 1301 1009 1362 direxit.
1026 1302 1062 1361 ln
1085 1303 1133 1363 his
1149 1304 1261 1380 legatis
1282 1312 1471 1364 numeratur
1488 1308 1653 1368 Coeiestius
1676 1311 1717 1368 ab
1739 1310 1777 1369 iis
1801 1312 1857 1387 qui
1880 1313 1918 1372 de
1940 1314 1999 1374 hoc
2016 1319 2159 1393 tempore

515 1384 741 1463 accipiendum
763 1386 921 1460 putarunt
942 1379 1040 1448 iilud,
1065 1381 1150 1456 quoti
1174 1385 1374 1459 Augustinus
1402 1384 1519 1454 tradit,
1545 1387 1651 1462 ipsum
1670 1387 1754 1464 apud
1778 1387 2090 1469 Constantinopolim
2118 1398 2161 1457 ab

514 1464 663 1526 exercitu
675 1462 793 1523 Christi
806 1460 999 1521 debellatum
1016 1459 1131 1539 (Infra.
1150 1461 1447 1529 contradictionum,
1464 1462 1486 1522 l.
1499 1462 1529 1534 3,
1542 1483 1574 1525 a.
1586 1463 1617 1544 h)
1632 1485 1638 1522 :
1652 1465 1737 1542 quod
1751 1465 1867 1526 iactum
1882 1470 1937 1530 alii
1948 1471 2159 1535 nihilominus

514 1544 554 1605 ad
570 1561 643 1605 eam
653 1540 791 1602 Calestii
804 1537 1207 1614 aannstantinopoiitana
1221 1539 1363 1601 Ecclesia
1376 1540 1578 1619 ejectionem,
1594 1561 1666 1621 quta
1683 1545 1801 1605 Zosimi
1811 1545 1966 1624 judicium
1981 1552 2158 1627 praecessit,

516 1622 722 1683 reiciendum
737 1618 938 1681 arbitrantur
953 1616 1081 1694 (Sapra,
1098 1634 1165 1694 cop.
1183 1616 1245 1697 ii).
1951 1636 1961 1645 ·

553 1703 716 1762 Praeterea
739 1698 888 1757 Julianus
915 1712 980 1755 una
1004 1696 1173 1755 cum-aliis
1199 1697 1422 1774 septemdecim
1444 1699 1643 1776 Pelagianis,
1668 1701 1724 1776 qui
1751 1701 1811 1761 sibi
1837 1720 1954 1763 nonren
1976 1706 2159 1786 episcopale

513 1781 743 1847 assumebant,
760 1774 1040 1844 Thessalonicam,
1057 1780 1093 1833 ut
1106 1780 1181 1835 ante
1199 1774 1262 1853 jam
1280 1776 1371 1837 uobis
1387 1777 1611 1847 observatum,
1628 1779 1666 1838 ad
1683 1779 1799 1839 linium
1817 1781 1911 1859 hujus
1927 1785 2015 1844 urbis
2031 1787 2160 1862 episeo-

537 1877 593 1919 nm
608 1858 780 1934 scripsere,
796 1858 831 1914 ut
845 1872 931 1923 eum,
947 1853 972 1912 si
1013 1868 1055 1911 uo
1069 1859 1160 1929 pacto
1175 1860 1317 1931 possent,
1335 1855 1373 1916 ad
1388 1871 1464 1915 suas
1478 1862 1584 1933 partes
1601 1857 1804 1918 traducerent
1818 1859 1935 1940 (infra,
1951 1872 2062 1922 caretro
2075 1861 2153 1925 duas

513 1877 683 2015 {pietates
699 1934 953 2071 Peioyiaaorum.
974 1871 1082 2002 bqr-1,
1102 1949 1135 1990 a.
1159 1932 1202 2011 3)·
1223 1932 1294 2006 Qua
1319 1950 1416 2010 porro
1439 1934 1466 1994 is
1489 1935 1613 1994 ratione
1636 1939 1799 2012 exceperit
1823 1938 1952 1998 illorum
1973 1941 2155 2017 epistolam,

514 2017 677 2077 nescimus
691 2033 700 2071 t
712 2018 746 2073 at
767 2013 775 2072 i
792 2011 846 2071 iud
869 2011 1024 2070 habemus
1046 2027 1105 2087 pro
1123 2017 1304 2088 comperto,
1328 2012 1474 2072 eumdem
1497 2013 1614 2072 linium
1629 2016 1670 2075 ab
1685 2015 1834 2076 Ecclesia
1849 2018 1971 2079 unitate
1989 2037 2156 2098 nunquam

515 2094 702 2155 recessisse.
718 2091 811 2165 Qnod
833 2091 859 2151 si
882 2088 1044 2167 Pelagiani
1065 2088 1231 2166 quidpiam
1254 2091 1355 2151 errori
1371 2107 1432 2151 suo
1446 2094 1647 2151 commodum
1663 2095 1705 2153 ab
1718 2092 1788 2169 ipso
1801 2096 2027 2168 obtinuissent,
2043 2102 2154 2160 neuti-

516 2190 614 2249 quam
629 2171 691 2232 sibi
706 2172 918 2247 temperasset
931 2167 1099 2238 iulianus,
1123 2168 1203 2244 quin
1226 2168 1256 2227 id
1272 2169 1377 2245 palam
1394 2170 1591 2245 predicaret.
1604 2171 1681 2231 Erat
1695 2172 1840 2249 alioquin
1857 2174 1925 2250 ipse
1942 2176 2157 2237 Thessaloni-

518 2252 620 2312 censis
631 2250 767 2311 antistes
786 2265 851 2324 pree
866 2245 986 2307 ceteris
1002 2245 1169 2306 devinctus
1184 2247 1374 2323 Apostolicte
1388 2248 1477 2319 Sedi,
1494 2266 1618 2308 necnon
1633 2248 1672 2310 ad
1689 2251 1950 2312 subscribendam
1965 2257 2157 2317 sententiam

521 2332 736 2468 iiolmanornlpt
752 2325 938 2404 pontificum
959 2323 1021 2386 hoc
1035 2324 1166 2385 nominc
1179 2325 1372 2402 obstrictus,
1394 2327 1482 2404 quod
1496 2328 1600 2389 eidem
1614 2329 1655 2389 ab
1675 2328 1752 2405 ipsis
1769 2329 1823 2389 aiii
1842 2329 1875 2389 iu
1890 2331 2019 2410 illyrico
2032 2338 2157 2396 melro-

571 2408 695 2469 itanisu
722 2406 904 2466 'icerentun

518 2426 671 2547 poProcul
692 2425 791 2545 diruto
813 2501 878 2544 non
902 2482 1091 2547 commisere
1115 2482 1208 2544 iidem
1233 2482 1389 2555 haretici,
1413 2484 1491 2560 quin
1514 2486 1710 2562 Ephesinam
1732 2504 1864 2563 qnoque
1885 2488 2074 2562 Ecclesiam,
2100 2492 2155 2552 ubi

519 2565 683 2626 Calestius
702 2564 744 2624 ob
765 2562 922 2623 diutinam
945 2561 978 2619 in
999 2577 1037 2621 ea
1058 2562 1342 2621 commorationem
1367 2563 1465 2622 variis
1489 2563 1569 2623 iorte
1587 2564 1877 2626 necessitudinibus
1891 2567 2061 2644 gaudebat,
2077 2588 2155 2646 per-

517 2650 695 2705 tentarent:
708 2645 741 2704 et
754 2641 921 2703 ridebatur
934 2656 1012 2700 saue
1025 2639 1092 2700 hoec
1107 2639 1162 2701 illa
1177 2640 1338 2712 Ecclesia,
1360 2657 1432 2717 quae
1448 2659 1506 2718 per
1526 2641 1774 2719 imprudentiam
1794 2643 2041 2706 heresiarcham
2058 2646 2155 2707 istum

517 2723 547 2783 in
568 2723 835 2801 presbyterorum
856 2718 1055 2781 consortium
1076 2724 1298 2796 coaptaverat,
1317 2720 1528 2796 suscipienda
1549 2720 1650 2797 ipsius
1667 2721 1844 2782 defensioni
1863 2725 2065 2799 praecunctis
2081 2726 2153 2785 aliis

517 2804 617 2880 magis
632 2800 789 2862 obnoxia.
805 2797 1020 2859 Nihilominus
1036 2801 1221 2858 tamennon
1239 2799 1372 2876 tempori
1393 2799 1451 2858 uili
1472 2798 1692 2873 commodius,
1711 2816 1809 2878 quam
1825 2801 1877 2861 isti
1893 2801 1989 2863 bosco
2004 2804 2154 2880 Prosperi

517 2899 627 2942 rcrsus
643 2878 826 2958 aptaveris:

975 2954 1109 3009 Praetereo
1123 2964 1221 3023 quanto
1235 2956 1313 3009 inerit
1327 2956 1394 3010 benc
1411 2967 1480 3010 mom
1496 2955 1609 3010 tumultu

975 3024 1051 3077 Clara
1067 3025 1196 3092 Ephesos,
1212 3043 1263 3079 ntra
1277 3041 1352 3094 passa
1366 3027 1422 3079 sais
1434 3029 1580 3081 consistere
1591 3027 1665 3082 tectis

978 3094 1044 3148 lasa
1061 3096 1116 3159 irae,
1127 3106 1153 3149 ct
1164 3096 1247 3150 tuorbi
1264 3097 1351 3154 iiatas.
1363 3108 1387 3149 ct
1403 3097 1502 3149 semina
1518 3096 1621 3152 nitu-tis.

1296 3165 1393 3237 (iasar,
1410 3167 1525 3237 appetiti.
1541 3176 1608 3237 part.
1622 3166 1662 3240 ἓ.)

552 3287 701 3360 Quonam
723 3301 811 3345 anno
835 3300 929 3344 snum
953 3281 1031 3342 iliud
1057 3280 1091 3341 in
1116 3282 1304 3360 Pelagianos
1325 3284 1433 3344 odium
1450 3286 1517 3345 ista
1541 3302 1652 3347 omnes
1676 3287 1826 3349 Ecclesiae
1848 3289 2151 3365 protessetuertnt.

517 3367 647 3425 minime
672 3366 798 3442 liquet:
816 3363 876 3423 hoc
900 3366 1005 3422 tamen
1032 3360 1130 3420 videri
1149 3367 1254 3438 potest
1277 3380 1340 3421 non
1364 3368 1439 3423 ante
1463 3365 1539 3423 anni
1561 3365 1869 3442 quadringentesimi
1892 3369 2037 3445 vigesimi
2059 3369 2152 3446 primi

516 3446 637 3505 exitum
651 3441 825 3511 accidisse;
840 3439 970 3517 quando
984 3440 1183 3519 Augustinus
1199 3440 1230 3499 in
1252 3457 1312 3500 suo
1327 3447 1439 3501 contra
1454 3442 1618 3501 lulianum
1633 3460 1748 3520 opere,
1771 3445 1908 3522 scripto,
1923 3448 1969 3506 uti
1985 3454 2153 3523 putamus,

517 3523 625 3583 codem
641 3520 960 3600 quadringentesimo
975 3519 1131 3598 vigesimo
1147 3518 1249 3594 primo
1265 3535 1351 3580 auno
1365 3526 1421 3579 aut
1439 3521 1535 3596 paulo
1551 3528 1639 3597 post.
1655 3523 1777 3581 nuliam
1791 3523 1860 3601 ejus
1876 3525 1922 3584 rei
1939 3525 2047 3586 iecerit
2062 3544 2154 3585 men-

516 3604 650 3673 tionem,
681 3599 832 3677 quamvis
855 3597 894 3659 ad
922 3597 953 3657 id
980 3597 1105 3659 occasio
1127 3596 1295 3667 invitaret3
1323 3598 1493 3676 solumque
1512 3598 1649 3660 Cteiestii
1668 3601 1753 3679 apud
1767 3600 2077 3681 Constantinopolim
2095 3603 2153 3663 de-

514 3680 815 3758 bellati,quodante
826 3696 947 3739 annum
956 3677 1307 3755 quadringentesimum
1319 3679 1477 3739 decimum
1489 3684 1637 3740 octavum
1648 3682 1837 3759 contigerat,
1847 3684 2032 3744 recordatus
2046 3684 2152 3744 inerit.

552 3762 664 3836 Neque
674 3764 786 3820 sancto
799 3757 1043 3833 huicepiscopo,
1059 3774 1166 3832 neque
1177 3757 1334 3833 Prospero
1349 3757 1560 3819 innotuilalia
1570 3759 1720 3820 Ecclesia
1730 3761 1897 3822 orientalis
1913 3780 1972 3839 pro
1983 3763 2054 3823 hdei
2068 3779 2153 3823 catt-

514 3855 548 3900 sa
565 3844 677 3908 contra
693 3837 856 3915 Pelagium
872 3835 976 3912 ipsum
991 3834 1143 3913 synodica
1160 3834 1344 3896 declaratio.
1361 3837 1484 3896 Etenim
1501 3855 1574 3896 cum
1592 3838 1738 3897 eumdem
1751 3839 2006 3908 iraresiarcham,
2020 3841 2075 3918 qni
2092 3841 2154 3900 cir·

513 3917 693 3977 rumventis
709 3915 868 3993 episeopis
884 3916 917 3973 in
933 3914 1153 3990 Diospolitana
1169 3915 1291 3991 synodo
1304 3916 1472 3975 absolutus
1484 3915 1581 3976 inisse
1591 3916 1770 3988 videbatur,
1783 3923 1989 3979 accusatores
2003 3921 2052 3979 sui
2066 3919 2151 3996 apud

513 3997 610 4056 aliam
625 3997 897 4072 persequerentur
909 3992 1079 4071 synodum,
1098 3993 1149 4053 cui
1165 3993 1348 4053 Theodotus
1361 3995 1531 4071 episcopus
1549 3996 1767 4056 antiochenus
1787 3997 1989 4074 praesidebat,
2007 4015 2070 4057 non
2088 4015 2154 4075 po-

513 4075 574 4134 tuit
596 4074 651 4134 ille
673 4072 851 4150 versipellis
870 4088 978 4132 coram
1000 4088 1039 4131 eo
1053 4075 1211 4131 conventu
1227 4072 1366 4151 latitare,
1381 4073 1434 4132 sed
1457 4074 1615 4133 haereseos
1632 4074 1799 4135 convictus
1815 4094 1833 4136 e
1853 4077 1971 4136 sanctis
1984 4077 2155 4156 lerosoly-

514 4171 642 4212 morum
659 4151 739 4213 iocis
763 4152 952 4212 exturbatus
968 4155 1026 4210 est.
1053 4150 1212 4210 hicrcator
1226 4151 1306 4211 adeo
1325 4152 1543 4211 memorabilis
1566 4153 1671 4212 eventi
1695 4154 1783 4213 testis
1799 4156 1927 4226 unicus,
1944 4155 2097 4215 Theodoti
2113 4169 2173 4216 ac·

515 4231 633 4309 Prayiii
648 4229 908 4308 lerosolymitani
927 4230 1081 4288 antistitis
1092 4228 1243 4304 epistolas
1263 4230 1321 4291 hac
1339 4230 1378 4290 de
1395 4230 1484 4290 read
1507 4231 1597 4291 urbis
1617 4232 1724 4291 iiomrc
1749 4232 1936 4310 episcopum
1961 4233 2051 4293 datas
2078 4233 2154 4293 citat

515 4309 640 4387 (ibid).
666 4309 770 4370 Fuere
795 4307 934 4385 proiecto
950 4307 1067 4384 Pelagii
1083 4311 1159 4366 tunc
1183 4313 1386 4370 accusatores
1404 4309 1448 4368 iiii
1475 4310 1533 4386 ipsi
1558 4310 1775 4381 celeberrimi,
1802 4311 1902 4370 lieros
1931 4315 1962 4371 et
1988 4313 2150 4383 Lazarus,

514 4389 569 4466 qui
591 4389 650 4448 soli
675 4388 706 4448 id
728 4387 871 4447 muneris
894 4387 925 4446 in
950 4387 1045 4447 istum
1072 4386 1162 4445 obirc
1190 4386 1378 4451 voluerant.
1407 4405 1554 4465 quosque
1576 4388 1677 4448 tacitis
1705 4406 1816 4449 trorum
1843 4390 2026 4450 nominibus
2056 4390 2153 4466 paulo

514 4475 589 4528 ante
609 4467 771 4528 Mercator
799 4464 1003 4525 indicaverat.
1034 4466 1138 4540 Atque
1165 4465 1244 4526 adeo
1265 4466 1413 4526 videntur
1437 4467 1611 4545 Pelagium,
1628 4467 1682 4526 ubi
1707 4469 1842 4544 primum
1866 4472 1911 4528 eis
1939 4469 2046 4540 licuit,
2068 4469 2153 4544 apud

514 4546 716 4605 Theodotum
732 4544 882 4621 persequi
897 4544 1057 4604 debuisse.
1072 4543 1154 4602 iiiuc
1168 4547 1259 4620 putat
1272 4545 1414 4605 ioannes
1431 4545 1619 4612 Carnarius,
1635 4546 1833 4606 Theodotum
1850 4564 1887 4607 ac.
1902 4548 2063 4624 Praylium
2080 4565 2154 4606 me-

515 4628 655 4685 moratas
671 4624 793 4684 litteras
806 4623 873 4702 jam
889 4622 961 4683 inde
979 4624 1019 4682 ah
1033 4622 1352 4700 quadringentesimo
1366 4624 1489 4683 decimo
1503 4626 1640 4700 septimo
1658 4642 1757 4695 anuo,
1772 4626 1860 4684 obitu
1875 4625 2051 4685 iunocentii
2068 4641 2154 4684 non-

513 4701 589 4762 dum
604 4706 781 4781 comperto,
794 4702 962 4779 scripsisse
979 4700 1134 4761 adversus
1148 4701 1238 4760 ilium
1254 4701 1500 4762 heresiarcham
1518 4702 1704 4778 (tierrirerias
1723 4704 1757 4762 in
1774 4704 1991 4766 Mercatorem.
2006 4720 2101 4839 WX'
2113 4702 2153 4762 25

514 4789 542 4841 rt
560 4781 645 4862 209).
657 4783 778 4843 Verum
795 4781 918 4841 tametsi
935 4779 1003 4840 beri
1019 4779 1169 4857 potuerit,
1180 4784 1215 4839 ut
1231 4780 1451 4857 episcopatum
1464 4782 1529 4858 jam
1548 4783 1617 4857 ipso
1635 4797 1721 4841 amm
1736 4781 2050 4859 quadringentesimo
2086 4782 2155 4842 eci-

514 4877 568 4920 mo
582 4862 720 4938 septimo
738 4864 863 4936 gereret
876 4858 1079 4930 Theodotus3
1097 4858 1177 4918 nihii
1199 4863 1305 4918 tamen
1321 4859 1450 4921 credere
1466 4877 1524 4918 nos
1543 4859 1716 4935 corripellit,
1738 4860 1898 4938 Prayiium
1921 4860 2031 4920 eodem
2055 4859 2153 4921 leriae

514 4945 656 5016 tempore
671 4940 711 5000 de
724 4939 852 5018 Pelagio
865 4938 1031 5014 scripsisse
1048 4937 1079 4996 in
1095 4943 1266 5014 utramque
1279 4943 1415 5014 partem.
1432 4938 1575 4997 Vidimus
1590 4937 1759 5015 siquidem,
1775 4956 1847 4997 eunt
1863 4939 1923 4998 hoc
1936 4938 2005 5016 ipso
2015 4955 2101 4999 anno
2113 4939 2152 5000 ad

514 5018 730 5096 episcopalem
746 5015 933 5097 dignitatem
945 5022 1101 5085 evectum,
1123 5015 1209 5076 iliius
1227 5016 1330 5094 gratia
1345 5017 1467 5077 litteras
1483 5015 1522 5078 ad
1538 5017 1719 5076 itomanam
1735 5016 1916 5095 pontificem
1930 5018 2054 5079 dedisse
2079 5036 2152 5094 quta

515 5097 647 5158 Romam
663 5114 775 5157 mense
790 5103 914 5157 tantum
928 5095 1099 5173 septembri
1115 5101 1331 5173 pervenerant
1348 5095 1475 5173 (Sapra,
1492 5114 1559 5174 cop.
1578 5093 1640 5172 15).
1655 5096 1858 5173 Quapropter
1873 5097 1971 5158 iocari
1985 5098 2153 5174 aliquanto

515 5177 618 5236 serius
632 5173 739 5253 potest
751 5174 908 5236 Theodoti
924 5174 1108 5244 concilium,
1124 5173 1191 5234 sive
1203 5179 1276 5250 post
1289 5174 1528 5235 damnationem
1547 5174 1665 5251 Pelagii
1681 5192 1739 5252 per
1765 5175 1927 5236 Zosimum
1951 5193 2037 5236 anuo
2067 5193 2153 5251 qua-

513 5253 765 5333 dringentesimo
782 5253 903 5315 decimo
917 5260 1032 5315 octavo
1047 5254 1296 5331 promulgatam,
1314 5254 1380 5313 sive
1396 5254 1492 5313 etiam
1507 5260 1580 5330 post
1594 5254 1716 5313 obitum
1734 5254 1931 5332 Hieronymi,
1948 5254 2050 5330 quiin
2068 5255 2151 5313 diem

514 5334 712 5411 trigesimam
727 5333 914 5411 septembris
929 5333 1006 5393 anni
1027 5332 1333 5412 quadringentesimi
1351 5332 1494 5411 vigesimi
1516 5332 1644 5402 incidit3
1659 5336 1735 5410 quia
1755 5351 1820 5392 non
1844 5334 2055 5394 commisisset
2077 5333 2153 5392 iiie·

515 5429 683 5491 ronymus,
697 5412 777 5490 quin
789 5412 1027 5491 optatissimum
1041 5410 1197 5489 ejusmodi
1215 5411 1375 5484 nuntium,
1388 5413 1416 5472 si
1428 5412 1532 5473 adhuc
1546 5412 1579 5471 in
1595 5411 1673 5472 vivis
1687 5410 1811 5485 luisset,
1828 5412 2007 5490 Augustino
2022 5411 2152 5487 signiti-

516 5498 612 5551 caret.

553 5570 631 5630 Cum
646 5572 820 5648 perimeret
830 5567 868 5630 ad
887 5569 1132 5629 antiochensem
1148 5569 1400 5644 patriarchatum
1412 5569 1534 5640 Cilicia,
1552 5570 1594 5630 ibi
1620 5587 1750 5647 quoque
1773 5570 1805 5630 in
1824 5569 2012 5646 provinciali
2028 5569 2150 5647 synodo

513 5647 654 5709 damnati
672 5647 763 5709 iuerc
776 5648 950 5727 Pelagiani.
965 5646 1049 5721 Quin
1065 5647 1161 5707 etiam
1177 5647 1318 5707 iamosus
1332 5648 1385 5708 ilie
1401 5648 1589 5709 'iiteodorus
1602 5649 1885 5727 Mopsuestiensis,
1901 5648 1956 5723 qui
1973 5647 2068 5725 hujus
2089 5648 2151 5708 itte·

516 5743 622 5788 reseas
637 5745 757 5806 parcns
768 5727 929 5793 audiebat,
944 5726 1000 5805 qui
1016 5726 1160 5787 eamdem
1174 5726 1258 5785 edito
1274 5727 1304 5786 in
1320 5726 1552 5805 hieronymum
1571 5733 1601 5787 et
1615 5729 1828 5806 augustinum
1845 5744 1941 5803 opere
1955 5725 2150 5797 defenderat,

515 5808 568 5882 qai
584 5806 722 5884 denique
734 5807 865 5867 tuliano
882 5806 1019 5883 aliisque
1032 5805 1201 5881 precipuis
1218 5805 1361 5883 eiusdem
1376 5808 1520 5882 patronis
1539 5807 1637 5884 paulo
1660 5812 1733 5865 ante
1756 5804 1935 5883 perfugium
1956 5807 2150 5882 praebuerat,

515 5885 668 5947 adversus
684 5886 850 5948 lulianum
872 5886 1007 5962 ipsemet
1030 5884 1064 5943 in
1087 5884 1198 5945 eodem
1220 5885 1360 5944 concilio
1379 5886 1550 5946 anathema
1567 5886 1795 5961 pronuntiavit.
1816 5883 1849 5943 ld
1869 5883 2028 5943 Mercator
2046 5884 2151 5963 prodit

516 5962 631 6025 iactum
647 5984 716 6026 esse
732 5971 805 6043 post
816 5964 936 6024 iuliani
952 5965 1137 6025 abscessum
1155 5981 1173 6023 e
1187 5962 1297 6024 Cilicia
1312 5983 1320 6022 ε
1336 5980 1402 6040 quo
1418 5964 1568 6023 nimirum
1578 5963 1850 6032 iile,0ccideutem
1865 5978 1952 6022 anno
1966 5962 2046 6024 torte
2061 5981 2151 6042 qua-

515 6041 764 6122 dringentesimo
785 6043 941 6122 vigesimo
963 6044 1065 6118 primo
1088 6042 1287 6120 relinquens,
1317 6047 1452 6102 exarata
1482 6044 1574 6110 mari,
1603 6050 1634 6102 et
1663 6043 1811 6111 instrato,
1841 6040 1947 6117 inquit
1976 6042 2149 6114 Mercator,

516 6122 656 6190 Oriente,
668 6123 702 6184 id
714 6127 774 6191 cst,
790 6124 865 6184 lisia
882 6123 1017 6189 minore,
1037 6139 1108 6182 sese
1122 6139 1195 6182 cum
1210 6122 1329 6182 erroris
1345 6124 1376 6181 et
1387 6122 1494 6181 exsilii
1509 6122 1603 6182 sociis·
1619 6119 1905 6198 receperat(insro,
1919 6121 2150 6212 Appendpnr-

519 6213 544 6261 te
556 6202 599 6280 Ξ).
616 6203 678 6265 Nec
690 6203 781 6264 deest
797 6203 853 6280 qui
870 6201 1156 6263 commorationem
1168 6199 1253 6261 illam
1269 6201 1388 6261 tuliani
1405 6201 1489 6278 apud
1503 6200 1717 6270 'silendos-nm,
1730 6205 1762 6259 et
1775 6201 1858 6260 maia
1880 6200 1951 6260 inde
1966 6219 1997 6259 tn
2021 6218 2149 6259 omnem

518 6283 632 6342 circum
657 6284 823 6362 regionem
836 6281 976 6359 proiecta
993 6296 1123 6340 causam
1138 6279 1292 6341 habendae
1307 6279 1381 6340 huic
1399 6280 1431 6338 in
1450 6279 1559 6340 Cilicia
1577 6279 1699 6358 synodo
1713 6278 1837 6339 dedisse
1852 6280 2002 6357 opinetur
2016 6277 2148 6351 [Gerar-

518 6360 581 6424 ries
596 6363 629 6425 ia
642 6363 862 6431 Mercatovcm,
875 6378 941 6438 pag
966 6359 1049 6438 aia).
1075 6358 1280 6421 Theodorum
1305 6359 1427 6421 adierat
1443 6359 1605 6443 lulianus,
1618 6365 1698 6423 lesio
1715 6356 2021 6438 hiertatoto,utah
2030 6372 2155 6436 propo«
