5592 7350
514 913 569 969 bid

516 1029 540 1081 ei
562 1026 752 1080 cotrtroversiae
776 1023 935 1079 ntorcmlum
961 1032 1093 1091 putarunt.
1109 1021 1184 1090 Qrod
1197 1032 1223 1076 et
1237 1020 1313 1076 nobis

516 1118 630 1173 irrisitao
642 1118 807 1186 contigisset,
824 1117 845 1170 si
860 1117 971 1169 cervicis
985 1116 1011 1168 in
1026 1116 1071 1169 iilo
1081 1115 1182 1185 judicio
1197 1116 1314 1170 serlisse-

515 1222 587 1261 tarvis.
603 1208 631 1261 Si
642 1207 714 1261 enim
727 1223 773 1276 pro
787 1221 820 1260 eo
834 1206 905 1274 epurrd
924 1206 1040 1277 positum
1054 1215 1095 1260 eat
1110 1206 1207 1275 [lignus
1221 1248 1228 1273 ,
1245 1207 1316 1276 prosi·

515 1308 572 1353 tum
585 1309 656 1355 esset
677 1298 894 1362 Pnedestinotus,
908 1299 950 1352 vel
963 1297 1060 1367 aliquid
1071 1297 1233 1368 huiusmodi,
1249 1298 1314 1353 nilvii

515 1401 590 1447 certe
616 1391 735 1459 scrupuli
761 1399 880 1459 tangeret
899 1400 978 1460 atqirc
1000 1398 1111 1457 erigeret
1133 1389 1251 1443 arrianum
1268 1400 1316 1443 :ct

516 1492 607 1542 mirrea
622 1485 644 1537 si
660 1484 776 1548 dicator,
793 1498 854 1536 ema
875 1482 919 1553 qui
934 1499 982 1551 per
994 1481 1154 1536 electionem
1167 1483 1259 1551 gratie
1269 1481 1314 1550 jn-

516 1574 660 1640 stilicator,
672 1574 753 1628 nullis
762 1574 869 1643 nitidem
882 1571 1096 1643 praecedentibus
1110 1572 1212 1625 meritis
1224 1571 1313 1639 bonis,

516 1663 564 1721 sed
573 1664 754 1719 destinatione
763 1664 871 1733 dignum
886 1663 985 1727 vocari,
998 1662 1068 1715 sieut
1081 1664 1183 1716 electus
1194 1672 1313 1729 vocatur,

516 1765 607 1811 vtrvtm
624 1756 666 1810 vel
689 1764 772 1817 certe.
788 1755 830 1810 vcl
845 1754 953 1808 minima
967 1753 1114 1808 oliensione
1134 1752 1316 1822 intelligentiae

515 1849 568 1904 diei
585 1849 680 1917 possit,
707 1848 814 1904 diitleile
833 1848 976 1918 judicator.
1001 1846 1067 1901 Nam
1080 1855 1208 1915 quarrtom
1224 1845 1257 1899 ad
1272 1859 1316 1900 me

515 1940 624 1997 satiaret.
638 1940 673 1993 alr
688 1940 738 1993 lroc
753 1940 835 1993 rcrlro
857 1937 932 1993 iacile
946 1938 1108 1999 transirem,
1124 1935 1174 1992 nisi
1190 1952 1232 1991 me
1248 1936 1316 1990 libcr

514 2031 571 2095 ille,
583 2030 628 2086 eni
637 2030 772 2100 naporrdi,
782 2032 824 2083 nbi
834 2031 943 2084 omnino
951 2028 1049 2082 nuliam
1061 2028 1125 2082 dicit
1134 2028 1179 2081 lici
1190 2028 1314 2097 gratiam,

513 2121 567 2186 1ςίκί
575 2130 699 2175 naturam
710 2129 828 2175 nostram
836 2135 895 2175 curo
905 2119 1114 2184 iibcruarbitrio,
1123 2118 1235 2188 gratiam
1244 2132 1317 2172 crea·

514 2220 603 2265 turam
616 2210 677 2277 ¹,dc
689 2210 770 2280 ipsius
782 2209 879 2279 Pelagii
891 2223 970 2263 sensu
982 2209 1124 2263 sollicitam
1138 2206 1273 2271 redderet,
1282 2222 1316 2262 ne

513 2298 586 2358 teo
602 2301 653 2352 iioe
677 2300 786 2356 verbum
802 2314 853 2353 aron
868 2298 902 2353 dc
915 2298 1071 2368 negligentia
1089 2296 1251 2363 locationis,
1267 2296 1316 2352 sed

512 2393 549 2447 dc
568 2392 708 2462 diligentia
731 2391 863 2461 dogmatis
885 2392 984 2450 curarit
998 2392 1127 2446 ivrsererc.
1139 2390 1198 2446 iam
1212 2405 1242 2445 ea
1256 2403 1315 2459 quae

512 2491 621 2540 restant
638 2482 797 2548 laevissima,
814 2482 848 2535 ita
861 2482 965 2550 jndices
978 2491 1192 2548 commoverunt,
1207 2489 1235 2535 ut
1255 2490 1316 2535 ante

512 2575 722 2646 respersionem
733 2574 831 2644 Pelagii
843 2574 993 2628 ‹laronanda
1004 2584 1154 2630 censerent.

552 2667 668 2725 CAPUT
687 2666 779 2723 XViil.
803 2697 831 2706 -
850 2668 894 2723 li.
914 2667 980 2721 Nam
993 2666 1018 2721 in
1032 2675 1107 2721 sexto
1121 2667 1238 2736 capitulo
1251 2665 1315 2721 Coe·

513 2760 587 2818 iestii
603 2761 664 2814 iilrri
675 2760 788 2829 positum
801 2753 933 2827 aripertum
950 2766 1001 2825 est,
1018 2775 1027 2808 ι
1039 2757 1120 2814 l'iiios
1133 2758 1178 2811 bet
1189 2773 1240 2810 eron
1254 2772 1316 2826 pos·

517 2867 551 2907 se
571 2851 679 2916 rocmi,
698 2851 747 2905 nisi
770 2849 843 2903 rrrrrni
863 2849 943 2904 modo
964 2849 1065 2919 absque
1087 2858 1195 2917 peccato
1218 2845 1315 2903 luerint

517 2942 636 3002 cuceri.»
657 2941 731 2996 Unde
749 2939 894 2995 sccirndmn
918 2940 1003 3007 ipsum
1028 2937 1127 2994 dictum
1153 2947 1204 3004 ost,
1231 2953 1316 3004 neriae

516 3034 670 3105 antistitium
697 3032 805 3087 Paulum
825 3045 884 3085 esse
902 3031 983 3084 lilium
1008 3029 1065 3093 oet,
1081 3029 1126 3099 qui
1152 3028 1229 3094 dixit,
1255 3025 1316 3081 Non

516 3126 588 3193 parad
597 3126 654 3198 jara
670 3124 817 3193 occeperim,
831 3133 875 3175 out
887 3124 954 3189 qnod
965 3123 1020 3193 jeria
1037 3121 1161 3190 graticciata
1177 3120 1225 3175 aira
1241 3117 1318 3192 (etit-

518 3219 587 3287 ir'pp.
616 3233 653 3279 ιιι,
677 3214 731 3285 ta).
752 3214 779 3269 ln
803 3214 917 3284 septimo
938 3213 1064 3283 capitulo,
1083 3211 1270 3267 «Oblivionem
1290 3219 1318 3266 et

518 3309 697 3381 igrmrantiam
710 3324 763 3363 ιιοιι
777 3309 914 3377 subjacere
933 3316 1051 3378 peccato,
1063 3307 1187 3377 quoniam
1207 3321 1259 3361 non
1272 3321 1317 3361 se·

520 3400 639 3462 cundum
654 3402 817 3456 voluntatem
830 3401 967 3466 eveniunt,
982 3400 1027 3455 sed
1041 3398 1187 3455 secundum
1198 3398 1318 3453 necessi-

523 3500 618 3546 tatem.
633 3508 643 3542 ι
657 3490 724 3545 Cum
738 3489 819 3544 Darid
834 3489 923 3552 dicat,
940 3488 1037 3543 Delicta
1047 3489 1187 3560 jaroeatrrtir
1206 3503 1267 3541 naen
1287 3504 1319 3541 ae

519 3583 664 3637 ιιιιιιίιιιιίι
678 3592 701 3636 et
715 3582 865 3654 igrioraatioe
884 3599 945 3637 nreoe
957 3582 1042 3654 (Psoi.
1056 3597 1131 3649 niv,
1144 3579 1172 3656 t)
1189 3599 1196 3635 t
1210 3589 1238 3635 ct
1256 3595 1317 3636 cum

519 3674 549 3731 io
562 3675 620 3745 iege
633 3674 763 3729 sacriiicia
778 3690 826 3743 pro
840 3674 986 3744 ignorantia
1001 3675 1070 3728 sicut
1087 3690 1135 3742 prro
1152 3680 1261 3744 peccato
1275 3670 1317 3727 ol-

519 3764 641 3820 lcnntur
655 3761 745 3836 (Levia
757 3763 808 3835 tv).
820 3764 848 3819 Ιιι
857 3764 961 3818 decimo
975 3763 1101 3834 capitulo,
1119 3763 1196 3819 «Noa
1209 3777 1269 3819 esse
1282 3762 1317 3819 li-

519 3855 617 3912 bermn
629 3855 778 3920 arbitrium,
793 3855 815 3910 si
830 3854 877 3910 Dei
892 3855 1009 3925 indigeat
1020 3855 1132 3921 auxilio,
1144 3855 1269 3923 navarriam
1291 3854 1317 3909 in

519 3947 628 4018 propria
636 3947 772 4005 voluntate
780 3945 1098 4016 habetnnnsqnisqneaut
1109 3932 1315 4016 iacereaiiqnid,

519 4048 566 4094 aut
579 4053 634 4093 noo
650 4037 750 4094 tacere.
769 4057 780 4092 r
797 4038 825 4093 lo
838 4038 996 4094 duodecimo
1010 4037 1135 4107 capitulo,
1150 4055 1159 4089 ι
1173 4036 1317 4093 Victoriam

519 4139 640 4191 nostram
652 4147 704 4186 non
719 4146 752 4185 ex
767 4130 814 4185 liei
824 4145 884 4186 esse
896 4130 1039 4200 adjutorio,
1051 4129 1097 4185 scd
1106 4145 1139 4187 et
1148 4129 1232 4184 libero
1245 4129 1318 4184 arbi·

520 4221 573 4277 irio
589 4238 597 4276 ε
616 4239 626 4272 ι
641 4220 712 4291 qnod
723 4220 822 4276 inierrc
835 4221 921 4276 dictos
935 4233 975 4276 est
984 4221 1025 4275 lais
1036 4220 1134 4285 verbis,
1148 4219 1263 4275 ‹Nerstra
1277 4227 1332 4287 cst,

520 4310 646 4377 victoria,
672 4311 798 4382 quoniam
817 4311 923 4382 propria
947 4311 1081 4366 voluntate
1102 4325 1176 4365 arma
1199 4310 1318 4379 suscepi·

520 4414 599 4465 pms;
614 4401 710 4455 sicute
724 4402 988 4457 contrarionostrum
1002 4412 1044 4456 est
1058 4400 1165 4470 quando
1178 4400 1317 4467 vincimur,

520 4491 647 4562 qaroviiarn
662 4492 760 4546 armari
773 4493 878 4562 propria
890 4493 1024 4548 voluntate
1036 4492 1272 4562 contempsimus.»
1287 4493 1319 4547 Et

520 4581 556 4638 de
573 4581 697 4651 apostolo
713 4582 794 4638 Petro
814 4583 903 4653 posuit
927 4583 1119 4650 testimoninm,
1133 4602 1142 4636 ι
1155 4583 1250 4638 divinae
1268 4600 1319 4640 nos

520 4688 583 4729 csse
609 4683 751 4730 consortes
768 4685 869 4730 naturae
887 4694 896 4727 r
915 4675 948 4749 (ll
962 4674 1035 4731 Petr.
1058 4692 1075 4739 ι,
1102 4677 1142 4748 l).
1161 4677 1193 4732 Et
1211 4677 1319 4748 syllogi-

519 4780 610 4820 smum
630 4765 718 4821 iacere
732 4767 847 4822 dicitur:
865 4767 1015 4836 ‹eroainm
1027 4769 1050 4824 si
1065 4769 1151 4823 anima
1167 4785 1218 4823 vion
1232 4777 1320 4840 potest

521 4872 583 4912 esse
606 4857 665 4912 sine
685 4869 804 4927 peccato,
820 4873 885 4929 crgo
909 4868 937 4914 ct
960 4860 1029 4916 brus
1056 4861 1175 4930 suirjaeet
1199 4871 1318 4932 peccato,

521 4950 599 5017 crrjus
617 4962 690 5018 pars,
705 4948 756 5004 boc
768 4958 809 5004 cst
823 4951 929 5017 attinio,
946 4961 1056 5022 peccato
1067 4953 1182 5008 obnoxia
1195 4965 1245 5008 est.
1263 4973 1272 5004 ι
1290 4954 1316 5009 in

523 5039 720 5095 tertiodecimo
733 5041 850 5108 capitulo
863 5041 936 5108 dicit,
951 5061 960 5095 ι
980 5041 1109 5111 Quoniam
1125 5045 1316 5114 poeiritcmibus

523 5131 664 5187 ernianon
685 5132 764 5188 datur
777 5134 923 5189 secundnm
938 5137 1048 5206 gratiam
1063 5148 1091 5193 ct
1108 5139 1318 5193 arrisericrrrdiam

523 5223 582 5291 oet,
598 5225 645 5281 sed
658 5226 806 5280 secundum
818 5227 911 5282 merita
927 5229 1079 5284 etlaborem
1094 5231 1257 5301 corom,’‹pui
1273 5247 1319 5300 per

523 5316 707 5387 poenitemiam
718 5317 790 5384 digni
806 5317 902 5373 luerint
913 5319 1104 5374 misericordia.
1124 5340 1132 5373 ι

559 5405 673 5462 CAPUT
694 5406 766 5461 xlx.
785 5437 822 5448 -
840 5409 884 5463 lb.
906 5408 952 5464 ilis
966 5410 1082 5464 recitatis
1095 5410 1219 5482 Synodns
1231 5411 1316 5466 dixit:

527 5492 623 5565 r'Qoid
638 5497 672 5553 ad
691 5497 748 5553 linc
760 5514 820 5568 quae
833 5497 900 5554 lecto
920 5510 981 5555 sunt
993 5501 1107 5571 capitula
1120 5502 1185 5557 dicit
1198 5517 1318 5572 praesens

523 5586 646 5659 Pelagius
658 5589 805 5645 monachus
815 5591 826 5644 i
836 5589 892 5645 lloc
904 5592 975 5646 enim
989 5594 1113 5663 reprobat
1127 5605 1217 5650 sancta
1231 5595 1319 5669 Syno-

523 5677 591 5745 das,
606 5686 635 5733 et
645 5687 737 5735 sarrcta
753 5680 799 5735 Dei
820 5681 949 5736 catholica
965 5682 1093 5740 Ecclesia.
1109 5703 1119 5736 ι
1135 5685 1255 5756 Pelagius
1277 5703 1319 5744 ro·

523 5768 654 5840 spondit:
673 5769 792 5828 alterum
807 5771 866 5827 dico
886 5774 946 5843 eperia
961 5774 1018 5830 llaec
1031 5783 1058 5831 et
1076 5776 1221 5832 secundum
1245 5778 1316 5848 ipso-

525 5879 583 5918 rum
595 5864 779 5918 testimonium
795 5881 847 5919 non
862 5875 925 5920 sunt
939 5883 1015 5934 roeo;
1030 5883 1078 5939 pro
1092 5870 1203 5940 quibus,
1214 5881 1242 5925 ut
1252 5872 1315 5938 elixi,

522 5953 733 6010 satisfactionem
746 5972 799 6009 non
821 5956 925 6012 debeo:
941 5973 1000 6028 qum
1021 5975 1085 6014 vero
1099 5976 1157 6015 mea
1175 5977 1234 6017 csse
1252 5977 1316 6016 eoo-

523 6044 612 6101 iessus
626 6063 697 6110 sirm,
714 6047 771 6102 bac
786 6058 857 6103 recta
872 6065 932 6105 esse
947 6052 1051 6107 allirmo
1067 6068 1146 6124 :qum
1161 6064 1248 6108 autem
1263 6055 1317 6110 diri

524 6154 576 6193 non
594 6154 654 6193 esse
668 6154 739 6207 mea,
754 6139 900 6194 secundom
914 6141 1041 6210 judiciam
1062 6153 1164 6198 sanctae
1191 6144 1317 6222 Eccieg'ac

523 6231 649 6300 reprom»,
677 6228 818 6284 anatliema
842 6231 934 6285 diceus
957 6235 1028 6289 orarii
1056 6237 1265 6292 contravenienti
1292 6246 1319 6291 et

552 6379 559 6425 ².
581 6378 660 6443 l'orte,
672 6382 749 6447 pratia
760 6391 874 6438 ererrtmrt.

1240 908 1338 961 tritta
1360 908 1456 965 tata.

2110 923 2162 983 att·

1366 1041 1556 1097 contradicenti
1577 1051 1675 1098 sancte
1699 1046 1836 1101 citiroiicee
1863 1048 1992 1104 Ecclesiae
2020 1048 2159 1106 doctrinis.

1367 1131 1425 1202 Ego
1439 1133 1509 1187 evrini
1521 1135 1546 1188 in
1568 1136 1647 1190 unius
1669 1137 1822 1193 aoirstootiae
1839 1139 1995 1195 Trinitatem
2013 1140 2105 1207 credo,
2135 1152 2162 1197 et

1366 1222 1455 1276 omnia
1467 1225 1612 1279 secundum
1632 1224 1779 1281 docuinam
1797 1239 1896 1284 sancte
1911 1230 2048 1284 eatlroiiear
2064 1230 2158 1286 Eccle»

1366 1315 1432 1369 siae:
1447 1316 1469 1369 sl
1496 1318 1555 1385 qrris
1581 1334 1645 1372 vero
1671 1318 1757 1374 aliena
1783 1320 1817 1375 ab
1843 1319 1893 1376 liac
1916 1322 1996 1392 sapit,
2018 1321 2159 1377 anatliema

1367 1407 1436 1462 sil.»

1403 1501 1515 1558 CAPUT
1531 1502 1589 1557 titt.
1609 1533 1645 1544 —
1663 1504 1707 1559 ll.
1728 1504 1852 1576 Synodus
1873 1504 1959 1559 dixit:
1975 1501 2072 1561 «Nunc
2095 1524 2161 1577 ‹giro-

1367 1598 1439 1651 niarn
1454 1595 1618 1650 satisfactura
1639 1607 1680 1651 cst
1703 1598 1779 1652 nobis
1796 1597 2023 1667 prosecutionibus
2044 1614 2160 1667 praesen·

1367 1687 1509 1759 tisPclagii
1525 1688 1710 1758 monacbiqni
1724 1688 1830 1758 qrridcm
1845 1689 1895 1758 piis
1905 1688 2032 1744 doctrinis
2046 1705 2159 1744 reorrsen·

1368 1778 1409 1845 tit,
1423 1779 1554 1834 contraria
1570 1794 1633 1833 rero
1652 1779 1781 1833 Ecclesia
1799 1778 1859 1833 salci
1875 1779 2020 1847 ¹reprobat
2042 1789 2069 1833 et
2094 1795 2158 1833 aaa·
2197 1805 2199 1810 ·

1368 1869 1531 1934 thcnratizat,
1545 1869 1742 1924 communionis
1755 1869 1945 1923 ecclesiasticae
1967 1881 2028 1923 eum
2052 1884 2112 1924 csse
2135 1880 2161 1923 et

1366 1961 1682 2015 catlroiiearcomitemur.
1702 1979 1711 2012 r

1401 2052 1515 2107 catut
1536 2051 1606 2105 lle.
1626 2080 1662 2091 -
1682 2052 1727 2106 t5.
1747 2050 1774 2106 Si
1800 2050 1849 2104 ista
1871 2050 1924 2104 sint
1946 2051 2050 2121 gesta¹,
2064 2048 2161 2119 quibus

1367 2142 1446 2196 aurici
1460 2142 1557 2212 Pelagii
1570 2142 1684 2212 gaudent
1698 2156 1758 2196 euin
1772 2156 1831 2196 csse
1845 2150 1983 2211 purgatum
1997 2158 2004 2193 :
2018 2156 2160 2210 noanno-

1367 2235 1438 2288 niam
1464 2251 1525 2304 erga
1546 2252 1575 2289 se
1601 2245 1717 2289 nostram
1740 2248 1846 2305 qrroqnc
1876 2233 2030 2299 amicitiam,
2052 2234 2162 2302 prolatis

1367 2326 1447 2380 etiant
1464 2325 1637 2380 izrrniliariirus
1649 2326 1768 2395 epistolis
1782 2325 1898 2387 nostris,
1913 2334 1992 2394 atone
2006 2325 2032 2378 iu
2051 2325 2101 2379 lroc
2117 2323 2160 2394 ju-

1367 2415 1438 2471 dicio
1461 2416 1589 2481 recitatis,
1610 2431 1676 2485 qiras
1697 2417 1811 2470 insertas
1834 2415 1971 2470 concinam
1992 2423 2077 2485 gesta,
2096 2416 2162 2470 satia

1368 2508 1481 2578 probare
1493 2508 1605 2573 eviravit,
1619 2507 1730 2561 salutern
1742 2506 1849 2577 qoidcrn
1863 2507 1921 2575 ejus
1935 2506 1960 2559 in
1971 2506 2077 2559 Cirristo
2087 2505 2163 2576 copi·

1368 2616 1428 2655 mus
1447 2610 1473 2655 et
1485 2608 1624 2668 optamus;
1638 2598 1671 2653 dc
1684 2598 1733 2653 ista
1756 2613 1822 2652 vcro
1835 2598 1894 2668 ejus
1912 2599 2075 2667 purgatione,
2101 2612 2161 2666 qnae

1367 2691 1452 2761 magis
1472 2689 1608 2757 creditur,
1622 2705 1701 2760 quana
1715 2688 1814 2758 lirprido
1825 2688 2033 2749 demonstratur,
2044 2687 2162 2757 gaudere

1367 2794 1466 2838 temere
1481 2798 1532 2836 oon
1547 2781 1685 2836 debemus.
1703 2779 1793 2849 Neque
1804 2778 1856 2834 iroc
1868 2779 1970 2841 dicens,
1984 2777 2101 2847 judicum
2114 2793 2160 2832 ar·

1366 2889 1419 2943 guo
1434 2871 1474 2926 vel
1488 2872 1683 2942 negligentiora,
1699 2869 1740 2926 vei
1752 2870 1961 2934 conniventiam,
1978 2870 2029 2934 vel,
2043 2869 2112 2939 qrrod
2126 2872 2160 2924 ab

1367 2965 1407 3018 cis
1422 2964 1500 3033 longe
1518 2962 1663 3017 abhorrere
1682 2962 1860 3017 certissimum
1874 2971 1925 3025 est,
1942 2962 2082 3031 impiorum
2095 2961 2161 3030 elog-

1368 3064 1469 3109 matum
1494 3052 1683 3108 conscientiam
1699 3051 1767 3106 :scd
1780 3066 1873 3105 eorum
1894 3052 1994 3121 judicio
2008 3066 2054 3120 pro
2069 3053 2164 3105 merito

1367 3144 1514 3215 approbato
1528 3153 1607 3214 aterne
1627 3143 1745 3210 laudato,
1772 3142 1893 3215 Pelagius
1915 3152 2003 3197 tnnen
2021 3142 2090 3211 apud
2117 3159 2164 3196 cos

1367 3238 1464 3308 quibus
1478 3237 1590 3306 atriplins
1605 3236 1756 3306 certiusqne
1770 3247 1848 3291 notus
1861 3246 1902 3291 est
1914 3235 1934 3301 ⁸,
1949 3251 2001 3289 uon
2015 3235 2078 3289 inibi
2090 3235 2164 3288 vide-

1368 3339 1413 3384 trrr
1424 3344 1483 3382 csse
1498 3338 1634 3397 purgatus.
1651 3326 1689 3381 ttti
1710 3327 1781 3381 enim
1797 3337 1922 3396 tanquarn
1938 3326 1971 3380 dc
1989 3327 2077 3395 ignoto
2090 3325 2163 3393 judi-

1368 3429 1470 3485 cantes,
1495 3420 1537 3473 lris
1563 3418 1709 3487 pracsertim
1731 3417 1887 3472 absentibus
1914 3416 1958 3485 qui
1984 3425 2075 3470 contra
2102 3429 2163 3470 curn
2226 3484 2229 3489 Ι

1369 3512 1486 3566 libellum
1499 3510 1639 3576 dederont,
1661 3510 1796 3564 bominem
1812 3508 1919 3579 qiridcm
1931 3509 2084 3578 diligentins
2097 3524 2163 3563 exa·

1369 3603 1471 3657 minare
1481 3601 1590 3657 minime
1606 3608 1748 3670 potuerunt
1762 3618 1769 3653 z
1785 3599 1907 3654 baeresim
1920 3609 2008 3654 tarncn
2027 3599 2110 3669 ipsam
2121 3641 2128 3663 ,
2141 3601 2163 3653 si

1368 3708 1461 3750 cerrum
1481 3701 1625 3762 scqrvantnr
1636 3691 1766 3762 judicium
1784 3691 1828 3761 qui
1845 3705 1893 3761 pro
1914 3692 1973 3760 ejus
1989 3691 2164 3761 perversitate

1368 3786 1517 3851 arctatam,
1539 3785 1647 3856 penitus
1665 3791 1847 3854 peremerunt.
1862 3782 1903 3837 lili
1924 3791 2013 3836 autem
2035 3784 2080 3853 qni
2097 3782 2166 3837 bene

1369 3877 1458 3931 sciunt
1482 3891 1542 3945 pirae
1562 3874 1685 3946 Pelagine
1699 3873 1797 3930 ducere
1817 3874 1965 3937 consuevit,
1977 3875 2034 3930 sire
2051 3874 2165 3946 orricius

1367 3967 1592 4037 disputationibus
1601 3966 1765 4029 restiterunt,
1781 3965 1838 4020 sive
1854 3965 1898 4035 gui
1916 3980 1949 4020 cx
1963 3964 2021 4035 ipso
2035 3979 2166 4020 errorese

1369 4058 1499 4112 liberatos
1521 4070 1581 4112 esse
1606 4057 1782 4126 gratulantur,
1807 4053 1941 4124 ipuomodo
1966 4064 2078 4124 possunt
2103 4070 2165 4111 eura

1368 4163 1422 4204 raon
1449 4148 1548 4203 babere
1570 4157 1733 4216 suspectum,
1752 4146 1857 4216 qirando
1874 4147 1932 4215 ejus
1949 4162 2001 4201 non
2016 4146 2163 4217 simplicem

1366 4238 1566 4296 conlessionem
1580 4238 1711 4308 praeterita
1728 4245 1814 4292 errata
1823 4237 1993 4290 damnantem
2004 4278 2012 4302 ,
2025 4236 2072 4290 sed
2085 4236 2164 4290 talem

1368 4328 1699 4397 consessionem‘iegnnt,
1718 4326 1793 4397 quasi
1814 4341 1948 4396 nunqrram
1968 4324 2046 4379 aliter
2068 4339 2163 4380 sense·

1369 4421 1415 4486 rit,
1428 4435 1509 4490 quara
1522 4417 1684 4489 istojodicio
1697 4419 1723 4473 in
1743 4419 1801 4488 ejus
1819 4425 1859 4473 cst
1880 4416 2097 4488 responsionibus
2115 4431 2163 4486 ap·

1370 4511 1532 4582 probatum?

1404 4601 1517 4657 CAPUT
1536 4599 1618 4655 xxtt.
1638 4628 1674 4641 -
1691 4600 1736 4653 tit.
1756 4598 1839 4663 iiam,
1854 4608 1882 4653 nt
1899 4597 1932 4652 de
1947 4613 1989 4652 nie
2007 4597 2064 4667 ipso
2080 4597 2163 4665 potis·

1369 4695 1467 4753 simmn
1493 4694 1591 4759 dicam,
1618 4693 1692 4762 prins
1715 4691 1833 4745 absentis
1859 4700 1886 4743 et
1910 4689 2002 4743 lirrnrrc
2026 4687 2163 4742 constituti

1370 4786 1469 4856 Pelagii
1483 4800 1578 4840 nomen
1590 4800 1649 4837 caru
1661 4797 1754 4852 magna
1766 4781 1822 4851 ejus
1838 4781 1916 4837 laude
1928 4782 2039 4851 cognovi
2052 4798 2058 4833 ε
2069 4788 2162 4851 postea

1369 4879 1451 4950 eoepit
1462 4876 1495 4931 ad
1510 4875 1635 4929 nosiarna
1648 4871 1776 4941 prericrre,
1797 4871 1866 4942 qood
1889 4872 2016 4926 adr-ersus
2036 4872 2083 4926 Dei
2100 4888 2161 4940 gra·

1371 4972 1432 5026 tiam
1446 4968 1609 5037 disputarct;
1624 4962 1771 5031 quodlicet
1789 4964 1927 5030 dolerem,
1944 4971 1971 5019 et
1989 4962 2023 5017 ab
2038 4964 2077 5018 cis
2097 4963 2162 5017 rvriiri

1370 5063 1501 5118 diceretur
1515 5058 1612 5129 quibus
1623 5056 1770 5119 crederem,
1787 5055 1821 5110 ab
1844 5056 1902 5125 ipso
1924 5065 2012 5110 tamen
2037 5057 2089 5112 tale
2111 5056 2161 5110 aii-

1369 5154 1444 5225 qnid,
1465 5153 1505 5206 rcl
1532 5152 1558 5205 in
1579 5150 1636 5220 ejus
1660 5149 1748 5220 aliquo
1760 5148 1828 5203 libro
1842 5164 1922 5213 nosse
1936 5149 2085 5220 cupiebam,
2103 5159 2130 5203 nt
2141 5150 2163 5205 si

1370 5245 1516 5314 inciperem
1532 5241 1701 5311 redarguere,
1714 5254 1811 5312 irrigare
1825 5257 1877 5294 non
1890 5249 1988 5309 posset.
2006 5239 2100 5293 Postea
2115 5256 2160 5294 vc*

1370 5352 1401 5392 ro
1414 5350 1492 5405 ‹piranr
1506 5335 1531 5387 in
1545 5330 1663 5387 Africam
1677 5331 1757 5392 venit,
1770 5347 1812 5386 me
1823 5331 1945 5394 absente,
1960 5340 2061 5393 nostro,
2074 5330 2160 5393 idest,

1370 5427 1533 5498 llipporrcnsi
1557 5425 1643 5479 littore
1662 5435 1788 5493 exceptos
1804 5432 1856 5488 est,
1880 5423 1923 5476 ubi
1947 5423 2066 5487 orrririno,
2093 5421 2162 5477 sicut

1369 5519 1486 5588 comperi
1512 5517 1551 5571 a'
1569 5516 1677 5581 nostris,
1692 5515 1755 5568 niiril
1769 5513 1861 5569 abillo
1876 5511 2025 5582 lrnjusmodi
2041 5511 2159 5571 auditam

1369 5619 1411 5664 cst
1425 5628 1431 5663 ε
1446 5609 1506 5681 quia
1532 5616 1559 5662 et
1575 5607 1652 5661 citius
1668 5621 1746 5675 quam
1770 5604 1920 5674 putabatur,
1941 5603 2001 5658 iride
2027 5601 2161 5672 proiectus

1369 5713 1421 5760 cst.
1445 5701 1615 5757 Postmodum
1641 5699 1700 5769 ejus
1719 5698 1811 5752 iaciem
1836 5697 2006 5766 Cartbagine,
2032 5703 2161 5766 qivantum

1370 5793 1470 5861 recoio,
1486 5793 1569 5847 semel
1583 5791 1623 5846 ecl
1637 5790 1732 5845 iterum
1744 5788 1816 5853 vidi,
1832 5786 1938 5857 quando
1952 5802 2016 5843 cura
2031 5785 2160 5843 Coliatiu·

1402 6024 1409 6054 ¹
1427 6020 1580 6070 ortocetinus
1590 6023 1641 6086 tis„
1653 6015 1703 6085 ccci
1718 6013 1821 6066 :menne
1831 6013 1898 6080 fidei.

1402 6087 1411 6116 ¹
1429 6083 1493 6130 idem
1506 6087 1558 6137 tis,
1567 6079 1610 6127 sed
1619 6085 1664 6146 tun
1675 6084 1721 6126 auat
1732 6083 1808 6139 perui.

1402 6148 1411 6177 ³
1429 6153 1478 6192 troo
1490 6150 1553 6198 tiss..
1564 6147 1700 6201 nrcttuapae
1711 6146 1779 6187 notris
1793 6145 1835 6188 eat.

1402 6209 1411 6237 i
1427 6218 1492 6254 strar.
1507 6210 1532 6252 et
1544 6200 1608 6250 tolli.
1623 6208 1673 6258 aas,
1686 6198 1846 6263 defe‘aaimaan

1401 6271 1411 6300 ⁸
1428 6276 1459 6316 tta
1469 6275 1535 6314 suar.
1549 6269 1575 6312 et
1585 6261 1736 6311 soibertimrs
1754 6270 1794 6312 lta.
1808 6269 1831 6310 to
1853 6264 1927 6324 priora
1950 6263 2057 6311 editione
2072 6261 2163 6311 telsert

1369 6332 1467 6387 orruisse,
1477 6324 1581 6386 corriperi
1598 6336 1631 6382 o,·
1652 6322 1789 6384 legebatur,
1801 6324 1861 6375 sieut
1873 6324 1967 6373 rroatrt's
1990 6328 2047 6373 ttiuc
2060 6337 2119 6372 vcro
2139 6337 2162 6371 ra

1370 6391 1544 6456 persto-toribus
1556 6386 1702 6437 editionibus
1712 6389 1802 6437 'aetum
1812 6394 1878 6448 erat,
1888 6384 1951 6437 acia
1961 6388 2049 6436 atoma.
