5592 7350
582 896 614 952 m
1284 890 1481 949 erremus.
1693 945 1701 974 δ
2180 852 2234 963 80⁸¹

582 1009 706 1069 misisse
722 1008 905 1077 ‹licebatur3
922 1007 1023 1068 tribus
1036 1006 1243 1084 sequentibus
1255 1005 1363 1077 aliam,
1378 1024 1451 1084 quae
1465 1008 1638 1069 octodecim
1650 1009 1873 1088 episcoporum
1890 1014 2019 1077 nomine
2036 1014 2213 1080 Thessalo-

582 1091 683 1148 nicam
698 1086 818 1148 direeta
833 1091 913 1155 erat,
932 1086 1149 1164 redargueret.
1165 1085 1202 1145 ln
1217 1084 1321 1163 primo
1331 1085 1415 1145 libro
1429 1086 1610 1148 haereticum
1624 1106 1752 1151 sensum
1768 1091 1800 1149 in
1814 1090 1885 1151 fidei
1900 1093 2099 1170 professione
2115 1097 2212 1158 Pcla-

580 1167 687 1244 giana,
702 1182 775 1241 quin
788 1163 960 1226 Catholicis
974 1165 1209 1241 opponebatur,
1225 1164 1376 1223 latentem
1389 1166 1513 1242 retegit.
1525 1165 1561 1224 ln
1575 1170 1714 1227 secundo
1727 1168 1922 1232 calumniam
1936 1173 2210 1249 prevaricationis

581 1246 611 1302 in
631 1244 745 1321 Pelagii
762 1260 799 1304 ae
814 1243 951 1304 Coelestii
968 1242 1173 1303 damnatione
1188 1241 1333 1304 admissae
1347 1242 1476 1319 depellit
1488 1260 1507 1304 a
1520 1245 1667 1305 ltnmanis
1683 1247 1823 1319 clericis;
1840 1253 1871 1309 et
1887 1252 1996 1328 gratiae
2010 1252 2140 1313 nomine
2152 1270 2211 1313 nec

580 1322 677 1383 latum
693 1321 825 1382 asseria
839 1321 1024 1391 Catholicis,
1040 1338 1098 1380 nec
1109 1336 1321 1397 personarum
1336 1322 1554 1397 acceptionem
1569 1323 1635 1382 Deo
1649 1324 1744 1384 tribul
1766 1323 1973 1387 demonstrat.
1988 1328 2024 1388 ln
2036 1331 2131 1390 tertio
2146 1349 2210 1391 ex-

579 1402 668 1477 ponit
680 1401 758 1477 quid
774 1418 849 1460 vere
861 1399 1016 1461 Catholici
1024 1400 1133 1459 dicant
1143 1398 1181 1460 de
1192 1399 1271 1477 legis
1287 1397 1437 1471 utilitate,
1454 1399 1578 1476 quidde
1592 1401 1743 1479 Baptismi
1755 1401 1868 1463 ellectu
1883 1422 1921 1465 ac
1932 1406 2061 1479 virtute,
2072 1406 2111 1467 de
2126 1410 2210 1469 utri-

580 1497 681 1555 usque
696 1478 1132 1555 'lestamcntidiscrepantia,
1143 1478 1182 1537 de
1194 1477 1426 1553 Prophetarum
1445 1478 1737 1556 Apostolorumque
1749 1481 1875 1556 justitia
1897 1489 1928 1543 et
1949 1484 2156 1560 perfectione,
2172 1486 2209 1546 de

577 1557 794 1635 appellatione
807 1557 928 1633 pcccati
941 1557 973 1616 in
984 1554 1123 1627 Christo,
1134 1554 1211 1633 quid
1227 1559 1388 1631 postremo
1403 1555 1441 1616 de
1454 1561 1686 1633 praeceptorum
1701 1559 1732 1616 in
1749 1558 1855 1619 lutura
1872 1561 1937 1621 vita
1950 1562 2136 1639 impletione
2150 1563 2210 1623 do-

577 1640 679 1695 ceant.
695 1636 731 1695 ln
769 1639 864 1696 uarto
879 1636 961 1695 libro
976 1633 1078 1711 aperit
1090 1634 1223 1694 insidias
1238 1634 1483 1712 Pelagianorum
1498 1636 1530 1694 in
1548 1635 1692 1713 quinque
1705 1637 1857 1697 doctrinae
1872 1655 1983 1699 eorum
1997 1658 2031 1700 ca
2058 1642 2153 1702 itibus
2163 1642 2210 1702 la-

578 1720 691 1784 tentes
709 1653 854 1773 inlaudc
868 1714 989 1774 seilicet
1002 1717 1167 1783 creaturae,
1180 1711 1275 1773 laude
1292 1712 1489 1789 nuptiarum,
1502 1713 1595 1773 laude
1606 1714 1697 1792 legis,
1712 1715 1806 1775 laude
1817 1716 1908 1776 liberi
1922 1717 2058 1792 arbitrii,
2071 1724 2102 1780 et
2114 1720 2208 1781 laude
2234 1722 2236 1725 ⁴

577 1797 774 1853 sanctorum.
789 1792 876 1853 lstud
887 1808 969 1868 opus
984 1790 1045 1867 ipsi
1059 1790 1232 1861 lioniiaeio,
1249 1789 1427 1852 honorifica
1442 1792 1618 1864 mentione,
1629 1808 1727 1870 quam
1743 1793 1826 1871 apud
1838 1812 1873 1854 se
1883 1793 1921 1854 de
1932 1812 1970 1853 eo
1981 1795 2114 1875 Alypius
2127 1797 2208 1859 lece-

577 1875 638 1942 rat,
653 1875 816 1946 permotus
831 1869 1095 1947 dicavit3rogans
1111 1868 1239 1929 utillud
1262 1885 1325 1927 non
1351 1873 1416 1930 tam
1437 1869 1589 1941 discendi,
1612 1888 1711 1947 quam
1737 1872 1943 1933 examinandi
1965 1878 1997 1934 et
2019 1875 2206 1936 emendandi

575 1950 679 2026 gratia
692 1948 866 2009 evolveret.
882 1948 1042 2025 Principio
1056 1947 1174 2023 operis,
1194 1948 1248 2007 ubi
1264 1947 1510 2024 Pelagianorum
1526 1948 1715 2025 injuriosam
1736 1949 1906 2010 adversum
1920 1969 1954 2012 se
1970 1952 2083 2042 agendi
2099 1954 2205 2015 ratio-

577 2046 648 2086 nem
662 2027 793 2087 recolit:
809 2027 920 2105 Spero,
936 2027 991 2097 ait,
1007 2025 1043 2085 de
1053 2026 1188 2086 Ilomina
1203 2026 1268 2085 Deo
1283 2033 1404 2093 nostro,
1416 2025 1573 2105 quodnnn
1585 2026 1651 2086 sine
1663 2026 1796 2087 mercede
1808 2028 1920 2106 quein
1937 2029 2018 2090 coelis
2033 2038 2086 2098 est,
2103 2031 2153 2092 illi
2163 2049 2208 2091 me

574 2107 711 2243 {eruerant
725 2103 1115 2261 dmi-inaffdic‘ipwwm
1128 2122 1174 2162 me
1185 2121 1245 2181 pro
1257 2103 1452 2180 paruulis...
1468 2122 1591 2183 oppono
1608 2104 1722 2184 (Infra,
1746 2115 1856 2167 cantra
1871 2105 1949 2166 duas
1963 2108 2125 2187 Epistulas
2139 2108 2206 2169 Pe-

588 2200 783 2261 apranorum,
813 2201 822 2243 r
847 2227 854 2242 .
891 2200 947 2256 ,n.
1002 2226 1009 2241 .

577 2303 694 2363 xxlll.
714 2302 903 2362 Menecrates
923 2300 1021 2362 libros
1039 2302 1073 2363 in
1087 2300 1217 2362 ltaliam
1241 2301 1373 2380 Alppias
1394 2302 1479 2363 eirca
1499 2303 1625 2364 initium
1645 2303 1723 2364 anni
1744 2304 2043 2384 quadringentesimi
2064 2307 2205 2386 vigesimi

614 2379 828 2519 ξέἑιέιοίνιέἕζῖνι.
842 2380 1047 2442 Constantius
1060 2379 1252 2440 edictumdat
1266 2380 1300 2441 in
1309 2380 1506 2459 Pelagianos.
1520 2381 1607 2443 Alias
1617 2400 1672 2443 sea
1682 2380 1993 2445 librosiniulianum
2010 2385 2206 2464 Augustinus

615 2562 760 2634 Quatuor
773 2560 844 2620 illos
859 2559 958 2619 libros
973 2558 1086 2620 detulit
1099 2558 1138 2619 ad
1153 2557 1351 2619 Bonilacium
1366 2558 1480 2639 (Infra,
1504 2559 1614 2636 Operis
1632 2563 1754 2642 imperf.
1779 2570 1889 2623 cantra
1911 2564 2077 2625 lulianum
2093 2564 2147 2626 lib.
2174 2567 2202 2635 1,

576 2636 2203 2798 {illibabilis-stabilitabittitillabatillatithlltllaiaalllb

666 2761 686 2789 ·e
779 2760 786 2774 ·
821 2761 828 2785 r
907 2760 914 2773 ·
1290 2762 1295 2772 ι
2192 2756 2205 2766 ·

575 2797 708 2871 gesimo,
722 2801 777 2857 aut
791 2794 1107 2872 quadringentesimo
1130 2793 1284 2871 vigesimo
1308 2795 1414 2872 primo
1441 2795 1573 2856 ineunte
1598 2794 1762 2873 trajecisse
1791 2796 1823 2855 in
1846 2797 1982 2859 ltaliam.
2003 2798 2203 2877 Augustinus

574 2874 693 2951 quippe
704 2874 771 2951 ipse
782 2872 821 2933 ad
832 2877 982 2949 excerpta
995 2872 1173 2933 exluliano
1188 2872 1248 2932 sibi
1262 2872 1361 2934 missa
1373 2873 1537 2951 respondit
1550 2874 1715 2946 continuo,
1737 2892 1776 2936 ea
1798 2875 1963 2953 diligentia
1977 2880 2009 2936 et
2028 2877 2201 2949 celeritate,

576 2971 632 3028 per
646 2970 743 3029 quam
753 2950 897 3031 judicare
911 2968 976 3010 non
986 2950 1092 3021 liceat,
1109 2951 1304 3012 committere
1320 2951 1412 3011 illum
1433 2951 1641 3030 potuissent
1665 2968 1736 3013 eam
1759 2954 2002 3031 responsionem
2024 2953 2144 3015 tardius
2162 2955 2200 3015 ad

575 3030 740 3091 Valerium
751 3030 912 3108 dirigeret.
924 3030 1023 3089 Porro
1040 3028 1200 3107 Pelagiani
1219 3030 1471 3091 transmarinam
1490 3030 1575 3091 hanc
1598 3029 1702 3109 Alypii
1727 3030 1956 3108 protectionem
1982 3047 2021 3090 eo
2047 3031 2203 3094 infamare

575 3109 668 3169 rrrodo
680 3109 883 3178 studuerunt,
902 3112 937 3167 ut
953 3107 1096 3168 eamdem
1111 3113 1291 3183 susceptam
1306 3107 1459 3169 adversus
1474 3108 1546 3169 illos
1564 3107 1663 3169 luisse
1673 3108 1764 3169 facile
1784 3109 1988 3169 arbitremur.
2003 3110 2136 3173 Eteerte
2153 3112 2205 3175 ri-

575 3188 718 3249 debimus
733 3189 812 3248 istos
826 3185 989 3247 hereticos
1005 3187 1066 3246 sub
1081 3185 1163 3245 idem
1177 3191 1301 3263 tempus
1321 3186 1510 3248 insectatum
1525 3203 1596 3248 esse
1608 3185 1831 3247 Constantium
1846 3187 2084 3264 imperatorem.

614 3266 796 3343 Exprobrat
810 3266 908 3344 igitur
923 3264 1102 3343 Augustino
1115 3264 1276 3335 Julianus,
1292 3282 1365 3324 eum
1382 3265 1550 3344 vociferari
1572 3282 1639 3325 cum
1653 3265 1783 3344 seminis,
1799 3268 1978 3344 cunctisque
1992 3265 2162 3336 calonibus,
2176 3277 2204 3327 et

577 3342 723 3416 tribunis,
760 3345 851 3406 uibus
867 3351 934 3403 octa
958 3343 1026 3403 into
1038 3349 1092 3402 aut
1105 3342 1237 3419 amplius
1252 3360 1343 3420 equos
1358 3349 1426 3402 tota
1445 3342 1555 3422 Africa
1568 3343 1728 3419 supinatas
1741 3342 1859 3420 collepa
1879 3351 1963 3411 tuus,
1977 3344 2205 3423 inquit,nuper

576 3421 708 3484 adducit
751 3424 856 3502 lppius
868 3360 978 3494 libii,
993 3437 1060 3499 eap.
1072 3419 1136 3501 te).
1152 3420 1239 3480 lnlra
1253 3424 1360 3480 autem
1379 3420 1461 3480 idem
1480 3421 1637 3498 gloriatur
1655 3421 1689 3479 iu
1709 3421 1795 3481 hunc
1809 3419 1938 3480 modum
1953 3440 1960 3479 r
1976 3421 2203 3499 Amplissimam

578 3502 747 3561 essenostri
760 3494 879 3579 negotii
891 3499 1085 3578 dignitatem,
1098 3506 1134 3557 at
1146 3499 1215 3576 ipsa
1228 3514 1331 3557 rerum
1345 3498 1554 3558 consideratio
1568 3505 1596 3557 et
1621 3498 1769 3576 appensio
1781 3497 1910 3567 indicat,
1923 3516 1999 3577 quos
2010 3507 2141 3567 tuemur,
2157 3502 2204 3562 ita

576 3582 663 3639 eliam
677 3588 776 3640 aester
788 3595 898 3657 pauor,
917 3580 970 3660 qui
985 3584 1285 3638 contranastrorum
1303 3576 1492 3653 sanquinem,
1505 3576 1710 3655 pecuniarum
1727 3577 1886 3656 effusione,
1903 3576 2117 3637 bereditatum
2135 3578 2202 3639 lar—

577 3659 679 3734 pilate,
698 3677 846 3738 equorum
862 3658 1104 3726 transmissione,
1120 3654 1311 3735 popularum
1324 3654 1485 3726 seditione,
1496 3661 1686 3733 potestatum
1702 3655 1904 3738 corruptione
1963 3663 2103 3733 parantes,
2119 3663 2148 3717 et
2159 3659 2200 3736 fi-

578 3737 871 3817 decimarumque
881 3756 900 3795 a
910 3735 1001 3797 nabis
1009 3736 1220 3814 impugnatur,
1233 3732 1411 3795 erubescitis
1420 3733 1579 3813 profiteri.
1593 3738 1654 3795 etc.
1666 3733 1773 3812 (ibid,
1790 3751 1858 3812 cap.
1869 3732 1909 3793 'ii
1927 3778 1934 3793 .
1949 3735 2089 3796 Rursum
2102 3736 2198 3796 alibi:

579 3813 637 3876 Cur
648 3817 747 3877 tantis
760 3825 855 3877 totam
865 3815 992 3878 ltaliam
1004 3811 1194 3895 sectionibus
1211 3812 1419 3873 commovistis
1430 3812 1445 3871 ?
1456 3812 1523 3874 Cur
1535 3811 1701 3873 seditiones
1714 3814 1819 3873 Romu
1832 3812 1995 3873 conductis
2004 3813 2133 3892 populis
2148 3832 2202 3874 ea-

579 3895 695 3955 citastis
707 3895 722 3953 ?
736 3894 803 3955 Cur
816 3894 852 3955 de
868 3892 1041 3972 sumptibus
1053 3909 1226 3971 pauperum
1237 3890 1406 3968 saginastis
1416 3908 1473 3969 per
1487 3899 1583 3951 totam
1617 3891 1818 3970 eneAsricam
1829 3908 1975 3970 equorum
1987 3908 2104 3970 prepes,
2125 3910 2201 3971 quos

577 3981 776 4052 prosequente
789 3972 902 4051 Alppio
919 3970 1055 4032 tribunis
1069 3979 1098 4030 et
1111 3968 1344 4031 centurionibus
1359 3968 1560 4030 destinastis?
1598 3986 1638 4029 ar
1653 3978 1868 4030 matronarum
1880 3967 1992 4031 ablatis
2006 3968 2200 4031 hereditati-

578 4049 631 4110 bus
645 4059 810 4127 potestates
823 4050 927 4111 saculi
942 4048 1140 4128 corrupistis,
1151 4056 1187 4108 ut
1197 4050 1231 4109 in
1241 4065 1299 4109 nas
1312 4046 1429 4125 stipula
1444 4046 1563 4127 pararis
1572 4045 1695 4126 publici
1708 4047 1853 4108 arderet?
1866 4047 1933 4109 Cur
1944 4047 2118 4126 dissipastis
2131 4049 2202 4108 Ea-

578 4129 736 4189 clesiaram
750 4127 902 4208 quietem?
916 4127 984 4189 Cur
994 4127 1135 4204 relipiasi
1151 4127 1310 4204 Principis
1321 4134 1460 4204 tempora
1469 4126 1720 4204 persecutionum
1730 4125 1886 4204 impietate
1897 4126 2076 4186 maculastis
2090 4125 2198 4204 (laid,

578 4206 631 4267 lib.
646 4207 676 4277 3,
691 4224 758 4286 cap.
772 4207 847 4287 35)?
870 4205 961 4267 Hanc
977 4223 1054 4267 vero
1075 4204 1194 4266 iuliani
1220 4209 1341 4265 tantam
1358 4204 1390 4264 in
1413 4204 1594 4265 accusando
1609 4203 1844 4265 vehementiam
1858 4209 1955 4281 atque
1970 4203 2200 4281 impudentiam

578 4287 776 4365 Augustinus
792 4287 926 4363 castigat
941 4283 1197 4362 prudentissimis
1212 4282 1298 4344 hisce
1313 4283 1418 4343 verbis
1435 4302 1443 4342 r
1459 4283 1522 4342 Act
1537 4281 1748 4352 calumniaris,
1764 4282 1878 4359 inquit,
1888 4290 1942 4342 aut
1952 4283 2056 4343 nescis·
2066 4281 2200 4372 puidlo-

576 4366 681 4441 qnaeris
694 4385 704 4423 .-
718 4371 746 4424 et
764 4363 830 4424 idea
848 4370 903 4422 aut
914 4361 1059 4429 mendac,
1070 4369 1125 4422 aut
1141 4360 1320 4421 temnarius
1332 4360 1549 4439 istaloqueris.
1563 4360 1647 4436 Quid
1661 4369 1799 4421 reautem
1806 4361 1945 4438 nequius,
1960 4360 1988 4420 si
1996 4358 2058 4419 buc
2068 4377 2134 4438 ipse
2143 4363 2202 4440 fin·

577 4442 675 4502 aisti?
688 4441 764 4521 quid
780 4441 937 4507 stolidius,
955 4445 982 4500 si
995 4439 1182 4521 fingentibus
1197 4438 1381 4500 credidisti?
1394 4440 1466 4499 ,lam
1480 4456 1552 4498 ocra
1566 4437 1649 4518 quod
1666 4440 1758 4500 etiam
1775 4439 1907 4500 scribere
1928 4456 2023 4498 ausus
2045 4456 2085 4507 es,
2105 4456 2143 4498 ne
2164 4457 2201 4499 ne

577 4521 692 4581 ueritus
705 4521 792 4581 nead
806 4539 839 4580 eu
854 4519 923 4581 loca
933 4518 1211 4597 libriperuenirent
1226 4517 1284 4586 tui,
1300 4535 1367 4595 pua
1380 4526 1464 4577 terra
1478 4518 1614 4596 marique
1625 4526 1832 4578 transeuntem
1845 4537 1898 4577 seu
1915 4517 2086 4579 uenientem
2105 4456 2202 4578 saite-

577 4616 644 4675 qam
656 4616 755 4658 meum
766 4598 913 4678 Alypium
921 4606 1132 4676 susceperunt,
1148 4595 1202 4657 ubi
1216 4595 1244 4656 le
1264 4596 1276 4656 i
1291 4596 1489 4674 apertissima
1504 4604 1558 4656 tua
1568 4595 1748 4675 falsiloquia
1763 4598 1828 4656 sine
1841 4604 1895 4656 tua
1907 4594 2056 4656 irrisione
2074 4594 2121 4654 uel
2138 4612 2200 4672 pa-

578 4678 639 4736 tius
652 4676 853 4815 {papatibus
865 4685 1088 4755 nonpossunt,·
1100 4675 1151 4736 cui
1161 4692 1226 4735 non
1236 4613 1304 4735 irco
1320 4674 1529 4754 impudentia,
1542 4673 1756 4735 seddementiae
1767 4670 2081 4751 comparaturtlbid„
2094 4670 2149 4732 lib.
2166 4673 2197 4745 1,

577 4773 643 4814 ca.
679 4773 686 4785 ·

641 4756 733 4896 ovain
748 4832 890 4912 proiecto
903 4832 1078 4894 iracundias
1097 4849 1229 4893 eausam
1250 4831 1379 4891 iuliano
1403 4833 1583 4908 prebuerat
1604 4828 1753 4900 edictum,
1773 4828 1859 4905 quod
1879 4829 1910 4888 in
1932 4827 2120 4906 Pelagianos
2137 4829 2200 4889 sub

578 4911 637 4973 troc
650 4914 756 4990 ipsum
770 4915 895 4989 tempus
911 4911 995 4972 dedit
1006 4910 1225 4980 Constantius,
1247 4909 1332 4970 adid
1349 4908 1584 4970 eoncedendum
1604 4906 1684 4966 torte
1709 4907 1813 4986 Alypii
1837 4907 1996 4998 legatione
2019 4911 2199 4985 rogatuque

575 4990 739 5052 adductus.
755 4991 849 5053 Hunc
870 4992 1095 5068 imperatorem
1110 4994 1246 5050 mortem
1257 4989 1322 5049 hoc
1335 5005 1421 5050 anno
1444 4986 1759 5065 quadringentesimo
1781 4985 1934 5064 vigesuuo
1956 4985 2058 5062 primo
2080 4986 2198 5046 obiisse

574 5069 779 5130 consentiunt
792 5068 1040 5148 chronographi,
1057 5085 1129 5130 cum
1144 5072 1341 5130 sextantum
1362 5084 1488 5127 menses
1503 5067 1703 5142 imperasset,
1725 5064 1862 5141 septimo
1879 5065 1972 5142 juxta
1987 5062 2199 5142 Olympiodo-

573 5164 644 5207 rum
662 5149 824 5208 inchoato.
841 5149 977 5225 Prosper
991 5151 1022 5208 et
1033 5147 1157 5208 ldaeius
1172 5147 1241 5225 ejus
1257 5145 1536 5224 inaugurationem
1549 5159 1634 5205 anno
1644 5142 1959 5221 quadringentesimo
1971 5142 2123 5219 vigesimo
2134 5160 2198 5218 po-

574 5232 654 5286 nunt
664 5247 671 5285 :
683 5227 908 5303 Theophanes,
922 5243 1010 5286 anno
1020 5225 1333 5303 quadringentesimo
1342 5225 1495 5302 vigesimo
1511 5223 1625 5300 primo,
1641 5227 1732 5282 serto
1745 5222 1815 5283 idus
1829 5221 1992 5282 februarii.
2003 5221 2082 5281 Cum
2094 5220 2197 5279 Theo·

573 5303 679 5380 phane
692 5304 768 5367 iacit
781 5303 888 5366 Codex
899 5305 1152 5374 Theodosianus‚
1167 5305 1199 5364 in
1214 5321 1279 5382 quo
1289 5299 1413 5380 legibus
1427 5319 1445 5361 a
1459 5301 1509 5360 dic
1527 5301 1649 5362 decima
1672 5300 1777 5360 martii
1793 5300 1868 5361 anni
1893 5298 2197 5377 quadringentesimi

576 5383 718 5462 vigesimi
742 5383 834 5461 primi
850 5383 889 5443 ad
905 5384 989 5443 diem
1011 5383 1197 5461 vigesimam
1219 5386 1365 5442 octavam
1390 5379 1462 5459 julii
1486 5379 1567 5439 datis
1585 5396 1701 5440 nomen
1716 5379 1893 5440 Constantii
1912 5377 2113 5437 adscribitur.
2129 5375 2198 5436 lla-

574 5478 644 5521 rum
659 5462 763 5539 prima
775 5460 894 5538 scripta
911 5461 1011 5522 estad
1026 5461 1239 5522 Volusianum
1255 5479 1262 5517 z
1277 5476 1318 5518 ex
1332 5474 1397 5535 qua
1411 5457 1597 5533 Coelestium
1609 5462 1685 5517 tunc
1700 5457 1851 5534 temporis
1867 5459 1899 5517 in
1918 5456 2000 5517 Urbe
2014 5453 2120 5530 egisse
2136 5470 2198 5513 eo-

523 5563 526 5568 *
573 5541 770 5618 gnoseimus.
785 5539 832 5600 lbi
847 5545 984 5600 testatur
995 5539 1213 5610 Constantius,
1229 5537 1366 5597 edictum
1389 5535 1582 5595 nonnullum
1601 5535 1634 5594 in
1661 5536 1810 5612 antiquas
1836 5539 2042 5608 recentesque
2059 5531 2196 5592 haereses

571 5619 636 5697 jam
651 5637 685 5680 se
700 5619 832 5689 tulisses
848 5622 989 5679 attamen
1003 5617 1144 5695 quotidie
1160 5616 1220 5677 sibi
1249 5615 1391 5676 nuntiari
1412 5613 1540 5675 easdem
1564 5631 1694 5691 serpere
1714 5614 1809 5674 latius
1833 5633 1841 5672 :
1864 5611 2016 5688 quocirca
2034 5615 2071 5668 ut
2090 5615 2197 5670 motus

572 5714 653 5772 equos
666 5714 779 5775 parere
794 5697 848 5758 illa
866 5696 998 5759 dissidia
1021 5702 1161 5774 possent,
1178 5695 1348 5762 evitentur,
1367 5710 1523 5754 renovare
1547 5711 1581 5752 se
1597 5693 1707 5753 eadem
1726 5691 1829 5770 jussa,
1856 5691 2012 5764 velleque,
2029 5692 2064 5748 ut
2088 5687 2197 5750 habita

571 5775 716 5854 diligenti
731 5775 940 5854 inquisitione
954 5775 1211 5836 adversariorum
1223 5789 1305 5832 verae
1317 5772 1401 5844 fidei,
1417 5772 1523 5832 statim
1538 5772 1558 5831 ii
1574 5771 1673 5831 Roma
1688 5771 1900 5830 exturbantur
1921 5773 2016 5858 atrpre
2033 5767 2106 5827 binc
2124 5785 2198 5843 pro·

572 5853 625 5915 eul
639 5855 865 5925 amandantur,
882 5871 920 5914 ae
934 5852 1100 5914 Caelestius
1119 5853 1149 5912 in
1166 5853 1275 5928 primis
1294 5870 1301 5909 ε
1318 5851 1435 5926 quibus
1455 5850 1585 5928 propria
1608 5849 1841 5925 subscriptione
1859 5846 2013 5923 adjungit,
2029 5845 2197 5906 Volusiani

571 5931 729 5995 interesse
748 5939 783 5994 ut
799 5932 936 5994 edietum
951 5932 1034 5994 istud
1055 5935 1143 5993 curet
1166 5928 1530 6008 observandumtlnira,
1546 5926 1685 6005 Append.
1706 5935 1798 6005 parte
1820 5925 1864 6017 P).
1889 5924 2084 5985 Volusianus
2106 5941 2196 6002 ergo,

571 6009 759 6072 Constantio
774 6016 810 6072 ut
825 6013 1069 6086 obsequeretur,
1085 6010 1245 6070 decretum
1267 6012 1298 6068 et
1317 6009 1385 6085 ipsc
1406 6007 1631 6086 promulgavit,
1646 6023 1711 6083 quo
1726 6005 1907 6067 Coelesturm
1930 6002 2045 6064 divinae
2067 6001 2138 6061 fidei
2164 6012 2195 6062 et

571 6089 690 6164 quietis
705 6091 842 6167 publice
856 6091 1111 6166 perturbatorem
1131 6089 1231 6148 lloma
1250 6093 1346 6165 atque
1372 6087 1459 6146 omui
1479 6085 1611 6145 finitima
1627 6084 1756 6162 regione
1778 6083 1928 6161 pellebat,
1951 6081 2194 6158 proscriptionis

574 6184 666 6243 pena
684 6168 755 6232 iisa
775 6168 893 6248 quibus
908 6169 1134 6239 occultaretur,
1146 6167 1312 6227 intentata.
1328 6165 1473 6226 Edictum
1488 6163 1667 6224 Constantii
1690 6162 1730 6224 ad
1751 6162 1964 6224 Volusianum
1987 6160 2025 6220 de
2051 6159 2196 6236 pellendo

553 6243 720 6310 ,Coelestio
730 6252 886 6309 memorat
900 6249 1030 6309 Photius
1047 6247 1154 6326 (ibid).

616 6325 841 6388 Verumtamen
857 6343 918 6386 non
935 6335 1102 6406 propterea
1114 6325 1296 6388 Calestium
1310 6323 1436 6388 aninrus
1450 6322 1561 6382 deiecit
1576 6341 1583 6380 τ
1601 6323 1627 6382 is
1641 6321 1725 6382 enim
1742 6321 1863 6402 aliquot
1879 6325 1950 6398 past
1966 6314 2188 6388 intrincesis-
