5592 7350
546 999 599 1055 aaa

545 1113 668 1171 nonnulli
685 1126 780 1183 parum
794 1111 997 1167 considerantes
1012 1123 1090 1181 quam
1106 1108 1187 1164 multa
1206 1107 1341 1179 Scriptura

546 1206 626 1261 neue
639 1211 798 1275 pretereat,
813 1203 900 1275 ipsum
915 1201 981 1257 Cain
994 1216 1055 1257 catu
1070 1210 1155 1257 atatre
1167 1200 1343 1255 concubuisse

545 1303 707 1368 potaverunt
717 1336 725 1362 ,
735 1295 808 1351 unde
819 1296 921 1366 prolem
936 1309 995 1365 uuae
1008 1299 1213 1350 commemomta
1227 1301 1268 1347 est
1281 1304 1342 1361 pro·

546 1396 663 1451 mearet,
676 1395 804 1460 putatttes
816 1387 871 1441 illis
884 1384 946 1440 liliis
963 1383 1049 1440 Adam
1062 1395 1169 1440 sorores
1182 1397 1235 1436 neu
1248 1380 1341 1446 luisse,

544 1479 606 1550 quia
625 1492 672 1533 eas
684 1478 825 1548 Scriptura
839 1486 902 1531 tunc
915 1477 1015 1541 tacuit,
1032 1483 1124 1545 postea
1142 1470 1342 1542 recapitulando

545 1567 664 1623 luterens
687 1568 759 1638 quod
781 1567 1008 1637 praetermiserat,
1033 1564 1118 1618 Adam
1136 1562 1206 1617 lilius
1226 1571 1254 1617 et
1276 1561 1342 1615 itlius

543 1670 704 1729 ptrueremse
724 1656 800 1730 (liert.
816 1673 847 1724 r,
863 1658 910 1728 l),
927 1672 977 1711 uec
993 1664 1098 1727 tempus
1115 1670 1169 1723 quo
1189 1654 1242 1708 uati
1261 1664 1340 1721 suut,

544 1763 596 1804 nee
618 1761 781 1815 numeram,
804 1762 854 1803 nee
876 1746 1006 1803 voeabula
1027 1742 1184 1814 emendetis)
1208 1741 1269 1798 :ita
1292 1757 1343 1798 nee

543 1837 811 1893 eorumemerattdum
824 1837 883 1905 tuit,
894 1838 917 1892 si
927 1837 1005 1899 Aba,
1016 1834 1139 1906 quamvls
1149 1836 1245 1889 merito
1253 1833 1342 1903 justus

541 1930 695 2001 appetimus
708 1938 767 1994 est,
782 1930 862 1999 paule
879 1928 1082 1984 immoderatius
1101 1925 1243 1997 aliquando
1265 1926 1339 1990 risit,

541 2021 587 2077 rel
605 2020 688 2076 anirai
703 2022 863 2077 remissione
875 2021 980 2091 jocatus
992 2029 1042 2085 est,
1059 2019 1101 2074 rel
1115 2017 1180 2073 vidit
1193 2015 1292 2087 aliquid
1307 2016 1341 2070 ad

540 2110 806 2181 eoncupiseeudorn,
828 2111 869 2166 tel
889 2110 1024 2182 aiamamo
1043 2108 1245 2164 immoderatius
1263 2122 1340 2177 poma

542 2202 698 2271 decerpsit,
718 2204 760 2259 tel
784 2204 905 2273 plusculo
924 2204 985 2259 cttto
1005 2204 1113 2259 erudior
1131 2186 1197 2269 tuit,
1219 2202 1260 2259 rel
1279 2218 1340 2258 eum

540 2300 636 2347 oraret
646 2292 774 2361 cogitarit
788 2291 888 2363 aliquid
904 2291 974 2349 unde
988 2292 1046 2362 ejus
1062 2293 1087 2347 in
1101 2292 1171 2347 aliud
1186 2304 1341 2348 avocaretur

541 2381 669 2449 intetttio,
684 2389 712 2439 et
722 2385 828 2454 quoties
839 2382 876 2439 ilii
887 2384 936 2440 ista
950 2397 981 2439 ae
994 2382 1089 2440 similia
1103 2385 1186 2439 multa
1200 2384 1341 2453 subrepse-

490 2528 494 2536 ,
542 2475 606 2527 rint.
621 2477 663 2528 att
675 2473 743 2530 torte
753 2483 862 2546 peccata
874 2490 926 2530 nou
939 2483 1015 2540 suut,
1028 2473 1062 2529 dc
1071 2474 1168 2545 quibus
1177 2474 1340 2545 generaliter

542 2565 673 2620 carendis
684 2576 763 2636 atque
775 2565 932 2623 cohibendis
944 2565 1119 2621 admonemur
1130 2576 1263 2637 praeopto
1276 2580 1339 2635 apos

540 2656 658 2723 stutteo,
671 2657 717 2712 ubi
730 2657 809 2723 dicit,
827 2656 886 2713 Non
898 2674 957 2730 erpo
973 2666 1057 2728 amuel
1075 2665 1205 2727 peceatum
1218 2656 1244 2710 iu
1259 2667 1339 2711 uestro

539 2746 647 2801 mirati
656 2761 763 2819 corpore
774 2747 807 2801 ed
817 2748 981 2803 odediendum
994 2747 1124 2802 desideriis
1135 2746 1190 2817 eius
1200 2743 1290 2814 (lione
1300 2761 1337 2811 rt,

543 2836 610 2908 lili
625 2838 674 2893 llis
683 2840 783 2909 quippe
795 2850 830 2895 rte
844 2836 1000 2895 obediamus
1011 2837 1044 2893 ad
1058 2853 1089 2893 ea
1104 2852 1164 2908 quac
1177 2837 1336 2900 tranlucent,

542 2930 585 2986 tel
599 2930 690 2986 miuus
704 2932 820 2999 decent,
834 2929 987 3003 quetidiana
1007 2940 1035 2986 et
1055 2938 1181 3001 perpetua
1201 2928 1339 2985 tottttieta-

542 3025 783 3081 tioneeertandum
792 3035 843 3081 est.
854 3025 920 3081 llam
932 3026 1022 3095 utique
1032 3039 1065 3081 et
1078 3023 1129 3080 boe
1140 3025 1203 3080 tltio
1213 3024 1337 3084 mittitur.

526 3100 586 3172 'rel
598 3117 743 3173 dimittitur
757 3118 867 3184 oculus,
883 3128 936 3188 quo
951 3131 1003 3172 nott
1019 3123 1125 3186 oportet
1138 3134 1144 3169 :
1159 3114 1230 3187 qtutd
1246 3114 1337 3168 ritiutn

476 3280 483 3286 ·
542 3207 565 3260 si
577 3208 744 3263 emttnltterit
762 3217 790 3264 et
807 3208 993 3279 preminent,
1006 3206 1085 3262 etiam
1100 3204 1261 3261 adulterium
1276 3219 1338 3277 per-

544 3309 665 3366 petratur
686 3299 713 3353 itt
733 3312 864 3369 corpore,
884 3298 954 3369 quod
975 3299 1001 3353 lu
1015 3296 1096 3353 eorde
1111 3306 1186 3351 tante
1204 3296 1231 3362 lit
1244 3296 1336 3359 eitius,

544 3402 645 3458 ttuauto
664 3400 706 3445 est
725 3392 852 3460 cogitatio
866 3390 996 3455 celerior,
1011 3399 1038 3444 et
1051 3388 1150 3442 rutilum
1164 3385 1339 3455 impedimen-

546 3490 601 3534 tutn
618 3494 764 3535 morartnu.
779 3478 836 3534 llee
855 3488 1010 3550 peecatum,
1025 3478 1052 3533 id
1070 3482 1127 3542 est,
1148 3477 1218 3530 ltuttc
1237 3474 1339 3530 uttosa

545 3569 695 3625 affectiotris
712 3571 858 3639 appetitum
870 3569 916 3640 uui
929 3584 1023 3639 magua
1039 3584 1071 3624 et
1093 3575 1168 3637 parte
1182 3564 1337 3631 frenarunt,

545 3671 573 3715 ut
587 3676 643 3716 oon
660 3659 804 3717 obedirent
823 3658 963 3715 desidetiis
976 3657 1052 3730 elus,
1070 3671 1120 3714 uec
1137 3655 1297 3713 exltibeteut
1313 3656 1338 3711 ei

545 3750 664 3807 membra
681 3764 729 3806 sua
751 3766 824 3805 arma
849 3749 1013 3821 trimitaria,
1027 3750 1106 3805 ctiam
1127 3747 1190 3818 justi
1212 3746 1338 3816 appellari

544 3852 720 3901 ttterueruut:
731 3853 758 3898 et
773 3842 835 3908 ltoe,
848 3840 980 3911 adjutorio
992 3840 1083 3911 gratim
1097 3837 1154 3893 liei.
1166 3837 1263 3918 ieram
1276 3836 1338 3906 ttu'rt
1357 3860 1359 3862 v

544 3949 617 4006 supe
630 3936 658 3990 itt
671 3935 813 3990 let-issimis
830 3942 857 3989 et
875 3933 1016 4004 aliquande
1030 3931 1142 3986 ltteautis
1155 3929 1259 4000 obrepit
1274 3942 1337 3999 pee-

543 4035 649 4090 eatuot;
662 4035 689 4080 et
701 4024 765 4096 justi
779 4025 900 4090 luerunt,
915 4033 944 4079 et
959 4024 1017 4078 aitte
1030 4028 1140 4092 peecata
1153 4036 1206 4076 nott
1218 4017 1336 4076 luenutt.

545 4114 685 4172 Postremo
699 4116 721 4171 si
734 4117 761 4170 in
775 4115 841 4171 Abel
853 4115 926 4185 justo
938 4111 1053 4169 ebaritas
1066 4111 1130 4177 liei,
1145 4124 1196 4182 qua
1210 4121 1338 4165 mturare

487 4239 490 4243 -
541 4209 629 4274 ioum
642 4213 686 4261 est
698 4205 859 4276 quicumque
871 4205 958 4274 justus
971 4211 1021 4268 est,
1036 4201 1195 4257 adhuc-erat
1208 4213 1261 4270 utto
1276 4214 1337 4269 pes·

542 4307 585 4352 oet
604 4305 632 4352 et
652 4295 763 4352 deberet
781 4297 871 4365 augeri
889 4292 948 4366 (a),
968 4291 1095 4364 quidquid
1115 4291 1204 4346 minus
1219 4300 1290 4357 etat,
1303 4300 1336 4345 er

543 4388 609 4442 titio
622 4395 691 4443 erat.
708 4386 742 4440 Et
753 4385 796 4441 eui
808 4399 861 4439 nott
878 4385 968 4439 miuus
979 4384 1029 4447 sit,
1048 4382 1133 4437 dottee
1146 4379 1179 4435 ad
1193 4378 1264 4436 iliam
1279 4378 1338 4449 eius

543 4477 727 4534 tortitudinem
743 4477 881 4546 tertiatur,
895 4476 939 4532 ubi
961 4484 1015 4531 tota
1027 4472 1147 4530 ltomittis
1161 4472 1338 4528 absorbeatur

542 4567 705 4623 iufirmitas!
1310 4562 1319 4578 '

574 4657 694 4714 CAPUT
714 4655 834 4712 xxxtx.
856 4686 893 4697 -
913 4648 958 4712 tid.
978 4655 1052 4709 idem
1069 4660 1189 4710 trarlaittr
1203 4668 1337 4725 orpouten·

542 4759 607 4803 tm.
619 4748 713 4819 laeua
724 4749 802 4819 platte
810 4746 1085 4804 sertteutiaeuuclusit
1097 4746 1166 4801 lrutto
1177 4745 1264 4801 loeutn
1275 4758 1335 4800 eum

540 4841 579 4896 ait
594 4840 752 4895 :aarum
766 4841 845 4911 ipitur
861 4842 929 4911 qued
948 4839 1068 4910 lepitana,
1083 4851 1106 4893 et
1120 4837 1187 4908 pred
1203 4854 1253 4892 nott
1271 4837 1336 4908 lepi-

541 4946 615 4995 taus,
629 4930 702 5001 uelat
714 4932 847 4985 medentur
865 4941 996 4996 esnone,
1011 4932 1079 5000 aaut
1099 4930 1129 4982 de
1146 4931 1241 4982 rtututt
1261 4932 1336 4984 etium

542 5022 637 5075 directe
647 5019 762 5093 sufficiet.
776 5021 874 5076 Contra
888 5036 938 5091 ego
953 5020 1023 5086 dicu,
1036 5035 1085 5075 nee
1100 5035 1179 5076 ottute
1189 5021 1258 5088 ttttttd
1270 5021 1335 5089 lepi-

539 5126 604 5165 rtrus
613 5111 723 5166 medere
733 5126 783 5166 uos
792 5111 901 5176 debere,
915 5119 1023 5182 propter
1034 5110 1096 5163 illud
1108 5110 1177 5178 qttutl
1193 5109 1336 5179 apostolus

540 5203 599 5263 ait,
616 5200 711 5254 Omnia
730 5193 821 5272 lepite',
834 5216 892 5273 eure
904 5202 968 5254 botru
988 5210 1045 5254 seut
1065 5199 1183 5269 ttteutt
1199 5199 1285 5255 Tletes.
1302 5216 1333 5264 v,

535 5290 589 5359 ill)
606 5299 655 5347 :et
666 5300 788 5346 astruere
798 5290 897 5361 aliquid
910 5291 988 5346 etiam
1001 5289 1072 5360 quud
1087 5304 1139 5344 uon
1151 5291 1273 5360 logitmts,
1287 5307 1335 5346 ue·

538 5381 583 5435 (aa
592 5392 732 5437 troncoso.
742 5382 892 5436 fossatos
908 5381 982 5436 eru’ut
997 5379 1095 5451 aliquid
1106 5381 1176 5434 leona
1190 5381 1240 5435 lide
1255 5390 1335 5436 testes

539 5481 664 5528 astruere
675 5473 746 5544 quod
760 5473 864 5543 experti
874 5482 977 5536 stauos,
989 5473 1068 5527 etiaut
1079 5471 1103 5524 si
1118 5470 1186 5526 lette
1198 5487 1249 5526 nott
1268 5473 1334 5540 terit

539 5578 613 5618 mus.
625 5563 676 5619 ilie
691 5565 803 5620 fortasse
814 5563 969 5634 respotrdet,
982 5562 1037 5634 Epo
1045 5580 1103 5617 eom
1117 5564 1163 5618 lroe
1174 5565 1291 5630 diret-em,
1303 5564 1335 5618 de

539 5659 685 5729 Srrlprarir
698 5660 791 5714 toartis
806 5658 921 5730 opetum.
933 5656 960 5713 Θ
974 5658 1091 5723 utinam,
1111 5671 1164 5712 uon
1180 5657 1244 5713 ¹dieo
1262 5659 1332 5712 aliud

535 5765 620 5821 quam
635 5750 726 5804 inillis
739 5750 848 5805 litteris
863 5748 943 5819 legit,
960 5762 1051 5804 terum
1064 5757 1156 5802 eontra
1171 5748 1196 5801 id
1211 5748 1279 5818 quud
1291 5751 1333 5803 le·

537 5845 588 5917 git,
604 5842 671 5898 uiltil
687 5838 770 5898 uellet
786 5840 923 5896 astruere!
940 5839 1053 5894 lltleliter
1067 5849 1094 5894 et
1113 5837 1269 5893 obedienter
1283 5855 1331 5892 au-

536 5937 610 5992 diret
624 5935 696 6006 qued
706 5935 834 6004 seriptum
847 5942 899 5997 est,
912 5930 964 5985 Per
977 5949 1056 5985 rmum
1066 5931 1191 5984 tramittem
1204 5942 1332 6000 peceatum

537 6027 641 6081 intrarit
654 6026 682 6080 itt
696 6026 836 6090 erundum,
860 6034 883 6077 et
902 6039 946 6093 per
966 6031 1095 6092 pareutum
1116 6036 1202 6081 tuoto:
1219 6031 1241 6073 et
1260 6021 1294 6072 itu
1307 6021 1333 6074 itt

571 6184 609 6244 (a)
626 6180 748 6241 tattetttae,
760 6193 809 6243 que
822 6185 904 6243 pessel
914 6187 939 6228 et
949 6176 1054 6227 deberet
1065 6174 1110 6224 bae
1129 6175 1151 6224 iu
1171 6176 1217 6222 tite
1237 6177 1330 6237 attgeri.

540 6260 555 6292 ι
571 6252 656 6307 omme
677 6244 742 6291 enim
753 6276 761 6301 ,
772 6257 785 6285 ι
798 6244 833 6290 uit
852 6241 915 6290 littro
925 6241 957 6289 de
968 6240 1055 6299 spriritu
1067 6239 1233 6292 etcinerem.
1247 6237 1302 6294 oda
1313 6240 1332 6285 si

541 6326 555 6352 ι
565 6320 625 6356 estre
639 6304 744 6353 noudum
758 6310 838 6365 potest
850 6309 914 6351 tauta
930 6300 1028 6350 dilectio
1040 6299 1089 6357 bei,
1103 6308 1191 6367 quanta
1204 6298 1236 6346 illi
1249 6312 1270 6347 er
1287 6301 1332 6346 mi·

543 6368 625 6416 amnti
638 6364 718 6429 'deute
727 6365 1013 6435 perti-ctettuedettetur,
1023 6362 1072 6421 jaro
1084 6370 1152 6420 empn
1169 6315 1332 6430 deptutaffitttu

543 6436 617 6480 aeto.
630 6443 642 6474 ι
657 6426 715 6477 tide
728 6429 789 6476 utba
798 6424 924 6473 litttutuoe
933 6420 1084 6474 l'erieatiuue
1100 6422 1204 6486 mittet,
1218 6435 1240 6469 u.
1258 6423 1291 6473 te.

1250 990 1349 1051 tttteu
1369 988 1468 1052 tttttls'r

2113 1055 2117 1062 ,
2132 991 2185 1054 tto

1398 1126 1484 1164 otttuea
1505 1110 1618 1167 dotttt‘ues
1637 1116 1801 1182 purlruttu'it,
1822 1116 1848 1169 itt
1866 1129 1915 1186 pou
1927 1129 2012 1172 otttnet
2025 1125 2191 1182 peremunt

1398 1202 1486 1270 (liutto
1503 1219 1528 1271 r,
1545 1204 1589 1275 19)
1602 1224 1608 1258 ;
1620 1213 1648 1259 et
1658 1217 1711 1260 non
1723 1205 1868 1262 infirmaret
1879 1208 1946 1263 tanti
1954 1208 2051 1263 motiiel
2062 1208 2187 1280 gutiam,

1396 1292 1459 1347 dum
1473 1292 1549 1349 lateri
1563 1310 1615 1349 uon
1626 1296 1682 1349 urit
1694 1304 1814 1350 notiorem
1828 1296 1970 1352 itomanam
1983 1312 2045 1354 esse
2055 1299 2186 1355 vitiatam.

1396 1385 1419 1440 0
1441 1386 1541 1440 utinam
1563 1387 1632 1441 sieut
1651 1387 1812 1443 eltristiattus
1835 1388 1954 1457 legeret,
1975 1390 2187 1459 preterieram

1396 1474 1530 1530 Christum
1543 1477 1643 1532 nullum
1656 1493 1715 1533 esse
1724 1492 1821 1535 nomeu
1832 1481 1882 1535 suit
1890 1480 1969 1547 caelu,
1981 1482 2007 1536 lu
2018 1496 2071 1552 que
2081 1491 2188 1552 oportet

1396 1566 1483 1620 saltos
1491 1566 1548 1620 lteri
1557 1567 1677 1637 neside.
1685 1584 1722 1635 ιι,
1731 1567 1775 1637 ta)
1784 1587 1790 1625 t
1800 1578 1827 1624 et
1837 1583 1889 1625 uun
1901 1571 2102 1641 passibilitatem
2110 1581 2189 1628 nata·

1396 1675 1433 1713 rae
1446 1659 1567 1713 ltutttanm
1583 1660 1617 1713 ita
1632 1661 1921 1725 detenderet,utltotno
1933 1664 2101 1733 perlibenter
2113 1656 2187 1719 trol-

1396 1747 2183 1823 triumetiorttsiueistonotnittesalrusessepossecredatur!

1430 1839 1543 1895 CAPUT
1562 1838 1618 1895 tt.
1635 1872 1670 1881 -
1683 1842 1727 1897 tt.
1744 1842 1873 1898 Christum
1891 1845 1924 1897 od
1940 1846 2001 1915 quid
2017 1846 2185 1899 nemoralium

1394 1929 1465 1981 uobis
1480 1931 1558 1999 [aisse
1577 1933 1672 2000 putruit
1694 1932 1823 2004 Pelopiae.
1839 1923 1891 1989 Sed
1906 1942 1980 2005 putat
1997 1935 2109 1991 nttmse
2124 1936 2185 1991 ideo

1395 2020 2183 2098 necessariumesseCltristittoutert,otperajasEuangeliou

1393 2111 1527 2165 discamus
1540 2113 1762 2182 quemadmodum
1773 2116 1862 2170 uiuere
1873 2115 2027 2182 debeamus,
2038 2132 2091 2173 ιιοιι
2102 2117 2182 2172 etiam

1395 2209 1423 2255 ut
1435 2202 1492 2270 ejus
1505 2202 1660 2272 adiutamur
1669 2205 1763 2274 gratia,
1777 2219 1831 2276 quo
1844 2205 1911 2261 berte
1921 2207 2050 2261 tiramus.
2062 2207 2111 2263 Vel
2121 2206 2184 2263 ltine

1393 2291 1487 2346 saltem
1500 2295 1726 2350 coalteoturesse
1735 2294 1902 2351 miserabiles
1915 2298 2039 2352 tenebras
2054 2298 2081 2352 itt
2093 2298 2183 2353 aniate

1394 2382 1527 2446 immane,
1542 2383 1586 2453 qui
1604 2384 1654 2440 seit
1668 2385 1893 2455 quemadmodum
1905 2385 2001 2441 debeat
2014 2387 2119 2442 nouem
2132 2386 2184 2442 du·

1392 2486 1485 2539 mare,
1504 2483 1531 2529 et
1552 2475 1637 2530 nescu
1649 2474 1873 2544 quemadmodum
1888 2475 1986 2531 uiuere.
2000 2476 2040 2530 Au
2053 2486 2080 2532 et
2092 2476 2143 2531 boe
2156 2486 2185 2532 ιι

1392 2564 1459 2617 sciat
1477 2562 1576 2619 sufficit
1595 2564 1619 2620 ei
1636 2565 1748 2620 liberum
1768 2565 1906 2621 arbitrium
1922 2567 2016 2636 lexque
2036 2566 2183 2624 naturalis?

1391 2653 1454 2709 llaec
1467 2664 1508 2709 est
1520 2657 1648 2725 sortientia
1664 2658 1754 2726 serbi,
1767 2671 1819 2729 qua
1838 2668 1981 2714 evacuatur
1994 2674 2059 2714 crux
2072 2658 2181 2715 Cltriati.

1392 2744 1445 2799 Sed
1457 2746 1500 2814 qtti
1512 2745 1589 2812 dixit,
1602 2744 1714 2800 Perdam
1723 2747 1874 2818 rapientium
1886 2748 2044 2819 sepiemum
2059 2749 2120 2819 quia
2132 2750 2182 2805 ism

1391 2841 1523 2889 eruruon
1538 2842 1625 2905 potest
1638 2837 1771 2901 evacuari,
1786 2837 1906 2907 proiectu
1924 2838 2002 2893 istam
2024 2837 2182 2909 sapientiam

1393 2939 1440 2994 pet·
1456 2926 1593 2980 stultitiam
1611 2927 1815 2997 predicationis,
1828 2943 1879 2998 qua
1889 2928 2029 2985 eredentes
2043 2942 2180 2998 summor,

1391 3016 1485 3069 erurtit
1500 3014 1521 3088 (l
1534 3016 1593 3071 Cor.
1609 3033 1632 3083 t,
1649 3018 1690 3084 li,
1705 3017 1748 3085 t9,
1760 3017 1817 3087 et).
1834 3017 1861 3074 Si
1875 3020 1945 3074 euim
1958 3019 2121 3089 possiltilitas
2132 3033 2182 3076 oa·

1392 3106 1485 3161 ttnalis
1499 3122 1546 3176 per
1566 3106 1678 3164 liberum
1694 3109 1852 3178 arbitrium,
1867 3122 1894 3166 et
1911 3111 1946 3166 ad
1965 3114 2181 3184 cognoscendum

1391 3196 1524 3265 quenula
1537 3198 1749 3265 derodebant,
1765 3211 1790 3256 et
1805 3201 1837 3256 ad
1853 3202 1919 3257 bene
1932 3202 2072 3257 virrodtutt
2084 3203 2184 3259 sullleit

1391 3285 1459 3352 stium
1476 3302 1535 3356 erpo
1550 3285 1665 3342 Gloriatur
1677 3291 1756 3358 pratis
1775 3301 1887 3344 mortuus
1899 3300 1936 3345 eu
1947 3291 2044 3361 (datm.
2063 3307 2099 3359 tt,
2114 3292 2180 3364 il);

1391 3393 1450 3447 erpo
1468 3387 1614 3431 eemuutum
1629 3388 1666 3432 est
1684 3378 1831 3432 srouduluut
1850 3380 1941 3433 crocu.
1956 3379 2009 3434 Cur
2028 3395 2079 3435 uon
2100 3382 2181 3437 eliam

1391 3480 1439 3538 ego
1450 3466 1493 3521 trit·
1502 3469 1661 3522 exclamem?
1672 3469 1725 3524 iure
1736 3469 1901 3535 exelatuabu,
1912 3480 1939 3525 et
1951 3470 2008 3526 istis
2017 3472 2181 3542 increpitabo
2199 3504 2202 3510 ι

1391 3556 1482 3612 dolore
1504 3557 1651 3613 eltrittimto
1674 3577 1681 3614 ε
1705 3558 1831 3614 tlt-acum
1850 3560 1915 3614 estis
1929 3573 1945 3615 a
1958 3560 2082 3626 Christo,
2095 3563 2140 3632 qui
2154 3563 2179 3616 irt

1391 3656 1483 3702 tratura
1495 3647 1688 3718 justillemulni,
1700 3662 1714 3703 a
1727 3648 1810 3720 pratia
1823 3648 1959 3706 excidistis
1968 3649 2022 3723 (ld.
2038 3666 2064 3720 ι,
2078 3652 2121 3719 ll,
2133 3651 2159 3723 l)
2173 3670 2179 3706 :

1390 3738 1543 3810 ipmttrautes
1563 3739 1636 3794 euim
1659 3739 1703 3796 [tet
1722 3741 1870 3812 justitiam,
1886 3750 1914 3797 el
1931 3753 2046 3798 vestram
2061 3745 2182 3800 roletttes

1389 3829 1562 3894 ettttstituere,
1572 3829 1681 3899 justiti-e
1694 3831 1740 3886 liei
1754 3833 1882 3888 nonestis
1893 3833 2014 3903 subjecti.
2026 3834 2179 3891 Sicuteuim

1390 3921 1451 3975 lutis
1464 3921 1539 3991 legis,
1556 3923 1590 3976 ita
1606 3923 1685 3977 etiam
1700 3933 1801 3980 naturae
1814 3926 1937 3982 ltumame
1949 3926 2050 3982 uitiosa
2064 3928 2182 3985 saluatur

1390 4012 2180 4092 citt-istnsestndlustttiarnomnicredettti(llotu.1r,3etl).

1425 4105 1538 4162 CAPUT
1557 4105 1624 4161 xit.
1639 4138 1675 4147 -
1687 4108 1731 4163 ta.
1746 4109 1845 4163 tirones
1858 4110 1982 4176 utromodo
1996 4111 2180 4180 accipiendum

1390 4197 1415 4249 iu
1438 4195 1517 4252 uerbis
1532 4196 1664 4267 ,lpostuli,
1680 4197 1712 4252 de
1730 4198 1818 4267 quibus
1839 4210 1951 4252 uteretur
1969 4201 2083 4268 questio.
2105 4201 2182 4267 Quod

1390 4301 1478 4344 autem
1489 4290 1539 4344 slbi
1549 4291 1672 4359 opposuit
1686 4290 1719 4346 ab
1734 4291 1773 4346 eis
1786 4290 1849 4354 dici,
1866 4299 1958 4345 eontra
1972 4304 2039 4360 quus
2053 4291 2179 4361 loquitur,

1392 4381 1485 4436 Otttues
1495 4383 1560 4435 euim
1570 4391 1732 4451 peceeommt
1746 4381 1813 4454 (la,
1826 4379 1865 4450 ut,
1880 4384 1927 4454 aa)
1940 4401 1947 4436 r
1959 4383 2127 4439 ntauilestutn
2139 4396 2180 4440 tet

1390 4471 1460 4542 truttd
1478 4473 1509 4526 de
1522 4453 1568 4526 ltt‘o'
1574 4473 1671 4527 dicebat
1684 4473 1819 4545 Apostolus
1832 4474 1876 4544 qui
1890 4484 1950 4527 tune
1964 4485 2050 4541 erent,
2066 4475 2113 4528 nor
2125 4483 2177 4540 est,

1390 4564 1422 4617 tie
1434 4562 1532 4618 iudeis
1545 4574 1568 4618 et
1583 4563 1713 4619 Gentibus.
1731 4562 1785 4620 Sed
1804 4565 1883 4633 plane
1894 4564 1959 4618 illud
1976 4565 2046 4634 qued
2059 4578 2178 4619 cornute-

1391 4655 1502 4720 tuoravi,
1518 4653 1569 4708 Pet·
1583 4669 1659 4707 uuum
1670 4654 1795 4708 ltmuirtent
1809 4665 1939 4723 peceatum
1953 4654 2054 4708 intrauit
2065 4655 2091 4709 t‘n
2105 4653 2179 4710 nrau-

1389 4747 1461 4808 duut,
1472 4755 1495 4800 et
1506 4756 1685 4815 pauperculum
1695 4760 1780 4809 utera,
1789 4753 1814 4798 et
1823 4744 1858 4797 itu
1868 4744 1895 4797 itt
1904 4758 1991 4799 omues
2000 4745 2113 4801 hotttluea
2123 4764 2180 4816 per·

1389 4838 1507 4901 transiit,
1530 4837 1556 4890 iu
1579 4848 1629 4906 quo
1648 4852 1733 4890 omues
1757 4845 1940 4906 peccaturum
1960 4846 1987 4892 et
2008 4839 2131 4910 antiquus
2151 4852 2180 4896 et

1389 4928 1561 4993 recentiores,
1582 4937 1608 4982 et
1622 4941 1671 4981 nos
1684 4934 1711 4981 et
1730 4935 1852 4997 posteros
1865 4937 1971 4983 nestros
1984 4932 2114 4985 sentetttia
2129 4931 2178 4986 ista

1389 5020 1584 5090 complectitur.
1605 5018 1683 5074 Ponit
1698 5019 1778 5074 etiam
1799 5019 1862 5074 illud
1884 5021 2086 5090 testimouium,
2109 5025 2179 5079 uude

1390 5110 1483 5181 probet
1495 5123 1555 5164 eum
1568 5108 1692 5165 dicuntur
1708 5124 1810 5175 outttea,
1826 5125 1878 5164 nott
1889 5124 1996 5181 semper
2014 5126 2108 5168 antuus
2122 5128 2181 5169 otu·

1390 5201 1453 5256 uino
1464 5201 1538 5256 nullo
1552 5201 1731 5272 praetermisso
1747 5199 1856 5270 intelligi
1870 5212 2004 5269 oportere.
2021 5220 2031 5255 t
2048 5201 2120 5258 Sicut
2134 5219 2180 5273 per

1392 5294 1515 5359 turtius,
1533 5312 1543 5345 t
1564 5293 1667 5363 inquit,
1685 5311 1694 5344 t
1717 5291 1836 5346 delictum
1858 5293 1885 5346 iu
1909 5309 1994 5347 omues
2018 5295 2131 5349 ltotuittes
2153 5297 2180 5350 iu

1392 5403 1401 5436 t
1420 5385 1652 5438 cettdemttutiouetu
1664 5400 1673 5448 ;
1685 5385 1720 5436 sie
1731 5392 1754 5438 et
1771 5398 1816 5454 per
1830 5383 1904 5438 ouius
1910 5383 2039 5455 justitimn
2049 5386 2075 5437 irt
2093 5401 2180 5441 omues

1392 5494 1402 5529 r
1420 5475 1532 5530 ioutr'ues
1547 5476 1573 5528 itt
1587 5474 1796 5546 justificationem
1816 5476 1883 5530 uite.
1901 5493 1911 5527 t
1930 5473 1993 5529 Ctuu
2005 5487 2050 5544 pet·
2062 5475 2179 5541 Citati,

1389 5567 1474 5636 inquit
1484 5609 1490 5629 ,
1500 5567 1646 5637 justitium,
1661 5554 1830 5630 trott'eiuu‘ea',
1849 5567 1893 5619 aeti
1911 5582 1953 5620 eoa
1970 5575 2067 5619 tautum
2085 5568 2127 5636 put'
2140 5569 2180 5622 t'llt'

1389 5657 1491 5712 obedire
1509 5657 1660 5720 uoluerunt,
1683 5667 1705 5708 et
1726 5655 1850 5724 baptismi
1868 5658 1924 5726 dut
1935 5655 2061 5710 ablutione
2079 5662 2180 5729 perpeti

1387 5757 1462 5812 aaut,
1480 5747 1650 5815 suttctt'p‘euter
1663 5764 1716 5801 erse
1728 5764 1778 5809 ιιοιι
1788 5747 1892 5800 dubium
1905 5746 1948 5801 ut.
1962 5747 2021 5802 Nou
2035 5749 2113 5817 platte
2128 5752 2195 5805 isto·

1389 5837 1542 5891 tustitttuuiu
1558 5837 1650 5906 prultst
1663 5835 1733 5905 rtuutl
1749 5835 1816 5889 vult.
1837 5835 1902 5889 Natu
1916 5836 1986 5907 sient
2005 5838 2104 5894 dietum
2118 5851 2178 5907 est,

1389 5929 1462 5984 Sicut
1476 5945 1520 5998 per
1534 5929 1609 5983 uniter
1628 5928 1746 5981 delictum
1760 5927 1786 5981 lu
1801 5943 1885 5983 amares
1904 5929 2017 5983 tutatur
2036 5931 2063 5983 iu
2084 5934 2179 5987 conde·
2238 5916 2243 5926 ’

1388 6024 1555 6083 notationem,
1577 6031 1604 6075 ut
1617 6021 1704 6074 nullus¹
1718 6023 1986 6090 praetermitteretur:
2003 6023 2042 6078 sic
2060 6033 2087 6078 et
2109 6027 2134 6078 iu
2148 6039 2179 6079 eo

1388 6113 1458 6187 quud
1472 6113 1570 6167 dietum
1582 6122 1633 6176 est,
1649 6129 1693 6181 per
1704 6113 1778 6166 ouius
1786 6114 1912 6185 justitium
1928 6114 1954 6166 iu
1968 6130 2055 6168 omnm
2067 6116 2179 6169 irentinus

1387 6206 1413 6258 itt
1420 6205 1629 6274 justificationem
1640 6212 1697 6257 et'tte
1708 6202 1763 6270 (ld.
1776 6220 1803 6269 u,
1816 6205 1871 6272 18),
1884 6207 1972 6261 nullus
1985 6211 2179 6277 praetermissus

1388 6307 1428 6350 est
1443 6315 1448 6347 :
1462 6312 1513 6349 ιιοιι
1528 6296 1588 6363 tutia
1600 6310 1693 6349 emtus
1705 6297 1729 6348 itt
1741 6312 1802 6349 eum
1813 6297 1924 6350 creduut
1937 6310 1963 6350 ut
1973 6297 2110 6366 Baptistae
2120 6299 2181 6364 citu

1388 6389 1551 6460 abluuntur,
1571 6386 1619 6446 sed
1641 6388 1705 6463 qttia
1724 6405 1806 6446 uetuo
1824 6389 1990 6462 'punt-nauta
2013 6390 2072 6442 ubit
2084 6389 2124 6440 'ut
2139 6399 2208 6441 tm
