5592 7350
585 920 638 992 ddi

584 1046 731 1118 baptizari,
747 1059 826 1117 quam
840 1054 950 1115 peceato
963 1042 1044 1108 mori,
1061 1042 1130 1099 sicut
1143 1037 1187 1096 ille
1202 1049 1323 1097 mortuus
1337 1047 1378 1092 est

584 1154 676 1195 earne.
697 1136 775 1195 liade
796 1149 905 1192 neeesse
923 1143 964 1191 est
985 1144 1013 1190 nt
1032 1133 1133 1204 paruuli
1155 1142 1200 1187 aut
1220 1132 1246 1187 ia
1270 1130 1376 1186 cbristo

584 1232 658 1286 ιιιιιι1
679 1230 856 1299 baptizentur,
871 1236 916 1281 ant
931 1227 953 1281 si
975 1227 1153 1296 baptizantur,
1168 1226 1194 1279 ia
1216 1231 1304 1278 morto
1317 1223 1376 1291 ejus

584 1321 769 1391 bapt.izentnr;
785 1333 817 1373 ae
828 1318 866 1371 sla
880 1326 988 1388 peccato
1002 1317 1050 1386 ipsi
1061 1329 1166 1385 quoqne
1180 1314 1337 1378 moriautur,
1349 1320 1377 1366 ct

583 1415 646 1485 quia
659 1427 712 1468 uon
727 1411 827 1473 itabant
848 1410 1002 1479 proprium,
1018 1409 1051 1462 ab
1069 1407 1148 1461 alicui
1159 1434 1160 1438 ,
1170 1406 1259 1470 illius,
1274 1404 1299 1459 id
1314 1413 1375 1469 est,

583 1504 729 1577 originalis,
744 1502 813 1573 quod
828 1502 946 1557 oninium
959 1515 1102 1557 commuue
1122 1500 1291 1578 factumest,
1308 1511 1374 1551 eon·

583 1596 755 1649 latttioatiottc
769 1592 937 1648 attondentur.

619 1688 664 1742 dl.
685 1686 732 1740 llis
746 1693 785 1740 ιοι
803 1684 928 1738 actarrtis
949 1681 1062 1736 nautibus
1084 1680 1200 1735 uirorum
1222 1688 1374 1735 sanctorum

582 1777 776 1846 doctorumque
791 1774 912 1837 vallatus,
926 1770 1013 1827 adltuc
1030 1788 1133 1826 eausam
1146 1782 1257 1826 nostram
1272 1770 1375 1840 putabis

584 1868 684 1922 trallunt
700 1880 849 1922 assertorem
863 1866 895 1919 de
909 1874 978 1919 tutata
991 1863 1150 1917 multitudine
1160 1861 1374 1931 iareairepotuia-

582 1958 630 2012 ae?
643 1965 681 2011 Αιι
698 1967 797 2011 tantuna
820 1955 1023 2010 consensionem
1038 1952 1207 2008 sacerdotnm
1226 1951 1372 2006 catholico·

583 2066 654 2114 taam,
668 2048 878 2118 conspirationem
891 2045 1010 2100 dicturus
1024 2059 1053 2100 es
1064 2044 1237 2113 perditarum?
1246 2040 1301 2097 Nec
1312 2057 1374 2106 sattf

583 2150 654 2193 cutnt
663 2139 863 2208 Hieronymum,
874 2134 933 2207 quia
941 2129 1373 2205 presbyterinit,contemnendum

583 2231 740 2294 arbitreris,
754 2229 798 2299 qni
814 2243 900 2298 graeco
914 2237 941 2281 ct
962 2227 1060 2293 latino,
1077 2229 1186 2297 insuper
1199 2236 1227 2282 et
1247 2225 1372 2290 hebraeo,

582 2321 702 2377 erutlitus
717 2321 831 2390 eloquio,
846 2335 877 2375 ea
892 2317 1051 2375 occidentali
1065 2320 1099 2374 ad
1113 2320 1269 2374 orientalem
1284 2327 1373 2373 traus-

582 2414 642 2469 ieas
656 2414 819 2476 Ecclesiam,
834 2413 860 2466 in
875 2412 941 2466 locis
956 2413 1055 2466 sanctis
1069 2419 1149 2482 atque
1162 2411 1188 2464 ιιι
1207 2410 1314 2466 Litteris
1328 2424 1373 2465 sa·

586 2506 650 2569 eris,
666 2518 749 2575 usque
762 2504 795 2557 ad
808 2502 970 2573 decrepitam
991 2503 1055 2557 vixit
1069 2504 1194 2558 atatem¹
1207 2522 1213 2558 :
1227 2516 1373 2573 oamesque

582 2602 626 2656 ret
650 2615 718 2671 pene
739 2600 891 2669 omnesqui
912 2606 974 2653 aute
996 2598 1069 2653 iilum
1093 2596 1193 2668 aliquid
1213 2613 1246 2652 cx
1260 2606 1374 2664 utraque

582 2701 659 2763 parte
672 2691 744 2746 orbis
758 2690 792 2745 de
803 2690 1108 2745 doctrinaecclcsiastica
1119 2689 1282 2759 scripserant
1296 2687 1369 2758 legit,

582 2796 633 2837 aec
645 2782 724 2836 aliatn
737 2779 771 2835 de
790 2780 840 2835 bac
854 2780 979 2835 retenuit
1000 2781 1180 2850 prompsitque
1201 2779 1370 2835 senteutiam.

582 2874 631 2941 Qui
644 2888 704 2928 curu
727 2880 872 2941 exqtoneret
892 2871 986 2926 tnunn
1010 2871 1185 2942 prophetam,
1205 2871 1373 2941 apertissime

582 2964 657 3027 dixit,
667 2962 736 3033 quod
748 2962 823 3015 etiam
831 2962 930 3031 paruuli
944 2960 1289 3031 peccatoaffeadeutisddum
1303 2972 1372 3015 teue-

581 3065 668 3109 reutar
679 3052 781 3108 oirtoaii
795 3052 838 3123 (la
853 3068 910 3122 cap.
924 3052 973 3125 5).
987 3051 1060 3108 ltaue
1074 3061 1145 3108 tuum
1160 3052 1201 3107 sle
1213 3052 1314 3107 amabis
1328 3062 1372 3106 cri

582 3161 680 3209 rorent,
696 3146 722 3200 itt
736 3159 815 3215 quem
827 3144 935 3213 juveniti
947 3144 1106 3199 confidentia
1119 3154 1146 3198 et
1167 3142 1283 3198 humano
1296 3145 1372 3213 lapsu

582 3235 714 3291 incautius
734 3234 874 3303 decidisti,
891 3244 919 3290 ιιι
932 3236 967 3289 ab
982 3234 1040 3289 istis
1059 3236 1196 3291 catholicae
1216 3236 1324 3290 unitatis
1345 3243 1371 3291 et

585 3328 707 3382 actitatis
734 3327 934 3391 sacerdotibus,
958 3342 991 3381 cx
1012 3310 1125 3381 dirersis
1147 3326 1220 3381 orbis
1242 3337 1371 3382 terrarum

581 3420 702 3490 partibas
717 3428 788 3472 tanta
803 3418 872 3474 inter
886 3434 915 3474 se
927 3418 986 3473 iudei
1001 3416 1141 3472 cottcordia
1152 3418 1369 3487 congruentibus,

581 3514 609 3566 ia
623 3520 675 3564 taur
690 3526 784 3581 magna
797 3526 885 3573 cattsa,
902 3511 944 3564 ubi
956 3510 1107 3565 christianae
1121 3510 1257 3580 religionis
1268 3525 1371 3565 summa

581 3600 718 3664 coassistit,
734 3615 787 3654 nou
810 3601 895 3654 solum
910 3599 1068 3664 dissentire,
1082 3597 1128 3653 scd
1142 3613 1188 3653 eos
1206 3600 1305 3667 audeas
1317 3598 1372 3653 lla-

581 3684 700 3746 tticluuos
714 3693 822 3760 iasupcr
844 3693 1016 3761 unttcnparc?
1029 3690 1104 3759 Quod
1120 3691 1142 3745 si
1157 3707 1208 3746 uon
1223 3687 1306 3761 facie,
1322 3707 1372 3748 nec

581 3784 647 3839 milri
669 3784 719 3840 boc
736 3785 807 3854 juste
830 3785 913 3849 lacis,
929 3800 1008 3854 qncm
1031 3784 1118 3838 cernis
1142 3782 1167 3838 iu
1183 3783 1276 3838 cadem
1291 3797 1372 3839 causa

581 3873 801 3944 disputationibus
821 3876 904 3939 tucis,
919 3875 1013 3944 quibus
1034 3873 1161 3928 aduersus
1185 3889 1227 3928 me
1247 3872 1372 3928 ferociter

581 3967 704 4033 irritaris,
716 3967 820 4020 illorum
835 3978 954 4021 seenmm
966 3967 1047 4021 luisse
1059 3967 1178 4036 vestigia.
1192 3965 1218 4022 Si
1230 3976 1317 4020 autem
1329 3982 1372 4022 tae

581 4058 668 4112 solnm
685 4058 728 4111 tali
743 4058 1026 4128 asper-qisopprobrio,
1041 4074 1092 4111 non
1105 4057 1234 4122 abaliud,
1248 4057 1298 4111 nisi
1310 4057 1370 4127 quin

580 4148 615 4204 de
632 4157 739 4218 peccato
760 4149 837 4218 pritni
854 4147 969 4204 litaminis
979 4149 1048 4218 qnod
1067 4149 1371 4220 sentiuntseutio,quod

582 4244 672 4291 terrent
685 4247 772 4302 teuco,
783 4238 853 4307 qnod
868 4237 1010 4307 praedicant
1018 4239 1149 4307 praetlieo;
1161 4240 1220 4310 quis
1233 4250 1259 4295 te
1270 4255 1322 4293 nou
1333 4240 1371 4293 ιι-

580 4328 642 4383 deat
656 4329 681 4383 iu
696 4346 739 4384 ute
752 4340 871 4400 apertam
882 4330 983 4399 jactare
996 4332 1155 4399 convicium,
1171 4333 1204 4387 de
1217 4332 1270 4388 illis
1282 4334 1371 4387 occul·

580 4422 636 4474 inm
651 4420 773 4488 quidem,
787 4419 835 4475 sed
848 4427 935 4474 tatnen
949 4421 1036 4475 simile
1057 4422 1156 4476 babere
1175 4422 1324 4491 judicium?
1338 4424 1371 4480 Et

579 4517 670 4564 tamen
683 4510 876 4573 consideratis,
891 4520 919 4565 nt
934 4511 983 4565 alin
1000 4521 1101 4566 taceam
1113 4554 1120 4578 ,
1134 4513 1175 4567 rel
1189 4513 1298 4569 loannis
1311 4515 1369 4585 epi-

580 4602 654 4670 scopi
669 4602 757 4657 terbis
766 4602 900 4658 denostro
914 4614 1025 4672 paterno
1035 4604 1211 4674 chirographo
1223 4605 1292 4674 quod
1304 4608 1370 4661 scri·

579 4693 634 4764 psit
648 4693 742 4761 adata,
759 4709 819 4766 qam
832 4696 911 4750 uerba
927 4697 954 4750 in
967 4711 999 4751 co
1012 4711 1145 4763 sermone,
1159 4698 1229 4754 unde
1241 4699 1311 4769 quud
1325 4717 1370 4753 vo·

578 4783 685 4839 enituisti
707 4786 855 4854 protulisti,
875 4787 1007 4842 inuenisse
1027 4797 1053 4841 te
1076 4788 1174 4852 credo;
1190 4789 1231 4843 vel
1251 4790 1369 4862 episcopi

579 4874 727 4941 Ambrosii,
750 4875 821 4947 quod
843 4876 877 4929 de
901 4877 1091 4932 commixtione
1113 4879 1192 4933 utaris
1213 4888 1241 4934 et
1264 4879 1370 4936 feminae

579 4963 669 5019 nullus
685 4975 771 5034 potest
787 4982 882 5035 expers
896 4981 956 5022 esse
978 4967 1094 5036 pcccati,
1110 4984 1169 5038 qnae
1191 4969 1217 5024 iu
1232 4986 1290 5025 meo
1302 4971 1370 5027 libro

578 5052 681 5124 legisti,
697 5055 744 5110 scd
758 5056 783 5110 iu
797 5057 848 5111 tnis
862 5057 990 5126 attingere
1004 5058 1130 5123 titttuisti;
1149 5059 1198 5114 etsi
1214 5075 1304 5115 caram
1319 5060 1369 5115 lto·

578 5145 695 5200 tniuibns
707 5146 741 5201 sit
751 5146 816 5201 dura
830 5146 902 5201 irone
913 5155 969 5214 tua,
981 5148 1114 5204 erubescit
1124 5165 1215 5205 coram
1229 5151 1283 5206 lleo
1294 5167 1370 5208 utens

578 5241 634 5289 tua.

613 5326 658 5381 35.
679 5326 735 5397 Ego
746 5329 852 5398 quidem
867 5345 915 5400 pro
935 5329 1148 5404 dilectioneque
1171 5334 1235 5390 milri
1249 5346 1290 5392 cst
1305 5353 1367 5409 erga

576 5424 614 5484 te,
628 5432 707 5489 quant
724 5419 778 5475 ben
799 5422 914 5492 propitio
926 5423 1088 5493 quibuslibet
1107 5428 1233 5483 conuiciis
1251 5430 1320 5484 absit
1341 5440 1369 5486 nt

575 5508 610 5564 de
623 5509 747 5565 medullis
761 5513 813 5567 atei
834 5515 923 5568 cordis
935 5518 1076 5587 exstirpes,
1094 5518 1218 5585 mallem,
1234 5521 1270 5577 lili
1284 5521 1368 5577 Julia-

576 5614 622 5664 nc,
638 5609 667 5655 ut
677 5601 816 5666 juveutute
827 5605 936 5660 meliore
948 5615 1028 5675 aitque
1039 5607 1149 5666 tortior-e
1160 5620 1185 5666 te
1196 5613 1326 5681 vinceres,
1341 5623 1370 5669 et

574 5692 773 5749 animositatem
799 5695 876 5766 (quid
898 5698 969 5752 aliud
995 5715 1074 5770 qnam
1098 5702 1294 5778 lntmaaamt),
1316 5723 1366 5776 qua

573 5784 651 5851 cupis
665 5793 746 5852 taam,
761 5789 962 5860 qualiscumque
976 5793 1020 5858 sit,
1035 5798 1160 5863 qnoniam
1180 5807 1222 5852 tna
1232 5798 1287 5867 jam
1299 5800 1367 5858 laeta

573 5883 626 5944 est,
642 5877 786 5948 praevalere
801 5882 972 5951 seutentiam,
986 5889 1134 5956 potentiore
1147 5890 1244 5959 pictate
1256 5908 1367 5963 supera-

606 5992 614 6023 ¹
633 5990 675 6040 llic
685 5991 824 6052 particulam
835 6001 968 6056 negantem
980 5999 1131 6050 restituimus
1140 6014 1171 6050 ea
1184 6009 1236 6053 ttss.

605 6052 667 6100 ’lbi
687 6054 850 6123 loranieuses
867 6069 898 6126 cx
924 6055 1027 6121 belgicis
1045 6067 1097 6111 tiss.
1117 6062 1276 6124 addiderant,
1299 6067 1368 6126 etaiam

572 6113 641 6164 nobb
651 6113 770 6184 etoqtttum
781 6114 812 6164 ab
828 6123 925 6185 Qrteate
945 6132 1020 6182 amate
1031 6121 1058 6171 ia
1077 6123 1228 6174 occidetttem
1240 6127 1273 6176 ott
1291 6135 1368 6179 matur

572 6173 695 6238 mmpadm
705 6177 862 6238 resplendeat.
875 6186 933 6228 'tum
944 6194 957 6229 s
1008 6185 1102 6242 ebatur,
1121 6186 1163 6234 ttic
1174 6200 1254 6238 oritatca
1264 6189 1300 6239 tel
1308 6205 1367 6253 treas

570 6248 662 6307 marea.
670 6238 769 6287 etesed
780 6239 867 6288 absunt
879 6243 952 6289 acrba
965 6243 979 6289 i!
991 6255 1003 6290 a
1017 6257 1063 6294 ann
1075 6248 1146 6295 artorio
1156 6249 1367 6313 altantiqnioribus

572 6297 710 6352 adrumeti
724 6301 796 6350 etiam
808 6313 821 6350 a
833 6301 956 6352 ttallicunis
967 6312 992 6356 ct
1003 6309 1119 6357 taticanis
1129 6313 1254 6374 tttatnrs·.·ri,·
1266 6315 1303 6362 tis.

1274 921 1373 978 illidit
1393 918 1527 979 Fatuos

2173 935 2226 1002 666

1431 1053 1491 1101 res:
1508 1050 1534 1095 et
1547 1040 1617 1096 sicut
1629 1042 1757 1113 Polemo,
1771 1039 1881 1101 luxuriae
1902 1049 2008 1104 coronis
2021 1053 2119 1107 sensim
2133 1056 2224 1127 eapite

1430 1126 1557 1186 detractis
1570 1133 1661 1203 eisque
1679 1135 1806 1205 tulujeetis,
1823 1154 1929 1194 mattam
1945 1141 2025 1211 pallio
2039 1145 2155 1200 subdidit
2170 1191 2177 1213 ,
2191 1165 2221 1204 us

1430 1230 1457 1275 et
1480 1224 1578 1277 uultum
1601 1224 1725 1281 immovit
1746 1228 1778 1282 ad
1801 1232 2003 1301 uerecundiam,
2020 1234 2052 1290 ad
2071 1247 2222 1295 extremum

1431 1321 1515 1370 toturn
1529 1329 1558 1368 se
1573 1314 1626 1380 illi,
1640 1317 1672 1371 ad
1686 1333 1763 1388 quem
1779 1320 1952 1377 deridendam
1969 1335 2087 1391 veterat,
2104 1327 2222 1398 discipu-

1430 1404 1625 1479 lum'tratlidit;
1640 1411 1679 1466 sic
1690 1421 1717 1465 et
1735 1422 1761 1467 tu
1777 1413 1945 1485 loquentibus
1966 1416 2011 1472 tibi
2028 1428 2067 1473 tot
2083 1423 2221 1477 venerabi·

1429 1496 1498 1552 litms
1512 1500 1584 1563 viris,
1600 1504 1766 1573 maximeque
1780 1507 1905 1577 episeopo
1917 1510 2058 1567 Ambrosio
2073 1512 2099 1566 iu
2109 1511 2220 1584 iutegri-

1429 1597 1482 1645 tnte
1494 1593 1631 1648 cattlmliec
1651 1594 1710 1651 ddei
1725 1600 1806 1652 etiam
1829 1600 1864 1654 tui
1880 1602 1942 1656 mali
1956 1603 2074 1662 doctoris
2090 1617 2117 1661 et
2139 1606 2220 1663 dece·

1428 1680 1512 1748 pluris
1526 1696 1573 1737 ore
1595 1682 1720 1753 laudato,
1743 1695 1770 1742 et
1787 1689 1920 1760 episcopis
1940 1694 2038 1750 anilio
2057 1705 2084 1751 et
2097 1696 2217 1765 Joatttte,

1428 1784 1495 1840 qnos
1509 1780 1536 1826 ιιι
1553 1787 1659 1843 quoque
1680 1777 1705 1830 iu
1721 1779 1819 1834 sanctis
1831 1782 1964 1838 eruditis¹
1979 1785 2091 1840 ueridica
2107 1797 2218 1843 attesta-

1429 1862 1501 1918 tioue
1515 1866 1637 1934 posuisti,
1649 1878 1773 1937 tunquam
1787 1886 1899 1928 coronas
1911 1875 2076 1931 ebriosorum
2089 1877 2219 1946 abjiceres

1427 1950 1519 2009 laudas
1533 1953 1746 2027 Patagtanurunt,
1758 1961 1852 2030 quibus
1867 1972 1990 2035 tauquam
2004 1982 2113 2035 maguus
2126 1985 2219 2023 eorum
2276 2008 2280 2015 -

1427 2042 1552 2099 delensor
1574 2048 1728 2114 extolleris;
1751 2060 1777 2104 et
1796 2051 1903 2121 stilum,
1925 2064 1954 2108 ιιι
1978 2057 2067 2112 mitius
2090 2057 2218 2126 dixerim,

1427 2138 1659 2205 contumeliosum,
1675 2155 1728 2195 non
1743 2150 1867 2213 tanquam
1888 2146 1968 2214 pallio
1982 2147 2089 2216 pudoris
2102 2150 2217 2206 abscon·

1426 2224 1514 2293 dercs,
1530 2229 1576 2285 sed
1591 2240 1714 2301 tanquam
1729 2248 1807 2289 manu
1820 2236 2002 2294 emendatiore
2014 2239 2216 2312 cunlringeres;

1427 2326 1554 2388 tuumque
1569 2330 1661 2388 pectus
1675 2323 1785 2378 veritate
1798 2325 2001 2394 complendum,
2016 2345 2068 2384 uon
2082 2331 2218 2389 Platonico

1427 2406 1586 2473 Xenocrati,
1602 2410 1648 2465 sed
1670 2412 1727 2466 istis
1739 2413 1920 2502 sacerdotibps
1933 2416 2099 2487 christianis,
2116 2422 2154 2477 ael
2169 2437 2217 2493 po·

1427 2499 1478 2553 tius
1490 2499 1516 2553 in
1529 2500 1568 2554 eis
1590 2500 1638 2569 ipsi
1661 2501 1773 2557 Domino
1785 2502 1906 2571 Christo,
1921 2521 1973 2562 uua
1994 2510 2066 2564 relut
2078 2511 2124 2581 qni
2143 2527 2215 2568 natac

1427 2591 1540 2659 primum
1554 2593 1679 2658 veneris,
1695 2592 1829 2662 traderes,
1843 2595 1890 2652 sed
1905 2598 1977 2654 telnt
1989 2601 2033 2670 qui
2048 2616 2215 2669 recesseras,

1425 2682 1560 2739 redderes.
1576 2682 1650 2751 Qnod
1666 2686 1688 2739 si
1706 2685 1752 2740 tibi
1766 2688 1906 2744 consiliant
1919 2706 2007 2746 meum
2020 2692 2151 2763 displicet,
2167 2709 2217 2765 aqe

1425 2784 1455 2827 ιιι
1467 2774 1563 2843 placet.
1580 2776 1636 2845 Ego
1647 2776 1718 2831 enim
1734 2778 1795 2831 etsi
1810 2790 1947 2836 correctus
1961 2781 2053 2849 itteris,
2066 2786 2148 2855 qnae’
2162 2801 2216 2839 tna·

1422 2862 1481 2933 jura
1495 2874 1555 2920 rota
1570 2879 1628 2921 mea
1643 2878 1715 2933 sunt,
1729 2867 1906 2926 abuudantius
1920 2872 2133 2946 cumulatiusque
2146 2890 2214 2947 qau-

1425 2952 1495 3009 debo
1507 2972 1514 3008 ι
1528 2965 1556 3010 et
1576 2957 1614 3019 si,
1634 2955 1706 3026 quod
1726 2958 1876 3029 abominor,
1891 2962 1917 3016 iu
1932 2961 1983 3018 itae
2004 2965 2135 3032 prauitatev
2152 2980 2216 3036 per·

1425 3049 1575 3114 manseris,
1591 3064 1623 3104 ex
1637 3051 1786 3122 opprobriis
1805 3053 1856 3108 tuis
1874 3051 2038 3110 fructuosum
2052 3055 2174 3119 balredo.
2189 3066 2217 3114 et

1424 3153 1474 3210 pro
1487 3156 1530 3197 me
1541 3142 1658 3199 caelestis
1671 3144 1802 3200 mercedis
1816 3155 1996 3218 angmentum,
2010 3156 2036 3203 et
2050 3147 2121 3205 dete
2133 3149 2215 3207 mise·

1425 3231 1536 3286 ricordis
1550 3233 1650 3288 doloris
1662 3234 1794 3290 aculeum.

1459 3321 1573 3378 CAPUT
1587 3323 1642 3379 vttl
1656 3322 1705 3396 (a).
1727 3354 1761 3364 —
1772 3327 1816 3381 56.
1827 3325 1878 3382 Sed
1896 3328 2019 3397 quoniam
2030 3327 2085 3398 iam
2096 3330 2210 3396 ostendi,

1424 3423 1487 3483 quot
1496 3425 1522 3469 et
1530 3412 1622 3485 quales
1630 3419 1851 3487 etquantosviros
1861 3416 1921 3474 ddei
1933 3418 2071 3475 catholicae
2085 3421 2213 3478 detensa·

1424 3518 1468 3558 res
1482 3505 1779 3575 atquedoctorcsialsos
1793 3508 1874 3562 facias
1888 3508 2067 3577 tlnunctmus;
2088 3512 2148 3566 audi
2158 3512 2212 3581 jam

1425 3610 1578 3665 pammper,
1593 3597 1724 3652 inerudita
1737 3599 1885 3655 temeritate
1898 3610 2025 3670 qnantum
2044 3614 2122 3656 reros
2135 3603 2212 3671 adiu-

1424 3701 1470 3740 res
1484 3685 1652 3742 llauicltaeos.
1668 3687 1724 3742 lloe
1742 3690 1813 3744 enim
1829 3705 1871 3744 mc
1886 3690 2003 3745 secundo
2016 3692 2076 3746 loeo
2093 3692 2214 3762 disputa·

1424 3775 1504 3831 tionis
1517 3792 1585 3832 mea·
1599 3776 1843 3833 demonstraturam
1858 3794 1917 3834 esse
1931 3782 2050 3850 promisi.
2064 3779 2213 3852 blatticlmi,

1423 3866 1593 3938 quodetiam
1614 3878 1640 3925 te
1660 3869 1725 3924 satis
1740 3885 1819 3925 nosse
1838 3871 1977 3938 indimsti,
1998 3871 2065 3927 duas
2086 3882 2214 3942 naturas,

1424 3968 1503 4013 traam
1517 3959 1578 4014 boni
1590 4002 1597 4025 ,
1611 3959 1722 4015 alteram
1738 3961 1819 4027 mali,
1841 3977 1875 4016 ex
1889 3956 2000 4017 dirersis
2011 3971 2091 4034 atque
2103 3965 2173 4020 inter
2185 3981 2217 4022 se

1423 4049 1543 4103 aduersis
1563 4050 1758 4119 coaeternisque
1779 4051 1934 4121 principiis,
1950 4052 2065 4109 vanitate
2086 4054 2214 4126 sacrilega

1423 4138 1530 4193 aeiautli
1567 4141 1667 4194 erroris
1717 4141 1855 4196 inducunt.
1884 4141 1982 4197 Contra
1999 4149 2085 4215 jquos
2119 4146 2214 4202 cailta-

1424 4229 1473 4284 lica
1489 4229 1563 4295 sudes,
1581 4231 1626 4285 bei
1640 4231 1823 4286 tantummodo
1841 4232 1899 4288 siae
1919 4232 1994 4287 iuitio
2008 4243 2128 4289 naturam
2143 4252 2215 4305 prae-

1423 4319 1503 4385 dicat,
1518 4322 1614 4375 summi
1628 4323 1727 4378 scilieet
1738 4332 1817 4393 atque
1830 4324 2055 4379 incommutabilia
2068 4325 2146 4390 boui,
2160 4326 2212 4383 ltoc

1422 4419 1476 4475 est,
1490 4411 1559 4465 illius
1574 4411 1713 4467 inellaoilis
1725 4413 1862 4468 Trinitatis
1874 4428 1907 4468 :a
1926 4428 1979 4484 quo
1992 4428 2112 4479 summo,
2128 4425 2156 4469 ut
2170 4415 2213 4470 di·

1423 4511 1493 4555 ctum
1508 4513 1563 4567 est,
1577 4510 1656 4572 atque
1671 4502 1879 4558 incommutabili
1899 4503 1969 4558 bono
1982 4498 2132 4559 nuii'ersam
2146 4519 2213 4559 con·

1423 4591 1506 4645 ditam
1521 4591 1585 4647 dicit
1599 4606 1659 4647 esse
1670 4602 1829 4658 creaturam,
1843 4603 2005 4664 traturasque
2015 4609 2108 4649 euntes
2118 4593 2213 4662 bonas,

1422 4683 1543 4751 quamtis
1565 4682 1680 4752 impares
1703 4684 1916 4753 Creatori,quia
1937 4701 1970 4739 ex
1991 4685 2074 4739 niltilo
2088 4695 2212 4752 creatas,

1423 4772 1536 4841 ideoque
1555 4772 1696 4827 muetbiles
1710 4756 1807 4827 :ita'ut
1826 4774 1934 4828 omnino
1955 4776 2027 4829 nulla
2048 4784 2140 4830 uatnra
2159 4775 2212 4842 sit,

1422 4877 1481 4934 quae
1497 4879 1549 4917 non
1564 4864 1679 4933 antipae
1693 4865 1737 4930 sit,
1752 4873 1798 4919 aut
1812 4865 1846 4919 ab
1859 4866 1916 4937 ipso
1931 4866 1997 4922 iacta
2012 4868 2063 4934 sit;
2079 4877 2108 4922 ut
2127 4883 2213 4939 quau·

1423 4964 1563 5025 tecumque
1581 4965 1626 5011 aut
1640 4956 1841 5029 qualiscumque
1863 4965 1957 5014 natura
1976 4945 2029 5025 sit,
2047 4963 2072 5015 ιιι
2085 4970 2213 5033 quantum

1422 5061 1516 5107 natura
1532 5063 1583 5119 est,
1597 5051 1695 5107 bonum
1710 5053 1755 5108 sit.

1457 5143 1501 5199 st.
1522 5144 1649 5212 Quaerunt
1664 5144 1778 5214 itaquea
1800 5144 1887 5212 nobis,
1903 5145 1973 5201 trade
1984 5145 2019 5201 sit
2031 5145 2142 5201 malam.
2162 5146 2215 5203 tte-

1421 5235 1593 5306 spondemus,
1601 5232 1782 5303 Exbouqsed
1793 5250 1845 5291 nou
1855 5251 1960 5291 mammo
1969 5246 1996 5293 et
2006 5237 2214 5293 incommutabili

1421 5327 1501 5381 betto.
1522 5326 1562 5381 Ex
1577 5326 1653 5382 bouis
1668 5327 1748 5397 igitur
1762 5326 1932 5383 interioribus
1946 5319 2026 5398 atque
2044 5328 2215 5384 mutabilibus

1421 5429 1478 5475 orta
1493 5428 1554 5474 suut
1566 5419 1645 5473 mala.
1660 5418 1724 5486 Quae
1739 5420 1808 5473 mala
1823 5420 1884 5475 licet
1897 5420 2074 5489 intelligamus
2088 5434 2140 5474 noa
2154 5435 2215 5476 esse

1420 5522 1539 5577 naturas,
1560 5510 1608 5568 scd
1622 5512 1684 5565 vitia
1698 5522 1872 5567 naturarum:
1887 5521 1977 5568 tamen
1992 5511 2072 5567 simul
2086 5511 2213 5582 iutelligi-

1421 5619 1481 5659 mus
1495 5619 1535 5668 ea,
1550 5604 1600 5658 nisi
1615 5619 1649 5659 ex
1660 5603 1791 5674 aliquibus
1804 5614 1832 5659 et
1850 5604 1877 5660 in
1893 5604 2026 5675 aliquibus
2040 5605 2142 5659 naturis
2155 5619 2216 5660 csse

1422 5712 1474 5752 non
1492 5711 1592 5767 possc;
1614 5711 1663 5750 nee
1683 5695 1783 5766 aliquid
1797 5709 1858 5751 esse
1870 5696 1978 5762 malum,
2001 5695 2053 5750 nisi
2065 5710 2080 5748 a
2094 5695 2216 5752 bouitme

1421 5787 1563 5843 delectum.
1584 5784 1637 5840 Sed
1649 5784 1725 5855 cnjus
1738 5784 1883 5848 deiectum,
1898 5783 1947 5838 nisi
1962 5782 2075 5854 alicujus
2089 5784 2147 5840 sine
2162 5785 2216 5840 du·

1421 5876 1549 5935 bitattone
1567 5879 1688 5931 nataret
1707 5880 1772 5942 Quia
1786 5884 1813 5931 ct
1834 5879 1891 5946 lpsa
1904 5878 2026 5931 voluutas
2045 5878 2126 5942 mala,
2145 5893 2215 5931 uon·

1422 5969 1471 6023 nisi
1484 5967 1596 6038 alicujus
1608 5968 1729 6021 voluutas
1742 5974 1784 6021 cst
1796 5968 1913 6036 prolecto
1927 5974 2039 6023 naturae.
2054 5967 2089 6024 Et
2103 5969 2216 6039 angelus

1421 6061 1517 6131 quippe
1536 6070 1563 6114 et
1582 6061 1661 6113 ltomo
1676 6071 1776 6113 naturae
1795 6069 1867 6114 sunt.
1891 6059 1948 6115 Nou
1962 6061 2033 6116 euim
2053 6071 2215 6134 potestesse

1452 6193 1460 6225 ¹
1479 6191 1635 6241 floriacensis
1645 6196 1698 6248 tls..
1714 6187 1937 6243 maaamtimria
1946 6189 2056 6245 eruditas.

1453 6255 1462 6285 ⁸
1480 6253 1546 6307 liditi,
1558 6253 1584 6302 itt
1599 6265 1654 6314 qtto.
1667 6259 1713 6302 llss
1724 6286 1732 6311 ‚
1744 6266 1807 6314 qttoe.
2007 6279 2011 6285 ·

1452 6318 1487 6375 (a)
1506 6327 1529 6375 ap
1539 6315 1570 6362 tat
1584 6323 1632 6363 aar.
1647 6321 1673 6363 et
1682 6321 1719 6362 fr.
1728 6353 1736 6375 ,
1746 6321 1816 6377 cartul
1827 6316 1851 6366 3.
