5592 7350
526 901 578 959 511

525 1016 642 1089 quadiu
655 1016 728 1073 libro
739 1031 789 1073 suo
801 1013 916 1087 quodam
929 1013 1037 1081 scribit,
1059 1032 1069 1067 (
1093 1013 1150 1069 Νοι(
1173 1028 1251 1084 posse
1264 1028 1324 1069 esse

526 1124 589 1164 sme
602 1115 726 1179 peeeeto,
739 1105 791 1162 nisi
805 1105 851 1176 qui
864 1105 931 1176 legis
943 1105 1082 1161 seientiam
1098 1102 1229 1158 innituerit.
1247 1123 1255 1155 ι
1269 1103 1327 1170 Quo

527 1202 645 1258 recitato
664 1199 789 1273 Synodus
805 1199 892 1255 dixit:
907 1218 917 1251 (
932 1198 972 1254 Tu
986 1200 1035 1254 ime
1047 1198 1171 1262 edidisti,
1186 1198 1295 1268 Pelagii
1315 1218 1325 1250 ι

526 1296 564 1348 At
578 1292 624 1347 ille
638 1290 797 1363 respondit:
819 1310 829 1344 t
843 1292 899 1362 Ego
912 1290 1021 1362 quidem
1040 1290 1113 1355 diri,
1129 1288 1177 1345 sed
1192 1307 1244 1345 uon
1260 1292 1329 1346 sicut

527 1384 566 1438 iili
583 1384 739 1454 intelligunt
751 1400 758 1436 :
771 1398 825 1439 non
836 1382 902 1449 diti,
912 1397 963 1436 nou
974 1397 1053 1452 posse
1063 1395 1173 1453 peceare
1186 1381 1229 1450 qui
1241 1383 1328 1436 scien·

529 1476 595 1529 tiam
611 1475 677 1545 legis
690 1473 830 1539 habuerim
845 1473 903 1537 sed,
914 1473 1035 1543 adjurari
1049 1474 1173 1544 perlegis
1188 1474 1327 1527 seientiam

529 1569 563 1622 :nl
578 1584 633 1623 nou
646 1566 822 1638 peccandum,
839 1566 909 1621 sieut
920 1567 1047 1635 scriptum
1063 1575 1114 1628 est,
1131 1564 1223 1634 Legem
1238 1566 1264 1618 iu
1278 1565 1328 1618 nd·

532 1664 656 1729 ,utorium
669 1661 739 1715 dedit
753 1660 805 1716 illia
817 1681 826 1714 ι
837 1658 914 1732 (isui.
926 1659 1037 1727 sunit),
1048 1675 1098 1714 aec.
1111 1657 1204 1724 Lxx).
1216 1658 1328 1715 iloeau·

530 1756 600 1816 diam
614 1753 741 1824 synodus
753 1752 838 1808 dixit:
856 1771 865 1805 r
883 1751 941 1807 Nou
958 1760 1021 1806 surrt
1034 1752 1121 1807 aliena
1140 1753 1173 1807 alt
1193 1752 1328 1820 Ecclesia,

530 1862 591 1914 quae
613 1845 684 1899 dieta
703 1853 766 1914 sum
787 1859 801 1896 a
823 1843 939 1914 Pelagio.
958 1863 967 1896 ι
986 1843 1068 1914 Plane
1081 1843 1169 1898 atiena
1182 1859 1235 1898 non
1248 1851 1328 1911 sunt,

531 1954 593 2004 qme
615 1933 772 2003 respondit:
785 1932 849 1988 illud
863 1949 926 1988 vero
938 1934 1008 2004 quod
1029 1933 1063 1989 de
1083 1934 1152 1989 liltro
1166 1934 1225 2003 ejus
1241 1934 1330 2003 prola-

533 2038 589 2079 tum
604 2035 656 2089 est,
673 2023 746 2078 aliud
760 2033 846 2079 sonat.
863 2022 915 2079 Sed
930 2028 980 2080 iroc
992 2024 1123 2095 episcopi,
1137 2024 1225 2080 Graeci
1241 2024 1329 2079 tuturi-

533 2131 591 2178 ncs,
606 2126 633 2170 ct
647 2127 679 2169 ea
694 2116 773 2170 rerba
788 2130 835 2184 per
850 2115 1021 2186 interpretem
1035 2116 1184 2182 audientes,
1196 2116 1331 2171 discutere

534 2227 589 2261 mm
605 2217 746 2272 curarunt;
764 2210 815 2263 inne
829 2217 930 2262 tanturm
944 2209 1089 2274 intuentes,
1101 2210 1163 2278 quid
1178 2211 1222 2265 ilie
1234 2210 1279 2281 qni
1292 2210 1332 2263 in·

535 2300 739 2369 urrugabatur,
757 2301 876 2356 sensisse
889 2316 918 2356 se
931 2302 1046 2367 diceret,
1062 2319 1114 2356 nnn
1130 2303 1226 2373 quilius
1241 2303 1331 2358 verbis

533 2391 629 2447 mdem
644 2393 776 2447 sententia
793 2393 819 2446 iu
835 2393 893 2464 ejus
909 2393 976 2449 libro
991 2395 1089 2465 scripta
1103 2396 1248 2451 diceretur.

570 2486 600 2535 5.
617 2483 697 2538 Aliud
713 2494 754 2539 est
766 2492 875 2550 autem,
892 2484 1027 2541 homiuem
1048 2503 1095 2555 per
1107 2487 1244 2542 scientiam
1265 2487 1332 2558 legis

534 2575 567 2629 ad
585 2590 638 2629 uon
653 2574 816 2643 peccandum
830 2576 965 2643 adituram
980 2587 1006 2630 ct
1018 2577 1089 2633 alind
1104 2587 1160 2642 est,
1175 2594 1227 2634 non
1249 2594 1328 2650 posse

535 2682 597 2721 csse
616 2666 675 2720 siue
695 2655 822 2735 peccato,
838 2667 890 2722 nisi
902 2668 948 2737 qui
962 2669 1101 2724 seientiam
1118 2669 1183 2741 legis
1199 2670 1331 2727 lrabnerit.

535 2758 602 2812 Cum
613 2757 687 2812 euim
700 2758 707 2787 ¹
720 2756 868 2825 rideamus,
880 2761 994 2829 exempli
1007 2761 1103 2831 gralia,
1118 2770 1146 2816 ct
1158 2762 1214 2816 sinc
1228 2762 1332 2818 tribulis

535 2863 614 2902 areas
634 2847 771 2904 triturari.
786 2849 907 2917 qnanuis
921 2849 1050 2918 adjuvent
1069 2852 1090 2906 si
1112 2851 1215 2917 adsint,
1231 2861 1258 2907 et
1275 2854 1333 2907 sine

536 2939 689 3010 paedagogis
703 2954 781 3009 posse
793 2956 890 3009 pueros
904 2957 1014 3012 pergere
1030 2943 1056 2998 in
1070 2943 1199 3010 scitolmu,
1212 2948 1333 3015 ‹pnnmis

536 3030 571 3084 ad
584 3029 636 3084 hoe
650 3044 704 3083 nou
718 3030 772 3084 siut
784 3031 887 3085 inutilia
902 3032 1105 3102 pedagogorum
1118 3035 1289 3100 adiurat-utcu
1307 3047 1334 3093 et

537 3120 638 3177 multos
662 3120 722 3177 sine
747 3120 858 3177 medicis
882 3122 915 3176 ab
941 3124 1100 3194 egritudine
1125 3127 1332 3194 conualescere,

536 3211 660 3281 quamvis
675 3212 816 3265 trranilcsta
827 3212 883 3266 sint
894 3212 1026 3283 adjutoria
1040 3214 1220 3279 medicamen
1235 3228 1263 3272 et
1274 3218 1334 3273 aliis

536 3303 605 3359 cibis
612 3303 672 3359 sine
685 3317 754 3373 pane
765 3302 886 3359 homiues
896 3305 998 3373 virere,
1010 3308 1129 3377 queuntis
1142 3308 1217 3378 panis
1229 3308 1335 3378 adjutu-

537 3396 608 3451 rium
622 3396 713 3452 raiere
734 3396 879 3467 plurimum
897 3414 950 3453 non
970 3411 1095 3470 uegetum
1120 3410 1150 3456 et
1166 3402 1217 3455 alia
1233 3403 1333 3468 muita,

538 3502 600 3556 quae
614 3486 693 3544 stolis
708 3489 857 3543 tacentibus
869 3491 996 3560 cogitanti
1010 3490 1088 3547 facile
1104 3502 1263 3547 occurrunt:
1274 3508 1336 3562 pro·

539 3580 608 3634 iectu
620 3579 797 3637 admonemur
809 3580 1002 3651 adjutoriorum
1015 3598 1113 3654 genera
1127 3584 1335 3640 essetecum

538 3671 638 3742 qnippe
650 3681 725 3740 sunit,
741 3673 802 3729 siue
814 3673 911 3744 quibus
924 3673 989 3729 iliud
1004 3675 1037 3729 ad
1052 3676 1121 3746 qtrod
1134 3674 1276 3747 adjurant,
1293 3675 1335 3732 ei·

539 3762 583 3817 fici
604 3779 658 3817 nou
680 3772 783 3834 potest;
797 3764 868 3820 sieut
879 3763 937 3821 siue
950 3766 1011 3820 nari
1026 3766 1130 3837 nauigat
1143 3782 1237 3833 nemo,
1255 3782 1336 3822 nemo

539 3857 599 3911 siue
610 3870 679 3910 soce
691 3856 817 3926 loquitur,
831 3872 910 3913 nemo
921 3857 979 3913 siue
992 3858 1104 3928 pedibus
1116 3860 1244 3930 graditur,
1256 3872 1336 3915 rreum

539 3947 599 4002 siue
622 3946 683 4003 iuoe
707 3949 840 4016 intuetur,
864 3960 891 4005 et
912 3951 993 4006 tuulta
1016 3950 1185 4021 husjusmodi:
1206 3953 1275 4007 trrrde
1296 3962 1337 4009 est

539 4037 622 4091 etiarn
645 4037 730 4107 illud,
745 4039 816 4109 quud
830 4056 909 4095 nemu
923 4043 981 4097 sine
1003 4043 1049 4099 ttet
1071 4045 1154 4113 gratia
1173 4053 1249 4099 recte
1263 4045 1335 4100 sirit.

540 4128 601 4182 Alia
614 4143 683 4184 vero
700 4137 763 4185 sunt
779 4130 929 4200 atljuturia,
945 4133 1042 4203 quibus
1063 4135 1102 4189 sie
1125 4134 1291 4204 adjuramur,
1307 4143 1337 4189 ut

540 4221 624 4277 oi'nm
642 4221 666 4276 si
684 4221 789 4287 desint,
807 4224 890 4293 possit
907 4226 960 4280 alio
977 4228 1056 4282 rrrodo
1073 4229 1129 4282 deri
1144 4240 1251 4298 propter
1263 4229 1336 4300 quod

540 4326 574 4366 ea
594 4313 781 4383 requirimus:
800 4317 868 4371 sieut
886 4316 929 4370 illa
951 4328 1013 4371 snut
1032 4335 1091 4388 qnae
1113 4322 1335 4386 corrinnenrorasi;

541 4403 639 4458 tribula
653 4403 688 4460 ad
700 4405 789 4476 iruges
801 4409 933 4476 terendas,
946 4411 1105 4482 pedagogus
1116 4414 1148 4468 ad
1167 4431 1275 4483 [suerrum
1288 4414 1337 4469 du-

541 4495 671 4563 cendum,
685 4499 907 4555 medicamentum
921 4501 1036 4557 hrtrnanu
1049 4514 1107 4560 arte
1120 4505 1269 4562 contectum
1281 4511 1291 4541 ¹
1304 4510 1337 4566 ad

542 4586 725 4657 recipiendam
739 4589 862 4654 salutem.
875 4602 902 4647 et
915 4603 1012 4648 caetera
1024 4593 1095 4649 talia.
1105 4594 1283 4662 Quaerendum
1297 4611 1338 4656 est

543 4677 642 4749 igitur,
664 4695 697 4734 ex
718 4697 771 4751 quo
794 4682 906 4737 duorum
929 4685 1039 4740 istorum
1065 4702 1192 4756 generum
1215 4690 1250 4743 sit
1272 4691 1338 4762 legis

544 4770 657 4825 seientia
667 4770 688 4838 ⁸,
698 4771 725 4826 id
738 4783 789 4837 est,
799 4775 932 4843 quomodo
941 4777 1047 4845 adjuret
1055 4780 1087 4833 ud
1098 4798 1150 4836 non
1162 4785 1335 4854 peccandum.

544 4859 574 4917 Si
596 4875 630 4916 eo
654 4861 750 4928 modo,
767 4874 796 4918 nt
815 4865 872 4919 sine
895 4866 938 4920 illa
958 4867 1010 4923 ime
1022 4868 1033 4900 ⁸
1046 4885 1097 4925 non
1115 4876 1198 4943 possit
1214 4876 1337 4947 impieri;

544 4968 598 5006 non
612 4954 698 5008 solutu
713 4950 836 5027 Pelagius
851 4972 941 5013 sertam
959 4963 1097 5030 respondit
1116 4965 1141 5019 in
1159 4965 1275 5035 jndicio,
1291 4969 1338 5025 sed

545 5043 626 5098 ctiam
641 5060 734 5099 rerum
754 5047 863 5118 scripsit
883 5049 911 5105 in
929 5051 998 5107 libro
1012 5071 1019 5107 ε
1033 5055 1055 5108 si
1068 5071 1134 5112 vero
1148 5074 1181 5112 eo
1194 5060 1290 5128 modo,
1311 5071 1339 5117 ut

546 5135 655 5206 adjuret
666 5138 772 5207 quidem
784 5142 806 5193 si
816 5140 941 5208 adiuerit,
954 5149 1037 5214 possit
1049 5159 1136 5204 tamen
1149 5152 1212 5207 illud
1223 5153 1256 5208 ad
1267 5157 1337 5224 qnod

542 5229 636 5298 iurat,
648 5229 703 5286 alio
716 5231 796 5285 modo
810 5234 865 5288 lieri
877 5236 1000 5298 ,etiarnsi
1021 5239 1071 5292 isla
1093 5240 1224 5309 dciuerit;
1246 5262 1339 5303 rerum

544 5321 654 5392 quidem
674 5324 812 5391 respoudit
833 5327 859 5380 in
877 5328 995 5397 judicio,
1010 5333 1080 5399 quod
1097 5336 1192 5390 merito
1206 5338 1340 5409 episcopis

546 5414 655 5481 placuit,
670 5432 680 5466 c
697 5414 817 5484 adjuvari
830 5417 965 5475 honrinem
980 5423 1012 5476 ad
1027 5440 1080 5480 nou
1095 5431 1258 5494 peccandum
1273 5432 1339 5502 legis

544 5507 672 5573 scientim
691 5527 701 5559 r
717 5508 764 5563 scd
789 5525 840 5565 nou
862 5528 954 5567 rerum
978 5515 1085 5586 scripsit
1109 5520 1134 5575 iu
1159 5522 1242 5589 liltro,
1260 5542 1269 5576 r
1287 5540 1338 5581 uon

545 5613 608 5653 esse
621 5598 756 5654 hominem
771 5602 829 5656 sine
845 5616 970 5672 peceato,
986 5608 1036 5663 nisi
1057 5612 1101 5678 iqui
1121 5613 1258 5669 seientiam
1274 5617 1340 5687 legis

546 5689 680 5752 itairtrerit,
697 5711 706 5742 ι
721 5693 789 5761 quud
804 5694 981 5752 indiscussum
993 5698 1097 5767 judices
1113 5705 1285 5774 reliquerunt,
1303 5709 1341 5764 ia·

546 5781 594 5833 tini
608 5784 740 5836 susurronis·
755 5784 849 5853 ignari,
863 5796 888 5842 et
902 5788 1014 5860 ejusqui
1026 5807 1133 5848 eausam
1147 5796 1263 5865 dicebat,
1276 5815 1341 5855 eon·

545 5871 662 5924 testum
676 5877 811 5938 comenda
831 5880 978 5946 praesertim
1001 5883 1044 5937 nid
1065 5901 1097 5938 ea
1118 5887 1230 5942 adverso
1253 5891 1341 5946 nudius

545 5966 659 6030 astalzat,
675 5969 719 6035 qui
736 5968 815 6021 uerita
828 5969 887 6023 libri
902 5972 961 6042 ejus
971 5977 1130 6043 expuneudo
1141 5980 1246 6048 aperire
1259 5981 1341 6036 iuter-

580 6098 587 6126 ¹
603 6099 641 6146 nl:
653 6100 802 6160 partu-utum,
811 6105 887 6173 ¹cruia,
901 6121 931 6156 ex
944 6113 1071 6176 mammeri,
1081 6114 1112 6163 tis
1122 6115 1262 6178 adjecimus.

579 6160 589 6187 ¹
603 6164 626 6206 1.(
641 6171 703 6217 uss,
716 6163 864 6216 lrnmourtutc
875 6171 1007 6231 cortscctnrn

582 6220 591 6248 ³
606 6223 679 6270 tilinu
688 6237 764 6284 strar,
774 6226 805 6275 tit
816 6228 872 6278 tutis
881 6230 988 6283 scierut'n.

546 6288 591 6393 hc}
607 6286 663 6332 tditi
678 6293 703 6334 et
717 6295 777 6346 tes,
791 6288 852 6339 lton.
866 6296 1003 6355 tegernlum
1016 6298 1119 6360 ridetur,
1133 6301 1191 6362 lca,
1203 6303 1243 6354 rel
1253 6309 1341 6369 potius,

1252 896 1353 953 ttuett
1373 896 1473 954 UNUS.

2122 908 2176 965 siti

1385 1022 1485 1082 pretem
1497 1022 1616 1084 cogeret,
1627 1024 1706 1086 atque
1715 1016 1786 1072 narde
1799 1016 1893 1074 iratres
1907 1034 1959 1073 rrou
1975 1019 2071 1076 irustra
2082 1039 2176 1079 tutore·
2268 1003 2270 1005 ⁵

1383 1115 1484 1171 rentur,
1495 1105 1647 1162 ostendere.
1658 1106 1813 1163 Paucissinri
1823 1110 1919 1180 quippe
1929 1120 1992 1166 sunt
2005 1112 2070 1182 legis
2081 1118 2174 1182 periti:

1382 1195 1579 1251 multitudinem
1589 1204 1677 1253 aulem
1689 1198 1869 1255 membrorum
1878 1200 1975 1255 Christi
1985 1216 2176 1274 usquequaque

1381 1285 1515 1355 ditiusatu,
1530 1296 1558 1343 et
1570 1287 1637 1359 legis
1653 1297 1706 1343 tam
1723 1290 1861 1359 profunde
1875 1306 1907 1347 ac
1921 1293 2076 1365 multiplicis
2091 1296 2177 1366 irnpe-

1382 1379 1470 1443 ritam,
1485 1379 1613 1450 simplicis
1626 1378 1686 1437 iidci
1700 1382 1786 1450 pietas
1799 1390 1826 1436 et
1838 1398 1900 1453 spes
1913 1380 2066 1439 firmissima
2078 1386 2104 1440 in
2120 1386 2177 1441 lieo

1382 1479 1409 1524 et
1421 1468 1537 1524 charitas
1557 1471 1660 1526 sincera
1678 1474 1865 1543 commendat,
1882 1491 1942 1546 qnae
1956 1475 2000 1533 his
2013 1477 2091 1533 donis
2105 1496 2177 1550 prae·

1382 1560 1456 1625 dita,
1472 1563 1555 1632 gratia
1570 1563 1616 1617 [lei
1631 1577 1661 1620 se
1674 1565 1785 1621 conlidit
1799 1581 1814 1619 a
1830 1569 1945 1636 peccatis
1961 1586 2039 1640 posse
2052 1571 2177 1628 mnrrdui

1383 1668 1432 1721 per
1443 1652 1532 1707 lesum
1546 1653 1682 1709 Christum
1697 1656 1839 1712 Dominum
1853 1669 1985 1715 uostmm.
2076 1648 2079 1653 ’

1418 1743 1531 1800 CAPUT
1551 1744 1583 1799 11.
1598 1776 1634 1785 -
1647 1746 1674 1800 i.
1689 1746 1730 1801 dri
1747 1748 1797 1802 lroe
1807 1748 1830 1803 si
1845 1748 1915 1804 iorte
1928 1750 2049 1821 Pelagius
2063 1767 2176 1822 respou-

1383 1834 1468 1901 deret,
1484 1834 1552 1890 lnam
1566 1836 1650 1906 ipsam
1661 1852 1690 1891 se
1700 1837 1800 1893 dixisse
1812 1840 1952 1895 scientiam
1967 1841 2044 1911 legis,
2054 1842 2112 1896 siue
2125 1860 2177 1911 mm

1384 1943 1436 1981 nou
1456 1936 1545 1997 potest
1563 1927 1644 1983 lronro
1664 1928 1732 1984 liber
1744 1943 1832 1985 essea
1849 1932 1981 2002 peccatis,
1993 1949 2052 2002 truce
2067 1948 2115 2002 per
2127 1933 2178 1987 du·

1383 2018 1497 2074 utrinam
1514 2018 1573 2074 ddei
1585 2018 1727 2092 neopirytis
1740 2030 1821 2092 alque
1835 2022 1860 2076 iu
1876 2021 1984 2079 Christo
1996 2025 2112 2093 paruulis
2124 2033 2179 2078 tra·

1383 2110 1464 2173 ditur,
1477 2127 1528 2181 qua
1541 2111 1620 2166 eliam
1636 2111 1786 2182 baptizandi
1801 2113 2009 2181 catechizantur,
2026 2126 2054 2171 ut
2068 2116 2179 2188 Syrubu

1384 2202 1437 2255 ium
1451 2202 1589 2262 nuverintr
1605 2217 1658 2256 non
1670 2202 1777 2272 quidem
1792 2204 1840 2257 ista
1854 2204 1964 2275 intelligi
1978 2206 2056 2272 solet,
2070 2206 2178 2276 quaudo

1384 2290 1484 2346 habere
1498 2292 1638 2362 quisquam
1651 2292 1791 2347 seientiam
1806 2293 1871 2364 legis
1884 2294 1998 2364 dieitur,
2013 2296 2059 2352 sed
2076 2297 2117 2350 illa
2133 2314 2180 2352 se·

1383 2385 1500 2440 cundum
1513 2400 1592 2455 quam
1607 2385 1672 2456 legis
1690 2386 1767 2454 periti
1782 2388 1952 2455 appellantur
1963 2406 1970 2443 ε
1983 2401 2178 2455 verumtamen,

1384 2475 1406 2528 si
1429 2474 1487 2529 haec
1506 2474 1604 2543 rerba,
1621 2492 1680 2545 quae
1694 2491 1776 2546 panea
1791 2493 1920 2543 rrurnero,
1935 2480 1982 2534 sed
2004 2496 2098 2550 ntagna
2118 2488 2180 2535 sum

1385 2565 1519 2634 pondere,
1533 2573 1560 2620 el
1579 2580 1653 2620 more
1666 2565 1784 2621 onmium
1801 2567 1982 2624 Ecclesiarnnt
1998 2570 2111 2625 fideliter
2131 2572 2180 2626 ba·

1385 2657 1516 2729 ptizaudis
1525 2657 1691 2723 intimantur,
1702 2662 1841 2713 scientam
1850 2658 2096 2732 iegisnuucuparec,
2106 2677 2181 2717 asse-

1385 2767 1448 2807 rens
1460 2752 1494 2808 de
1508 2751 1558 2808 hae
1570 2768 1600 2809 se
1615 2754 1622 2784 ¹
1636 2752 1746 2817 dixisse,
1761 2772 1770 2803 (
1786 2769 1840 2808 non
1851 2769 1911 2809 esse
1922 2755 1979 2810 siue
1994 2766 2114 2825 peccato,
2128 2756 2180 2812 uisi

1385 2843 1431 2913 qui
1445 2843 1582 2899 seientiam
1596 2843 1661 2915 legis
1674 2842 1809 2908 habuerit,
1824 2861 1905 2915 atqua:
1916 2860 2025 2901 neeesse
2038 2858 2079 2901 est
2093 2846 2181 2902 trada-

1387 2944 1429 2989 tur
1449 2935 1635 3002 credentibus,
1658 2945 1802 3007 antequam
1825 2937 1859 2990 ad
1885 2938 1969 3006 ipsam
1994 2938 2179 2994 remissionem

1386 3025 1493 3080 verriaut
1509 3036 1695 3095 peccatorum3
1710 3027 1791 3081 ctiam
1803 3027 1842 3081 sie
1856 3027 2033 3084 circumdaret
2045 3043 2116 3095 eum,
2128 3044 2182 3085 non

1386 3115 1588 3186 disputantium,
1599 3117 1646 3173 sed
1656 3118 1819 3189 vagientium
1835 3118 2028 3188 baptizatorum
2040 3118 2182 3177 multitudo

1387 3205 1591 3262 irummeraltiiis
1606 3208 1795 3277 paruulorum,
1811 3210 1856 3279 qui
1871 3226 1924 3265 riou
1937 3211 2044 3279 verbis,
2062 3212 2109 3267 sed
2125 3214 2182 3283 ipsa

1386 3296 1547 3352 innocentie
1571 3299 1684 3353 veritate
1707 3298 1871 3368 clamarent,
1892 3300 1960 3366 Quid
1978 3310 2037 3368 cst,
2056 3301 2120 3373 quid
2140 3310 2183 3359 est

1386 3388 1459 3459 quod
1481 3389 1628 3458 scripsisti,
1646 3408 1655 3441 t
1672 3403 1725 3444 non
1740 3404 1820 3460 posse
1834 3406 1894 3446 esse
1908 3392 1966 3447 sinc
1986 3402 2112 3463 peceato,
2131 3395 2183 3452 nisi

1387 3479 1432 3549 qui
1447 3479 1584 3534 seientiam
1599 3480 1664 3550 legis
1675 3480 1814 3537 habuerit?
1828 3500 1837 3536 ι
1854 3483 1921 3538 Eece
1934 3498 1984 3539 nos
1996 3498 2059 3554 grex
2071 3500 2184 3555 magnus

1387 3584 1517 3658 agnorum
1527 3572 1585 3625 sine
1596 3579 1704 3640 peccato
1715 3585 1817 3641 sumus,
1829 3582 1856 3628 et
1865 3573 1931 3644 legis
1941 3582 2029 3630 tamen
2042 3575 2182 3633 seientiam

1387 3675 1441 3716 non
1455 3660 1594 3719 habemus.
1605 3661 1708 3733 Nempe
1721 3663 1763 3720 isti
1777 3680 1838 3721 eum
1853 3665 1958 3730 saltem,
1968 3667 2055 3740 lingua
2066 3678 2182 3738 tacente,

1388 3761 1478 3808 tacere
1491 3753 1701 3824 compellerent,
1723 3763 1770 3810 aut
1791 3755 1861 3812 forte
1881 3759 1961 3813 etiam
1982 3760 2122 3827 confiteri,
2141 3763 2184 3818 rel

1388 3860 1460 3901 nune
1469 3860 1499 3900 sc
1508 3845 1543 3901 ab
1550 3845 1594 3901 illa
1604 3847 1934 3928 peruersitatecorreptum
1945 3850 1993 3922 (a),
2001 3852 2042 3907 vel
2052 3861 2125 3908 certe
2133 3854 2184 3910 hoc

1388 3953 1419 3994 se
1433 3939 1539 4009 quidem
1553 3949 1580 3994 et
1593 3947 1655 3995 autc
1670 3941 1805 4009 sensisse,
1821 3941 1893 4013 quod
1913 3959 1983 4000 nune
2005 3946 2031 3999 in
2054 3947 2184 4002 ecclcsia-

1389 4031 1457 4085 stico
1470 4029 1538 4084 dinit
1552 4030 1689 4096 examine3
1707 4031 1754 4087 sed
1768 4031 1828 4103 ejus
1848 4035 1988 4090 sententie
2007 4051 2059 4091 non
2080 4052 2110 4092 sc
2128 4037 2182 4092 eir·

1389 4130 1542 4190 cumspecta
1555 4120 1635 4176 uerba
1649 4123 1786 4191 posuisse,
1799 4131 1827 4179 ct
1845 4125 1905 4178 ideo
1924 4125 2004 4181 iidem
2023 4143 2099 4183 suam
2122 4144 2184 4184 esse

1390 4196 1606 4280 appruliaudam,
1632 4211 1727 4266 librum
1752 4213 1960 4271 emendandum.
1987 4217 2128 4285 Esterrim,
2153 4229 2183 4275 ut

1390 4304 1518 4372 seriptum
1536 4313 1594 4370 est,
1615 4305 1659 4375 qui
1678 4304 1772 4358 inditur
1790 4305 1818 4359 in
1839 4306 1940 4377 linquo,
1955 4316 1978 4361 et
1998 4325 2049 4362 non
2069 4309 2095 4362 in
2108 4311 2184 4364 corde

1391 4393 1485 4466 (Eecli.
1495 4411 1551 4459 xix,
1564 4397 1619 4466 id).
1635 4396 1710 4465 Quod
1724 4397 1746 4451 si
1759 4398 1871 4463 diceret,
1883 4400 1925 4454 rel
1939 4398 2051 4467 sidicat,
2064 4401 2124 4472 quis
2134 4402 2185 4458 eis·

1390 4485 1451 4541 dem
1467 4486 1556 4541 ueritis
1570 4487 1703 4542 incautius
1718 4488 1945 4560 negligentiusque
1957 4492 2115 4562 conscriptis
2130 4509 2184 4550 non

1391 4574 1516 4632 facillime
1528 4577 1666 4648 ignoscat,
1681 4593 1741 4651 cum
1755 4580 1932 4645 senteutiam,
1948 4595 2028 4651 quam
2042 4584 2123 4637 rerba
2137 4584 2183 4639 illa

1390 4669 1544 4735 continent,
1559 4684 1612 4723 non
1627 4667 1762 4736 defendat,
1777 4669 1824 4725 sed
1840 4685 1899 4725 eam
1912 4669 1983 4726 dicat
1995 4687 2087 4737 suant,
2103 4689 2183 4743 quam

1391 4761 1489 4815 ueritas
1505 4760 1616 4830 proluat?
1631 4760 1686 4815 iloc
1699 4761 1780 4815 etiarn
1794 4763 1851 4832 pios
1860 4762 1963 4833 judices
1976 4767 2107 4836 cogitasse
2122 4784 2186 4823 ere·
2272 4789 2277 4800 ·

1391 4850 1506 4905 deudam
1522 4859 1562 4905 est
1581 4868 1588 4904 t
1608 4851 1630 4906 si
1647 4859 1736 4906 mnten
1752 4850 1804 4908 hoc
1817 4853 1888 4923 quod
1902 4853 1929 4908 in
1945 4855 2014 4909 libro
2028 4857 2086 4928 ejus
2101 4858 2184 4916 latino

1392 4952 1433 4997 est
1452 4942 1593 5012 diligenter
1606 4943 1823 5012 interpretatum,
1851 4945 1916 5000 satis
1930 4945 2078 5020 intelligere
2092 4963 2187 5022 potue.

1393 5043 1464 5098 rnut,
1473 5034 1540 5088 sieut
1551 5032 1609 5102 ejus
1619 5034 1821 5103 responsionem
1830 5052 1919 5107 graeco
1927 5038 2033 5111 eloquio
2044 5045 2184 5113 prolatam,

1392 5137 1420 5181 ct
1433 5127 1468 5181 ob
1482 5125 1532 5182 hoe
1544 5124 1622 5183 facile
1633 5127 1808 5198 intellectam,
1822 5130 1936 5186 alienam
1950 5149 2003 5189 nou
2017 5151 2077 5191 esse
2089 5139 2123 5192 ab
2135 5139 2186 5194 Ec-

1392 5219 1472 5275 clesia
1483 5218 1681 5286 judicaverunt.
1695 5219 1748 5274 Sed
1760 5219 1815 5288 jam
1828 5233 1925 5277 cetera
1940 5225 2084 5280 rideamus.

1429 5309 1541 5366 CAPUT
1562 5308 1605 5365 111.
1628 5340 1663 5351 -
1676 5311 1703 5365 5.
1723 5310 1828 5380 Adiecit
1851 5313 1922 5367 enirn
1941 5315 2099 5385 episcopalis
2117 5317 2187 5387 Syn·

1393 5402 1479 5467 otius,
1496 5411 1523 5458 et
1537 5405 1574 5458 ait
1590 5422 1597 5458 ε
1616 5422 1626 5455 t
1643 5402 1758 5473 Legatur
1776 5413 1804 5460 et
1817 5405 1887 5460 aliud
1900 5407 2055 5476 capitulum.
2073 5427 2082 5460 ι
2101 5409 2133 5462 Ει
2148 5409 2187 5463 ic-

1388 5485 1465 5549 'ctnm
1487 5504 1529 5550 est
1552 5495 1578 5550 in
1601 5494 1696 5551 eodem
1722 5496 1792 5554 libro
1812 5511 1862 5568 suo
1887 5499 2008 5568 posuisse
2033 5498 2185 5569 Pelagium,

1396 5606 1406 5639 t
1425 5587 1525 5642 Omnes
1538 5586 1677 5642 uoluntate
1700 5587 1806 5658 propria
1819 5591 1914 5659 regi.»
1937 5588 1996 5656 Quo
2019 5589 2089 5644 lecto
2111 5591 2188 5646 Pela·

1394 5679 1454 5750 gius
1467 5678 1628 5749 respondit:
1648 5697 1660 5732 (
1677 5679 1710 5734 Et
1726 5679 1776 5735 ltoe
1795 5679 1849 5735 diri
1871 5688 1980 5750 propter
1993 5680 2103 5736 iilrerum
2118 5683 2190 5738 arbi·

1396 5771 1488 5836 trium,
1503 5769 1546 5825 eui
1562 5771 1631 5825 [lens
1641 5769 1746 5838 adjutor
1753 5779 1794 5825 est
1806 5771 1913 5841 eligenti
1927 5771 1996 5826 bona
2011 5788 2019 5826 a
2033 5772 2114 5829 lromo
2127 5791 2191 5830 roro

1397 5876 1521 5930 peccans,
1535 5862 1629 5930 ipsein
1645 5861 1720 5931 culpa
1736 5869 1786 5928 cst,
1802 5861 1875 5932 quasi
1890 5862 1966 5919 liberi
1980 5864 2094 5921 arbitrii.
2110 5866 2191 5935 ›th

1395 5953 1486 6007 andito
1507 5955 1623 6023 episcopi
1645 5953 1771 6009 dixerunt
1788 5971 1796 6009 ι
1812 5973 1822 6007 r
1838 5955 1930 6026 Neque
1945 5956 1996 6013 hoe
2018 5958 2133 6013 alienum
2149 5970 2191 6014 esl

1396 6046 1430 6098 air
1445 6045 1625 6100 ecelesiastica
1640 6045 1799 6124 doctrina.»
1823 6046 1889 6115 Quis
1908 6049 1979 6103 cuim
2000 6049 2192 6107 condemnaret

1397 6135 1507 6190 liircrnnt
1523 6136 1682 6200 cicindelum,
1709 6137 1750 6191 vei
1767 6148 1893 6210 negaret,
1907 6154 1967 6195 cum
1982 6156 2035 6212 quo
2051 6142 2096 6197 oei
2112 6141 2189 6211 adjut·

1429 6251 1436 6279 ¹
1457 6255 1488 6297 tta
1499 6246 1651 6295 tultiurtinus
1661 6247 1748 6297 colcu.
1770 6255 1798 6300 ιι
1818 6249 1902 6314 piures
1914 6251 2042 6312 editiones,
2055 6249 2086 6301 de
2097 6249 2142 6300 hac
2154 6261 2191 6301 re.

1396 6310 1470 6357 editio
1482 6311 1588 6364 nasiaua,
1602 6310 1631 6357 de
1640 6307 1685 6358 lrne
1696 6311 1811 6365 orndmc.
2250 6331 2253 6340 ·

1430 6372 1466 6434 (a)
1483 6377 1560 6433 loric,
1574 6379 1719 6424 cortesium.
