5592 7350
867 946 1370 1135 hunnis
1403 1026 1761 1145 arrecta

1158 1228 1414 1292 ntuiuuuusis
1435 1230 1609 1296 Episcopi

491 1388 1234 1617 leumiim
1321 1324 2205 1673 tentanum,

817 1741 1103 1900 &urceis
1137 1744 1503 1923 disiecturus
1529 1755 1935 1911 trituramur,

1196 1969 1351 2051 LtBRI
1376 1963 1543 2056 SEX‘“'.

1283 2101 1467 2159 casusve

1054 2225 1294 2332 LIBER
1346 2228 1666 2340 PRIMUS.

595 2384 737 2437 catholicam
759 2386 905 2456 sententiam
926 2384 957 2435 de
976 2383 1086 2448 originali
1107 2394 1205 2447 peccam
1222 2399 1236 2435 a
1259 2398 1288 2436 se
1307 2387 1332 2437 in
1349 2389 1426 2450 primo
1439 2386 1501 2437 libro
1514 2388 1546 2439 de
1562 2392 1652 2452 ruptiis
1671 2398 1696 2442 et
1714 2397 1910 2457 conen-isonium
1931 2402 2074 2465 explicatam
2101 2410 2201 2473 suscipis

563 2447 741 2499 defendendam
755 2453 839 2519 senua
853 2445 988 2504 lulianum,
1005 2446 1046 2509 qui
1064 2458 1118 2495 eam
1134 2454 1237 2508 quatuor
1253 2448 1421 2519 grandioribus
1444 2448 1512 2498 libris
1534 2451 1647 2501 insectari
1667 2466 1756 2513 anuis,
1779 2458 1801 2506 in
1826 2462 1880 2518 ejns
1894 2462 2038 2515 delrensores
2059 2471 2200 2520 alatrichren·

564 2521 619 2559 rtuu
634 2516 835 2571 nuncupationem
850 2507 962 2556 conferre
978 2519 1027 2555 nou
1044 2514 1167 2578 vereatur.
1185 2514 1250 2557 ilaue
1261 2508 1439 2558 exsecrabilem
1455 2512 1646 2561 mimtnatiouetu
1662 2515 1686 2562 in
1697 2515 1841 2568 clarissimos
1851 2534 1961 2585 (ptusque
1972 2531 2065 2576 latrum
2078 2537 2125 2578 tam
2137 2542 2200 2590 qra-

563 2581 647 2621 eorum
656 2581 728 2633 quam
748 2568 875 2618 latinorum
886 2568 998 2617 recidere
1007 2567 1113 2637 ostendit
1124 2569 1278 2628 augustinus,
1289 2567 1367 2618 allatis
1375 2571 1400 2617 in
1412 2582 1467 2618 eam
1477 2584 1530 2620 rem
1542 2572 1557 2633 ip
1565 2586 1647 2621 sorum
1668 2578 1820 2631 testimoniis.
1832 2594 1886 2629 cum
1898 2597 2054 2647 respons-nono
2066 2592 2095 2637 nri
2108 2591 2147 2640 iiia
2157 2604 2199 2642 uo·

563 2630 672 2680 tuluatlm
682 2626 758 2679 basilii
770 2636 797 2678 et
807 2628 904 2678 ioannis
913 2628 1071 2691 chrysostomi
1082 2626 1141 2697 lom,
1151 2628 1586 2693 qumsuffragarislbitulianusputat.
1599 2640 1709 2684 extrema
1725 2645 1793 2699 parte
1808 2639 1862 2691 iibri
1875 2653 1992 2695 monstrat
2017 2650 2199 2702 mnrichnornm

563 2689 678 2741 wesin
686 2689 823 2741 ementis
832 2688 975 2751 quibusdam
983 2687 1070 2737 tuliani
1080 2688 1155 2749 ipsius
1165 2690 1294 2739 sententiis
1303 2686 1554 2754 plurimumatljuvari.
1997 2682 2005 2707 '

1293 2792 1475 2849 omeliaco

597 2894 710 2952 carui
724 2894 864 2953 Puiuuii.
880 2924 917 2936 -
931 2895 956 2948 ι.
969 2894 1148 2949 Contumelias
1164 2902 1222 2947 tuns
1234 2900 1261 2947 et
1273 2891 1353 2946 verim

564 2986 702 3053 rualediea,
716 2986 830 3053 iuliane,
844 3000 903 3055 qum
922 2983 1019 3040 amiens
1039 2984 1190 3038 iracunrlia¹
1205 2981 1278 3036 libris
1287 2995 1355 3050 qua·

468 3091 473 3098 ·
564 3084 624 3131 tuor
637 3075 778 3143 anhelasti,
805 3076 827 3131 si
842 3091 884 3132 me
911 3083 1083 3130 contemnere
1103 3073 1206 3139 dixero,
1227 3072 1352 3126 mentiar.

562 3166 701 3235 Quomodo
713 3166 784 3222 enim
794 3179 901 3235 possum
911 3166 961 3220 ista
974 3173 1157 3229 contemnere,
1174 3163 1217 3217 ubi
1232 3163 1353 3218 testimo·

564 3256 636 3310 nium
655 3256 825 3312 conscientia
842 3270 908 3310 mem
922 3255 1051 3325 cogitans,
1073 3255 1114 3308 rel
1127 3252 1244 3324 gaudere
1257 3267 1300 3307 me
1315 3251 1353 3305 ιι-

563 3347 615 3403 deo
649 3346 747 3403 debere
773 3361 822 3417 pru
843 3361 903 3413 me,
931 3346 973 3400 rel
999 3345 1090 3400 dolere
1116 3360 1164 3415 pro
1191 3351 1232 3407 te,
1253 3351 1280 3397 et
1304 3355 1353 3413 pru

563 3436 604 3491 eis
629 3434 674 3507 qui
699 3433 868 3505 decipiuntur
898 3432 946 3489 abs
968 3443 994 3490 te
1023 3433 1035 3486 i
1057 3433 1121 3502 Qtris
1150 3440 1237 3487 antem
1261 3438 1353 3486 conte·

563 3536 637 3584 muat
654 3526 710 3583 sire
728 3526 913 3582 exsultationis
937 3541 992 3581 sune
1004 3525 1157 3590 materiam,
1173 3524 1230 3580 sire
1251 3536 1352 3578 moero·

562 3616 691 3674 ristitnn
706 3616 775 3674 unde
789 3617 885 3688 partim
895 3617 1027 3683 iactamur,
1043 3616 1138 3688 purtim
1152 3615 1351 3684 contristamur,

563 3709 635 3766 uuila
658 3710 761 3766 ratione
782 3708 988 3764 contemnimus.
1012 3707 1129 3762 lleorum
1151 3708 1248 3778 quippe
1272 3721 1352 3761 cansa

563 3803 718 3876 gaudiorum
730 3811 772 3859 est
783 3803 924 3874 promissio
935 3801 1040 3858 Domini
1050 3801 1181 3858 dicentis:
1191 3800 1254 3857 Cum
1266 3802 1352 3855 dicuat

563 3912 636 3951 onrtre
658 3897 753 3950 urcium
768 3895 900 3951 aduersum
923 3911 976 3958 oea,
1003 3896 1156 3959 mentientes,
1169 3903 1271 3965 propter
1292 3907 1351 3956 me:

562 3985 669 4058 paudere
678 3994 701 4040 et
711 3985 843 4050 exsultate,
855 3985 974 4054 quonium
984 4000 1076 4038 uinces
1087 3992 1167 4038 uestra
1177 3982 1256 4037 multu
1265 3981 1317 4037 eat¹
1325 3983 1352 4035 in

563 4074 749 4147 subridicule.
762 4090 790 4139 r,
803 4075 846 4139 ll,
858 4072 914 4146 lh).
929 4074 961 4130 Et
974 4087 1067 4129 rursus
1078 4073 1129 4128 mei
1140 4087 1219 4127 causa
1230 4070 1354 4127 moeroris

562 4176 604 4224 est
616 4168 734 4238 Apostoli
748 4166 867 4233 allectus,
881 4165 925 4221 ubi
940 4167 999 4236 lege
1011 4182 1018 4218 ι
1031 4164 1094 4232 Quis
1108 4165 1262 4232 infirmatur,
1275 4173 1297 4217 et
1307 4178 1352 4234 eqo

563 4275 614 4313 non
635 4257 768 4327 infirmior?
785 4257 841 4325 quis
857 4255 1059 4322 scandalizetur,
1078 4263 1103 4308 et
1120 4270 1165 4325 eqo
1179 4269 1229 4307 uon
1241 4269 1302 4306 uror
1314 4253 1323 4317 l
1333 4251 1353 4306 ii

563 4347 622 4403 Cor.
638 4363 676 4412 rt,
687 4345 757 4420 isli
770 4345 823 4402 Sed
832 4345 889 4400 hare
903 4359 953 4414 pro
965 4354 1011 4399 tuo
1024 4343 1158 4413 dogmate,
1168 4341 1239 4413 qnod
1254 4342 1353 4396 uerita·

562 4447 616 4493 tem
629 4435 735 4507 putas⁸,
749 4435 829 4491 etiam
842 4441 869 4489 tu
890 4442 965 4502 potes
978 4431 1077 4488 dicere.
1095 4431 1253 4487 Auferamus
1266 4431 1354 4501 itaque

563 4525 705 4593 demedio,
720 4526 743 4580 si
754 4525 851 4596 placet,
867 4524 917 4578 ista
930 4522 1093 4589 communia,
1103 4537 1163 4593 quaa
1172 4521 1224 4577 diei
1238 4537 1270 4578 ex
1282 4531 1354 4577 utra·

562 4632 615 4688 que
629 4627 702 4688 parte
713 4625 824 4687 possunt
840 4633 846 4669 :
862 4615 983 4687 quamvis
995 4613 1185 4670 veraciterdici
1197 4629 1228 4669 er
1242 4624 1353 4685 utraque

563 4715 638 4778 parte
650 4722 703 4762 nen
716 4715 835 4777 pessunt.

597 4798 625 4853 2.
640 4799 756 4854 Primum
776 4799 825 4854 abs
844 4807 869 4855 tc
888 4813 989 4870 quaero,
1016 4813 1064 4853 cur
1084 4797 1153 4853 libro
1166 4812 1237 4852 meo
1259 4798 1353 4851 saitem

563 4891 741 4960 specietenus
756 4899 781 4946 te
792 4891 963 4960 respondisse
976 4889 1109 4962 glorieris,
1124 4904 1183 4946 enm
1207 4889 1258 4944 tuis
1280 4888 1355 4944 libris

563 4989 678 5050 quatuor
689 4981 768 5035 unius
781 4980 833 5035 mei
847 4988 948 5050 partem
960 4996 1009 5035 nee.
1018 4988 1140 5051 quartam
1153 4978 1352 5048 reprehenden-

563 5069 598 5124 do
609 5070 846 5141 tetigeris,eosque
856 5070 938 5125 saltus
951 5070 976 5125 in
987 5069 1178 5141 pretereundis
1188 5069 1255 5125 meis
1264 5069 1356 5140 dispu-

564 5162 706 5218 tationibus
714 5162 820 5227 leceris,
834 5163 909 5234 quasi
922 5163 1031 5218 omnino
1042 5161 1209 5233 desperares*
1217 5161 1354 5233 utrimque

563 5253 661 5321 operis,
681 5260 708 5307 et
725 5252 776 5306 mei
792 5253 895 5308 seilicet
916 5261 944 5307 et
967 5252 1003 5307 tui
1025 5266 1183 5323 quemquam
1202 5265 1262 5307 esse
1277 5266 1354 5321 posse

563 5341 700 5410 lectorem,
708 5341 810 5414 quiista
820 5342 1039 5415 deprehenderet.
1052 5342 1170 5414 lienique
1178 5343 1258 5398 etiam
1271 5357 1353 5412 pauca

1409 2893 1476 2960 ipsa,
1489 2892 1514 2945 in
1529 2894 1623 2962 qniims
1637 2899 1678 2951 ιιι
1691 2907 1742 2964 ιιι,
1754 2910 1781 2954 ιιι
1794 2902 1858 2969 dixi,
1873 2915 1964 2974 quarta
1980 2923 2040 2977 pars
2051 2911 2193 2968 voluminis

1408 2982 1471 3047 mei,
1482 2998 1541 3052 quai
1553 2986 1624 3038 relut
1634 2986 1777 3042 infirmiora
1788 2993 1953 3061 existinmns,
1964 3005 2078 3066 quatitur
2092 3012 2196 3058 tuorum

1407 3072 1578 3141 grandiorum
1590 3074 1599 3106 ¹
1615 3075 1776 3131 tolerantium
1790 3082 1911 3149 strepitu,
1925 3086 1999 3154 qnasi
2012 3089 2198 3158 quadrigarum

1407 3162 1505 3231 impetn
1519 3173 1687 3231 prosternere
1700 3178 1726 3221 et
1737 3170 1893 3225 reinculcare
1903 3175 2008 3229 trrrrlitus
2023 3192 2063 3242 es,
2073 3181 2200 3235 cnrtsiric·

1407 3251 1508 3305 ratione
1521 3253 1604 3306 multe
1621 3255 1735 3323 plurium
1751 3269 1924 3325 caeterorum,
1939 3280 1997 3332 qua·
2015 3268 2145 3336 attingere
2159 3270 2195 3324 ti·

1407 3340 1507 3405 muisti,
1521 3342 1677 3399 inconcussa
1690 3361 1798 3401 manere
1810 3360 2008 3407 attinebantur:
2021 3357 2091 3426 qnod
2104 3369 2197 3414 osterr-

1406 3427 1471 3484 dere
1485 3445 1552 3499 pene
1565 3432 1726 3500 superfluum
1739 3444 1790 3489 est.
1805 3436 1970 3497 hdruonendi
1987 3446 2057 3498 enim
2072 3459 2132 3501 snm
2148 3464 2197 3519 po-

1408 3521 1459 3575 tius
1486 3522 1530 3592 qni
1555 3523 1606 3575 hoe
1629 3538 1708 3580 nome
1729 3525 1889 3597 desiderant,
1919 3542 1947 3587 ut
1970 3550 2022 3588 nou
2042 3552 2089 3592 ens
2110 3540 2197 3608 pigeat

1407 3619 1547 3683 utrumqne
1559 3614 1657 3686 legere,
1671 3626 1698 3673 et
1710 3619 1780 3687 quud
1792 3622 1895 3692 scripsi,
1912 3635 1939 3681 et
1950 3627 2019 3696 quod
2035 3632 2198 3699 respomlcre

1406 3701 1522 3758 rnluisti.
1538 3704 1573 3758 lta
1589 3707 1702 3763 enimse
1721 3719 1770 3764 'res
1784 3711 1840 3781 ipsa
1853 3712 1972 3771 declarat
1983 3726 2064 3787 atquo
2086 3721 2195 3790 imiicat,

1406 3804 1435 3850 ut
1450 3797 1560 3850 niarium
1573 3797 1640 3854 tardi
1653 3800 1724 3868 sint,
1739 3803 1784 3872 qui
1803 3803 1854 3860 hoc
1872 3821 1887 3859 a
1907 3807 1985 3862 nobis
1998 3811 2133 3880 postulent
2150 3814 2198 3869 de·

1411 3887 1564 3941 rrtousirnri.

1441 3978 1468 4032 3.
1487 3977 1561 4032 Nunc
1572 3992 1637 4049 erqo
1649 3981 1709 4051 quia
1723 3981 1800 4037 rideo
1814 3987 1963 4043 teneritate
1982 3987 2116 4044 desertum
2125 3995 2147 4060 ¹,
2162 3992 2195 4049 ad

1408 4067 1546 4123 maledicta
1560 4083 1622 4124 esse
1636 4074 1853 4137 contremuimus
1867 4070 2029 4132 distribuam'
2039 4080 2196 4150 disputatio·

1407 4176 1468 4214 nem
1489 4176 1586 4226 meam,
1602 4170 1631 4216 ut
1652 4163 1789 4217 ostendam
1809 4165 1883 4234 prius
1902 4171 2008 4236 quantis
2029 4181 2056 4224 et
2074 4174 2196 4242 qualibus

1408 4251 1535 4305 Ecclesiae
1547 4251 1685 4307 eatlmlteae
1697 4254 1855 4311 ‘doctorilms
1870 4260 1977 4315 nomine
1991 4261 2196 4319 ilarriehmrnmm

1406 4339 1598 4396 intolerabilem
1618 4340 1705 4398 eicere
1720 4358 1771 4399 non
1786 4348 1918 4402 cuncteris
1933 4349 2072 4417 iujuriam,
2088 4363 2114 4405 ct
2134 4367 2196 4406 curn

1408 4448 1451 4487 mc
1463 4433 1575 4502 appetis,
1601 4435 1627 4490 in
1649 4450 1715 4506 ques
1734 4437 1786 4491 tela
1805 4438 1931 4509 sacrilego
1945 4440 2078 4508 jacrrleris.
2096 4442 2196 4500 lieimle

1408 4522 1572 4586 monstrabo,
1586 4524 1656 4594 qnod
1671 4535 1698 4578 ιιι
1723 4526 1779 4595 ipse
1799 4527 1839 4582 sie
1862 4529 1970 4598 adjuvas
1990 4529 2195 4587 ihmieiurnrmu

1407 4612 1584 4667 damnabilem
1596 4613 1751 4670 etnelandar
1762 4616 1904 4684 impictatis
1913 4635 2041 4685 errorem,
2053 4631 2080 4673 nt
2094 4620 2196 4678 nullum

1408 4704 1487 4758 talem
1504 4712 1642 4773 patronum
1663 4720 1712 4760 nec
1731 4707 1757 4760 in
1777 4708 1832 4761 suis
1846 4708 2016 4764 dilcctoribus
2031 4711 2135 4765 micant
2151 4714 2193 4767 lu-

1407 4796 1508 4850 renim.
1530 4795 1620 4851 Tertio
1633 4796 1702 4860 loco,
1724 4804 1852 4867 quantum
1868 4799 1984 4856 lrreriter
1997 4811 2117 4872 petuma,
2131 4820 2196 4860 sen·

1409 4887 1497 4942 tentiis
1511 4901 1564 4940 non
1579 4887 1655 4951 meis,
1669 4887 1715 4942 sed
1729 4903 1821 4943 corum
1835 4890 1879 4960 qni
1890 4891 1997 4946 iuemmt
2012 4904 2073 4948 aitte
2089 4910 2154 4959 tros.
2167 4905 2194 4953 ct

1408 4980 1534 5035 aiirersns
1549 4979 1643 5049 impios
1660 4979 1737 5034 iidem
1759 4981 1916 5037 catholicam
1937 4983 2123 5050 dcii-mierum,
2138 4962 2216 5042 ina-⁵

1408 5086 1455 5125 ucs
1466 5071 1581 5139 argutias
1599 5081 1657 5126 tuas
1670 5081 1698 5127 ct
1710 5071 1845 5129 elaborata
1858 5087 2013 5144 argumenta
2027 5080 2196 5137 ctrrrninram.

1409 5160 1557 5223 Postremo,
1570 5163 1693 5231 qnoniam
1707 5163 1728 5217 si
1744 5172 1769 5218 te
1784 5179 1835 5218 nnn
1847 5167 2009 5234 correxeris,
2023 5185 2131 5224 rreccsse
2149 5171 2197 5227 tihi

1408 5251 1544 5306 eritetiam
1554 5253 1613 5307 illos
1623 5253 1748 5308 Ecclesia
1757 5254 1894 5309 eatimlicu
1902 5270 2054 5326 oppugnare
2062 5258 2192 5325 tinctores,

1409 5350 1487 5411 atque
1501 5342 1664 5398 contendere
1677 5358 1726 5398 nec
1736 5343 1808 5414 ipsos
1821 5344 1847 5399 in
1863 5344 1913 5400 hae
1926 5348 2071 5416 questione
2082 5348 2196 5402 cntlrnii-

1148 5447 1291 5489 beneditio
1309 5448 1351 5488 PP·
1371 5447 1610 5488 bEb'EblC'l'liiOithl.

593 5524 655 5573 illul
667 5535 712 5574 sex
727 5531 811 5574 conua
821 5521 939 5574 lulianum
948 5522 1069 5573 emendati
1080 5529 1137 5574 sunt
1155 5535 1203 5632 alpe
1215 5523 1333 5572 manuseri
1351 5527 1430 5572 torum
1442 5522 1607 5571 vaticanorum
1617 5523 1742 5586 quinque,
1765 5531 1791 5574 et
1805 5531 1860 5575 octo
1870 5523 2056 5583 Gallicanorum,
2079 5528 2150 5577 nnhrs
2161 5542 2194 5579 rr

564 5582 709 5636 bibliotheca
721 5585 846 5635 clarissimi
858 5586 901 5635 riri
911 5592 937 5633 u.
948 5585 1047 5634 emerici
1057 5585 1139 5647 uiget,
1151 5597 1165 5633 a

1176 5597 1292 5634 rorumex
1309 5585 1341 5633 ah
1373 5585 1406 5633 tia
1417 5582 1577 5641 floriacensi,
1589 5595 1620 5632 ex
1638 5585 1732 5634 abbatia
1743 5585 1831 5635 casalis
1840 5585 1978 5646 mnodleti,
1995 5601 2027 5637 ex
2041 5589 2197 5649 trratotlensi,

564 5658 596 5696 ex
608 5645 762 5719 tlichaellna,
788 5659 819 5696 ex
833 5646 961 5707 beccensi,
972 5659 1004 5695 ex
1017 5647 1122 5719 iprensi,
1136 5653 1205 5718 etex
1217 5645 1343 5695 einstensi
1353 5651 1375 5693 S.
1388 5645 1501 5707 lictoris,
1513 5644 1707 5710 auxilioqueque
1716 5645 1847 5699 lectionum
1857 5649 1977 5701 rubrum
1989 5661 2020 5699 ex
2031 5653 2156 5713 rnauuseri,
2167 5653 2198 5701 tis

563 5708 642 5757 tribus
652 5707 768 5771 belgicis,
777 5713 808 5771 ,et
819 5705 914 5757 oollatae
925 5713 982 5757 sunt
992 5715 1097 5771 antiquae
1110 5706 1230 5756 edicturm
1241 5715 1291 5756 am.
1302 5711 1338 5754 ιι.
1352 5712 1378 5755 et
1388 5711 1444 5755 tur.
1458 5716 1464 5728 ·

602 5789 1019 5869 Compurooimuaproetereo
1031 5807 1080 5850 ees
1096 5807 1198 5850 omnes
1220 5788 1368 5851 editiones
1379 5787 1473 5850 initio
1491 5788 1574 5850 heir.
1588 5797 1615 5850 ct
1626 5786 1781 5853 confess..
1792 5796 1815 5851 i.
1832 5789 1862 5864 l,
1875 5800 2070 5854 memoretur.
2112 5792 2155 5853 li.

563 5913 698 6023 &alufus
712 5910 791 5962 oudex
816 5909 989 5972 ilorimensis,
1018 5921 1073 5974 que
1094 5906 1120 5960 iu
1141 5923 1181 5961 me
1198 5909 1287 6006 erdem
1304 5907 1355 5960 ire·

597 6035 608 6065 ¹
624 6041 715 6083 omues
725 6041 778 6083 itas.
801 6030 897 6096 copioso
905 6038 949 6083 eat.

596 6095 606 6126 ⁸
622 6102 673 6144 ιιι.
685 6099 722 6143 er.
736 6068 936 6158 eraiiquorrrss,
948 6092 1259 6159 promiscuarum
1269 6092 1356 6146 terite

564 6159 612 6247 m}
622 6160 749 6289 musa,
763 6215 910 6280 ιιιριιαιιι.

596 6278 633 6340 ιιι)
645 6277 726 6342 senpu
737 6289 801 6329 utne
811 6279 896 6330 christi
908 6275 964 6340 lbi,
974 6286 1016 6330 aut
1026 6277 1167 6344 paulopost.

1440 5909 1448 5940 ¹
1465 5907 1667 5957 ermesindam
1681 5906 1895 6020 itm.,3rumlitmu

1439 5969 1496 6017 ’ua
1517 5976 1544 6018 et
1564 5974 1630 6040 tom,
1640 5981 1656 6016 n
1673 5968 1747 6019 ueriti¹
1787 5970 1917 6021 ricaertmn.
1929 5979 1980 6021 am.
1997 5980 2024 6022 et
2042 5973 2198 6035 mansuetu

1406 6037 1492 6081 cerem
1510 6036 1697 6101 praepesrtrune,
1719 6045 1744 6079 ιι.
1764 6033 1929 6103 siclaetus,
1952 6034 2076 6083 annalium
2099 6034 2197 6097 iiinob.

1407 6103 1472 6202 :aad
1471 6088 1503 6213 ξ]
1503 6087 1720 6199 1im«.{qr'ceetp'rrehum
1730 6091 1906 6153 uurtut,donec
1920 6093 2036 6144 deserum
2045 6097 2197 6158 sirisqrue
