5592 7350
576 885 614 942 ss
1192 870 1195 878 “
1295 883 1486 941 ιιιιιιιιιι.
1899 866 1905 874 “
2171 904 2208 959 q,

573 997 805 1060 incolebatura
816 992 982 1055 monachis
994 1038 1001 1064 ,
1013 991 1046 1052 in
1059 993 1176 1070 quibus
1188 992 1301 1055 Florus
1313 995 1443 1072 quidam
1457 996 1560 1075 patria
1570 998 1733 1062 Uzalensis
1749 1005 1978 1067 numerabatur
1997 1008 2122 1087 (Epist.
2134 1011 2205 1079 atti.

573 1097 609 1139 ιι.
626 1074 751 1155 ispa).
766 1074 827 1135 Hic
841 1073 902 1134 iter
919 1071 1082 1133 charitatis
1094 1072 1246 1132 instinctu
1256 1090 1328 1133 cum
1341 1074 1373 1134 iii
1389 1076 1527 1152 patriam
1540 1077 1654 1139 comite
1667 1079 1773 1142 Felice
1785 1083 1993 1145 Adrumetina
2008 1088 2081 1146 iterii
2097 1105 2208 1152 mona·

573 1156 637 1218 cbo
652 1153 865 1233 suscepisset,
882 1152 957 1211 dum
970 1150 1013 1210 ibi
1028 1150 1256 1223 diversaretur,
1272 1152 1419 1229 quaedam
1436 1156 1484 1213 Au
1509 1154 1607 1215 ustini
1623 1159 1779 1234 opuscula
1802 1163 1938 1238 reperit,
1954 1180 2067 1242 nempe
2082 1168 2208 1244 episto-

574 1237 641 1298 iam
656 1232 697 1294 ad
717 1232 843 1293 Sixtnm
859 1229 990 1308 (Epist.
1004 1227 1108 1366 211),
1134 1245 1231 1305 quam
1245 1235 1276 1289 ct
1287 1230 1425 1292 dictante
1439 1173 1549 1293 cariem
1563 1233 1668 1296 Felice
1681 1253 1754 1296 cum
1768 1238 1851 1299 hona
1864 1239 2067 1302 Uzalensium
2091 1262 2207 1307 mona-

572 1314 711 1375 chorum
727 1310 821 1372 venia
834 1307 1046 1383 transcripsit.
1089 1308 1158 1367 loro
1173 1313 1284 1385 postea
1295 1309 1381 1370 Uzali
1392 1309 1617 1389 Carthaginem
1629 1313 1784 1390 proiecto,
1799 1316 1890 1378 Felix
1903 1316 1944 1378 ad
1955 1320 2120 1397 proprium
2136 1341 2208 1383 ino-

574 1391 756 1453 nasterium
771 1386 877 1457 rediit,
889 1404 998 1447 secum
1012 1386 1113 1447 sancti
1128 1386 1274 1446 Doctoris
1285 1387 1402 1447 librum
1418 1388 1534 1450 ierens.
1549 1390 1645 1467 Atqui
1656 1409 1729 1452 cum
1742 1393 1820 1454 illud
1833 1395 1914 1455 idem
1925 1414 2018 1474 opus,
2033 1399 2206 1461 Valentino

573 1470 693 1531 abbate
703 1467 818 1538 inscio,
833 1464 985 1525 iratribus
1000 1464 1107 1555 legere
1121 1464 1285 1554 cepisset,
1299 1483 1412 1526 eorum
1426 1466 1570 1544 quinque
1586 1470 1636 1529 vel
1648 1486 1711 1530 non
1725 1473 1825 1532 multo
1838 1474 1945 1550 plures
1956 1493 2085 1536 sensum
2096 1485 2206 1539 aucto.

574 1548 620 1610 ris
634 1564 701 1607 uon
717 1543 872 1614 assecuti,
889 1559 926 1604 ac
938 1541 1128 1602 medicinam
1141 1560 1173 1601 in
1187 1545 1333 1603 morbum
1348 1549 1525 1617 vertentes,
1539 1562 1672 1608 maenas
1683 1550 1793 1610 turbas
1808 1552 1840 1610 in
1852 1553 1995 1613 canobio
2009 1556 2204 1627 excitavere3

574 1624 805 1687 contendentes
821 1620 985 1692 videlicet,
1000 1621 1040 1681 ab
1057 1620 1146 1691 aliis,
1162 1620 1218 1697 qui
1233 1621 1410 1683 doctrinam
1428 1623 1512 1684 lianc
1532 1629 1650 1686 rectius
1667 1625 1906 1706 intelligebant,
1921 1630 1963 1691 ita
1979 1630 2102 1692 delendi
2127 1651 2205 1711 gra-

572 1705 667 1768 tiam.
686 1705 722 1763 ut
735 1702 872 1762 liberum
895 1698 1063 1760 arbitrium
1077 1699 1261 1770 abolerent,
1280 1717 1404 1777 nosque
1419 1706 1574 1780 negarent
1596 1703 1630 1762 in
1644 1708 1789 1764 extremo
1803 1707 1923 1785 judicio
1946 1710 2121 1770 secundum
2144 1730 2203 1774 sua

573 1783 736 1859 cujusque
752 1795 850 1856 opera
862 1777 1062 1854 judicandos.
1085 1780 1134 1835 An
1151 1783 1258 1837 autem
1273 1795 1310 1837 ea
1332 1778 1394 1838 scri
1419 1779 1463 1838 tio
1479 1782 1649 1857 Augustini
1666 1786 1769 1853 esset,
1793 1785 1949 1861 quosdam
1971 1795 2105 1864 apparet
2121 1792 2201 1850 suii-

573 1860 751 1922 dubitasse.
763 1858 861 1917 Flors
873 1855 1065 1933 Carthagine
1076 1871 1206 1915 reverso
1220 1855 1374 1916 tumultus
1408 1874 1493 1918 eiiuo
1506 1859 1688 1920 recruduit:
1703 1861 1736 1920 in
1748 1861 1838 1921 illuni
1850 1869 2004 1941 tanquam
2018 1867 2203 1938 vulnerum,

573 1955 648 2015 quta
660 1940 702 1999 ab
715 1937 777 1998 hoc
791 1935 875 1995 libro
889 1934 974 2012 passi
991 1939 1101 2007 erant,
1124 1939 1288 1993 auctorem
1312 1934 1534 2006 insurrexere,
1553 1939 1663 1999 turbas
1685 1942 1869 2001 monasterii
1885 1959 1995 2003 oinnes
2012 1960 2051 2003 ac
2072 1944 2201 2006 dissidia

574 2017 621 2077 ilii
636 2022 770 2093 accepta
782 2013 972 2083 relerentcs3
988 2028 1027 2071 eo
1041 2010 1128 2089 quod
1144 2010 1285 2090 eiusdem
1302 2014 1411 2082 verba,
1426 2032 1497 2073 cum
1510 2014 1704 2090 quaestiones
1719 2016 1763 2079 ita
1777 2018 1920 2081 diiiiciles
1939 2023 2117 2082 conabatur
2139 2040 2199 2082 er-

574 2095 720 2165 soisere,
736 2089 966 2168 haudquaqum
983 2093 1134 2166 caperent
1150 2108 1157 2147 :
1175 2089 1242 2167 ipse
1257 2090 1375 2167 quippe
1389 2108 1575 2169 germanam
1590 2096 1621 2152 et
1635 2094 1824 2164 catholicam
1839 2097 1932 2156 iidem
1949 2101 2142 2160 sectabatur.
2195 2102 2197 2105 '

613 2174 683 2233 lloc
697 2171 865 2232 dissidium
882 2171 946 2229 toto
960 2167 1016 2227 iilo
1031 2174 1092 2228 teia
1117 2185 1171 2229 ore
1187 2169 1270 2228 intra
1287 2169 1461 2229 monachos
1483 2188 1553 2230 sese
1572 2172 1793 2246 continuerat,
1810 2193 1877 2235 rem
1891 2176 2060 2254 ignorante
2075 2178 2200 2239 Valen-

575 2252 642 2311 tino
657 2270 665 2309 :
681 2249 737 2311 sed
759 2254 849 2310 ratus
867 2253 914 2307 est
928 2186 1159 2337 Florusuoiicii
1183 2247 1232 2308 sui
1254 2264 1343 2319 esse,
1359 2247 1455 2326 hujus
1478 2248 1568 2308 illum
1590 2249 1772 2312 admonere.
1796 2253 1901 2313 Abhas
1916 2259 2035 2325 autem,
2059 2256 2138 2332 quin
2162 2274 2200 2319 ea

575 2329 756 2390 lucubratio
774 2344 868 2387 verus
891 2325 1059 2404 Augustini
1085 2323 1165 2385 letus
1188 2330 1282 2396 esset,
1299 2330 1394 2401 atque
1411 2325 1621 2389 orthodoxam
1635 2328 1812 2391 doctrinam
1825 2332 2009 2405 exhiberet,
2024 2333 2200 2394 indubium

577 2426 640 2467 non
653 2405 828 2467 revocavit.
841 2404 922 2464 Satis
937 2402 1058 2480 quippe
1077 2408 1211 2463 noverat
1225 2404 1327 2464 sancti
1342 2403 1488 2465 Doctoris
1503 2405 1630 2478 stilum,
1647 2408 1900 2486 sapientiamque
1917 2411 2006 2472 illam
2019 2412 2198 2489 angelicam

575 2502 648 2563 quea
661 2484 732 2564 ejus
746 2484 780 2544 in
796 2482 922 2559 scriptis
938 2481 1111 2542 relucebat.
1124 2480 1257 2541 Videbat
1271 2481 1331 2542 hoc
1345 2482 1456 2543 eodem
1473 2483 1506 2542 in
1522 2484 1603 2545 libro
1620 2485 1835 2546 Christianam
1854 2490 1990 2565 gratiam
2008 2489 2200 2568 iulgentiore

574 2581 611 2625 ac
625 2563 863 2624 vehementiore
875 2558 998 2620 dicendi
1011 2559 1102 2636 copia
1116 2558 1378 2632 commendatam,
1391 2577 1489 2636 quani
1502 2566 1538 2620 ut
1551 2562 1589 2622 de
1603 2569 1733 2623 auctore
1746 2563 1816 2624 e'us
1827 2565 1886 2624 sibi
1902 2567 2012 2627 liceret
2024 2568 2195 2646 ambigere.

574 2642 667 2702 iilum
691 2641 789 2719 igitur
803 2657 875 2700 cum
892 2638 1053 2729 voluptate
1063 2638 1225 2775 perlegit,
1243 2642 1275 2698 et
1296 2637 1405 2698 lumen
1428 2639 1661 2717 solatiumque,
1684 2584 1775 2717 quod
1794 2643 1994 2705 suavissima
2014 2647 2115 2704 saneti
2131 2646 2198 2706 viri

573 2721 767 2781 monitiones
781 2717 955 2778 humilibus
971 2715 1061 2775 iniun
1085 2716 1290 2785 unianimis,
1305 2732 1370 2776 non
1390 2716 1461 2776 sine
1480 2733 1596 2807 magna
1612 2720 1816 2793 veneratione
1831 2721 1982 2799 percepit.
1998 2722 2096 2782 Simul
2112 2741 2195 2800 qno-

572 2816 636 2877 que
648 2814 782 2875 operam
796 2794 891 2868 dedit,
907 2799 942 2854 ut
958 2794 1072 2871 impias
1085 2794 1156 2854 illas
1171 2794 1364 2870 quaestiones
1382 2794 1565 2872 ignorantia
1579 2797 1792 2871 quorumdam
1814 2817 1832 2858 c
1852 2800 1920 2859 suis
1936 2800 2088 2861 iratribus
2104 2807 2197 2861 natas

573 2877 797 2955 comprimeret
812 2895 820 2933 :
835 2873 1039 2950 decrevitque
1051 2872 1177 2949 aliquos
1192 2873 1315 2932 mittere
1332 2871 1372 2932 ad
1387 2873 1572 2949 episcopum
1586 2873 1771 2936 Uzalenscm
1783 2877 1953 2949 Evodium,
1969 2879 2025 2956 qui
2038 2881 2079 2939 ab
2091 2896 2129 2939 eo
2141 2879 2197 2938 do·

572 2960 722 3016 cumenta
733 2953 774 3015 ad
787 2954 903 3013 librum
919 2950 1088 3043 Augustini
1107 2952 1205 3029 probe
1220 2950 1460 3029 intelligendum
1482 2952 1664 3014 necessaria
1686 2953 1724 3014 ad
1747 2972 1781 3014 se
1807 2954 1974 3017 reierrent.
1990 2956 2127 3016 Sanctus
2143 2958 2195 3017 iiie

571 3034 719 3103 antistes,
733 3031 772 3093 de
785 3031 1055 3096 contentionibus,
1071 3029 1161 3106 queis
1175 3029 1221 3089 illi
1236 3028 1319 3089 inter
1335 3047 1369 3090 se
1383 3046 1481 3106 super
1497 3029 1600 3089 libero
1616 3031 1750 3091 arbitrio
1766 3032 1938 3111 divinaque
1950 3034 2074 3112 justitia
2088 3035 2196 3113 digia-

571 3111 756 3182 diabantur,
767 3109 883 3171 certior
894 3109 1006 3180 iactus,
1018 3109 1057 3169 ad
1070 3107 1429 3168 Valentinumabbatem
1444 3107 1578 3185 ejusque
1587 3109 1760 3171 monachos
1769 3113 1933 3190 rescripsit
1943 3113 2123 3191 epistolam,
2133 3132 2195 3190 qua

572 3190 700 3251 cosdem
716 3188 894 3266 alloquitur
909 3188 941 3248 in
957 3188 1023 3248 haec
1037 3188 1154 3246 verba:
1171 3183 1382 3246 Honorabiles
1406 3185 1521 3264 fratres
1544 3185 1717 3248 retulerant
1736 3188 1846 3257 nobis,
1861 3191 1936 3270 qnia
1950 3193 2051 3254 nescia
2073 3209 2140 3270 qne
2154 3190 2197 3252 i'ln'

571 3269 756 3347 questiones
768 3267 852 3327 inter
865 3283 919 3326 vos
931 3273 1012 3326 nata
1021 3272 1095 3324 sunt
1107 3263 1144 3324 de
1156 3262 1251 3324 libero
1265 3262 1397 3325 arbitrio
1414 3271 1442 3324 et
1457 3263 1493 3324 dc
1500 3262 1631 3342 justitia
1644 3266 1713 3326 Dei.
1726 3267 1903 3329 laudamus
1917 3269 2039 3349 quidem
2056 3270 2194 3330 studium

572 3354 718 3413 cestrum,
733 3345 785 3407 scd
799 3343 943 3406 nolumus
957 3362 1018 3403 esse
1031 3342 1267 3403 contentiosum.
1282 3340 1446 3402 Cantentio
1465 3342 1545 3402 enim
1559 3342 1824 3418 perturbationem
1839 3348 1970 3415 excitat,
1992 3347 2045 3407 sed
2058 3348 2195 3408 studium

570 3426 715 3505 pietatem
727 3423 871 3503 requirit.
888 3420 994 3482 Liberi
1007 3419 1135 3482 arbitrii
1151 3419 1367 3498 plenissimum
1386 3420 1526 3498 effectum
1544 3418 1652 3480 babuit
1666 3421 1756 3481 boma
1765 3425 1871 3502 prima
1881 3435 2079 3503 procreatus,
2096 3426 2195 3486 Adam

572 3504 641 3564 dico
655 3524 668 3563 .·
684 3503 739 3564 scd
752 3500 807 3563 ubi
818 3500 991 3561 sauciatum
1004 3507 1046 3558 est
1060 3500 1160 3589 ipsum
1174 3496 1302 3560 liberum
1314 3495 1490 3567 arbitrium,
1502 3498 1692 3577 infirmatum
1705 3509 1759 3561 cst.
1772 3501 1862 3580 Erpa
1876 3510 1919 3563 est
1932 3504 1967 3564 in
1980 3502 2102 3564 bomine
2112 3522 2196 3563 nnnc

573 3580 703 3643 liberum
722 3580 906 3651 arbitrium,
922 3578 975 3639 scd
994 3584 1176 3638 sauciatum.
1197 3574 1277 3637 Inde
1291 3575 1408 3636 dictum
1422 3584 1488 3637 est:
1505 3599 1519 3632 i
1535 3577 1770 3657 infirmatusest
1788 3579 1823 3639 in
1838 3590 1967 3658 egestate
1982 3582 2014 3642 vi
2036 3599 2072 3642 or
2086 3600 2168 3641 meus
2181 3606 2194 3635 ι

572 3659 668 3740 (Paul.
678 3679 758 3734 xxx,
768 3658 836 3738 tt);
849 3666 888 3729 et,
900 3658 1033 3718 «Lumen
1048 3656 1208 3718 oculorum
1221 3671 1356 3715 meorum
1369 3673 1435 3715 nan
1450 3662 1492 3715 est
1504 3675 1636 3716 mec-uma
1646 3654 1744 3736 (Psal.
1760 3677 1885 3732 xxxvii,
1899 3661 1961 3739 11).
1977 3600 2033 3722 Ari

569 3738 743 3819 perandum
756 3739 870 3799 missus
893 3745 935 3797 est
957 3735 1091 3796 medicus
1112 3734 1261 3795 Salvator
1280 3732 1441 3803 Christus,
1457 3742 1493 3793 nt
1509 3734 1643 3794 salvaret
1661 3737 1745 3815 qnod
1756 3739 1910 3816 perierat,
1926 3748 1954 3799 et
1975 3747 2097 3799 curaret
2133 3739 2196 3799 uod

570 3818 716 3878 uitiatum
729 3817 843 3896 sumat.
855 3816 894 3875 Et
906 3819 977 3893 post
991 3814 1054 3875 alia
1069 3833 1077 3873 :
1093 3813 1212 3891 legant
1229 3828 1313 3889 erga,
1325 3812 1445 3890 inquit,
1460 3813 1562 3874 sancti
1575 3813 1634 3873 Dei
1647 3815 1800 3894 majorum
1814 3815 1914 3885 dicta,
1933 3818 2013 3879 sicut
2028 3816 2096 3897 jam
2112 3760 2192 3883 iter.

569 3897 627 3976 qai
637 3895 748 3956 labem
762 3894 864 3956 divini
876 3893 1010 3953 muneris
1017 3892 1107 3970 pium
1116 3891 1260 3971 affectum
1273 3910 1283 3949 .·
1294 3897 1322 3949 ct
1335 3891 1459 3969 qnando
1474 3908 1538 3951 non
1548 3891 1741 3969 intelligant,
1752 3913 1816 3954 nun
1827 3897 1887 3956 cito
1898 3895 2131 3973 reprehendant,
2143 3897 2195 3955 secl

571 3982 663 4035 orent
680 3980 717 4034 ut
738 3973 928 4050 intelligant.
944 3972 1012 4032 Hoc
1029 3969 1201 4031 Evodiante
1216 3969 1358 4047 epistolae
1372 3967 1585 4107 fragmentum
1603 3971 1757 4033 habemus
1772 3973 1922 4034 alacoho
1939 3974 2122 4044 Sirmondo,
2138 3975 2193 4050 qni

572 4053 664 4114 nobis
679 4051 838 4113 indicasse
851 4055 1016 4111 contentus
1030 4047 1172 4110 eamdem
1182 4046 1315 4125 reperiri
1331 4048 1364 4107 in
1380 4064 1418 4107 co
1442 4047 1488 4109 ice
1503 4049 1701 4110 Trevirensis
1715 4051 1850 4112 abbatim
1862 4051 1893 4110 S.
1909 4052 2092 4124 Maximini,
2106 4070 2195 4129 prie-

572 4131 708 4192 termisit
724 4134 850 4200 caetera,
866 4145 930 4187 non
948 4127 1090 4283 indigna,
1109 4131 1144 4187 ut
1160 4127 1216 4197 ait,
1233 4127 1304 4186 luce
1318 4125 1439 4191 omnia,
1459 4126 1520 4187 nisi
1538 4127 1624 4204 quod
1648 4145 1761 4205 paium
1783 4129 1949 4192 emendata
1973 4129 2192 4209 (sirmondus,

573 4208 660 4270 liist.
673 4207 891 4269 Predasti'nat.
913 4223 947 4265 ca
973 4250 980 4264 .
997 4206 1011 4265 i
1032 4206 1152 4265 .Porro
1167 4201 1284 4282 quibus
1296 4204 1466 4283 Augustini
1481 4204 1563 4265 liber
1576 4223 1640 4265 non
1653 4205 1771 4266 iecerat
1783 4209 1872 4278 satis,
1893 4208 1916 4267 ii
1935 4224 1994 4269 nec
2010 4209 2119 4270 Evodii
2137 4226 2194 4268 re-

572 4287 744 4364 sponsione
768 4286 828 4347 sibi
855 4224 1054 4345 satistilctum
1075 4283 1298 4345 declaravere:
1317 4299 1391 4343 nam
1413 4282 1584 4361 ipsummet
1607 4285 1781 4351 convenire
1805 4287 2038 4363 Augustinum,
2058 4286 2142 4364 apud
2160 4305 2194 4346 se

573 4369 774 4437 statuerunt3
791 4363 916 4424 tametsi
930 4362 959 4423 ei
975 4361 1109 4422 consilio
1122 4378 1200 4422 suus
1217 4362 1359 4438 ipsorum
1374 4362 1474 4421 abbas
1490 4360 1718 4440 refragaretur.
1731 4363 1789 4425 llic
1803 4370 1956 4440 praterea
1969 4366 2130 4425 incassum
2146 4365 2192 4424 eis

573 4443 691 4503 mederi
705 4449 840 4504 conatus
856 4445 905 4502 est
916 4458 976 4518 ope
989 4441 1090 4501 sancti
1104 4438 1269 4519 cujusdam
1284 4439 1463 4518 presbyteri
1479 4440 1609 4500 nomine
1622 4441 1748 4514 Sabini,
1763 4443 1817 4518 qui
1830 4443 1946 4502 librum
1960 4443 2077 4504 eisdem
2093 4442 2191 4502 nitida

573 4521 836 4599 interpretatione
851 4519 1032 4597 explicavit.
1045 4518 1150 4591 Quare
1160 4534 1232 4578 cum
1245 4517 1298 4578 ille
1310 4517 1377 4609 jam
1387 4518 1512 4577 nulium
1527 4519 1613 4579 aliud
1629 4521 1803 4581 remedium
1815 4528 2033 4599 cognosceret,
2050 4522 2192 4598 ipsorum

574 4599 774 4677 protectioni,
789 4616 829 4658 ne
844 4616 902 4676 per
916 4597 1078 4672 repulsam
1099 4600 1294 4673 augerentur
1309 4614 1342 4655 in
1356 4596 1403 4656 cis
1420 4596 1573 4669 vulnera,
1589 4599 1640 4659 vel
1659 4598 1778 4660 invitus
1791 4601 1971 4671 consensit,
1986 4604 2082 4676 atque
2097 4600 2193 4658 etiam

573 4679 708 4756 pecnnia
722 4677 762 4739 ad
777 4678 838 4737 iter
850 4676 1031 4737 necessaria
1049 4675 1212 4746 instruxit,
1227 4673 1350 4735 litteras
1363 4677 1469 4734 tamen
1485 4674 1589 4736 nullas
1604 4675 1688 4736 dedit
1700 4677 1739 4738 ad
1753 4679 1888 4755 Augusti
1894 4696 1969 4737 nuni
1981 4721 1989 4749 ,
2003 4682 2038 4736 ut
2051 4695 2090 4736 ne
2102 4677 2169 4755 ipse
2185 4714 2194 4723 -

572 4760 648 4826 met,
667 4755 799 4834 perinde
813 4759 909 4831 atquc
922 4754 980 4825 illi,
997 4753 1082 4814 circa
1098 4753 1263 4813 veritatem
1278 4751 1431 4812 doctrinis
1445 4752 1514 4830 ejus
1527 4769 1644 4830 anceps
1658 4753 1812 4815 iluctuare
1829 4755 2001 4814 videretur.

611 4836 725 4912 ltaque
739 4834 895 4894 libertatis
913 4832 1066 4893 adversus
1080 4830 1215 4910 gratiam
1228 4829 1411 4891 defensores
1424 4831 1523 4890 libere
1535 4847 1573 4891 ac
1586 4831 1766 4894 inordinata
1781 4833 1977 4911 proiectione
1991 4833 2110 4912 (Epist.
2120 4832 2193 4903 atti,

572 4930 603 4972 ii.
619 4912 666 4993 l),
683 4911 796 4984 idest,
812 4917 924 4974 contra
946 4910 1130 4970 monasticia
1148 4908 1322 4986 disciplinae
1337 4907 1498 4980 ordinem,
1513 4908 1573 4968 iter
1588 4911 1731 4989 aggressi
1749 4917 1834 4982 sunt,
1849 4912 2055 4988 scriptionem
2069 4911 2106 4972 de
2127 4928 2193 4987 qua

571 4989 819 5068 disceptabatur,
834 5007 942 5050 secum
955 4987 1093 5048 terentes
1107 5006 1114 5045 ε
1130 5003 1188 5047 nec
1199 4987 1307 5063 plures
1318 4985 1412 5046 iidem
1427 5003 1524 5063 quam
1537 4987 1601 5048 duo
1615 4989 1832 5062 nominantur,
1844 4990 2046 5061 Cresconius,
2060 4990 2193 5052 etFelix

573 5069 694 5148 (Epist.
706 5066 777 5140 att,
794 5085 827 5127 n.
842 5067 885 5145 1),
900 5068 982 5127 alius
995 5065 1047 5126 liic
1060 5065 1192 5125 iorsitan
1204 5066 1293 5139 abeo
1308 5065 1362 5142 qui
1377 5069 1585 5125 memoratam
1600 5068 1805 5144 scriptionem
1818 5069 1851 5128 in
1866 5069 2109 5130 Adrumetinum
2125 5087 2193 5130 iiio·

571 5146 748 5209 casterium
762 5147 913 5207 attulerat
926 5165 933 5203 ι
945 5145 1000 5222 qui
1016 5150 1122 5204 tamen
1137 5143 1249 5221 etipse
1263 5143 1387 5204 videtur
1403 5160 1475 5203 cum
1491 5144 1553 5204 illis
1568 5162 1634 5206 una
1648 5146 1821 5223 proiectus,
1837 5148 1965 5225 quando
1979 5148 2121 5227 ejusdem
2135 5165 2193 5208 co-

571 5226 663 5286 mites
673 5224 881 5303 appellantur
894 5223 1012 5301 (Epist.
1023 5222 1107 5299 216).
1119 5221 1184 5282 illis
1198 5220 1359 5300 proiectis,
1371 5222 1427 5283 alii
1439 5222 1572 5282 iratrum
1584 5222 1617 5282 in
1631 5227 1825 5287 monasterio
1835 5227 1941 5303 quiete
1954 5243 1991 5287 ac
2004 5243 2081 5304 pace
2091 5226 2192 5302 gavisi

571 5309 658 5365 sunt.
672 5305 867 5381 Quanquam
883 5308 989 5362 autem
1013 5301 1063 5361 isti
1083 5300 1179 5360 nullis
1205 5301 1351 5359 instructi
1372 5305 1465 5361 erant
1487 5301 1526 5361 ad
1542 5302 1756 5380 augustinum
1778 5304 1910 5377 litteris;
1933 5311 2039 5365 tamen
2064 5305 2139 5380 quia
2157 5317 2215 5365 se‘

570 5383 746 5459 monachos
760 5399 801 5442 ex
817 5380 1024 5440 Adrumetina
1042 5379 1288 5457 congregatione
1305 5378 1459 5448 terebant,
1473 5397 1527 5440 eos
1544 5386 1672 5443 sanctus
1685 5383 1860 5460 Episcopus
1876 5384 2020 5460 excepit,
2036 5382 2190 5459 majorem

570 5460 602 5519 ln
618 5460 730 5521 iisdem
749 5459 982 5536 simplieitatem
999 5457 1164 5518 advertens
1179 5501 1186 5528 ,
1203 5473 1299 5534 quam
1311 5461 1347 5516 ut
1361 5456 1423 5517 doli
1444 5457 1602 5518 iraudisvc
1623 5466 1730 5537 posset
1744 5462 1862 5522 habere
1880 5468 2042 5538 suspectos
2060 5459 2189 5537 (Epist.

568 5537 640 5610 stt,
652 5557 686 5598 n.
702 5537 746 5617 5).
761 5539 800 5597 lii
815 5555 892 5616 ergo
909 5540 1123 5598 narraverunt
1135 5535 1175 5601 ei,
1192 5536 1327 5613 gratiam
1340 5534 1385 5596 sic
1396 5537 1560 5612 praedicari
1580 5554 1599 5597 a
1616 5541 1808 5616 quibusdam
1829 5540 1896 5600 suis
1920 5539 2086 5608 iratribus,
2102 5543 2136 5596 ut
2151 5540 2192 5596 rili

570 5617 608 5677 iis
624 5625 758 5695 negetur
772 5618 910 5677 liberum
924 5615 1112 5683 arbitrium,
1131 5613 1371 5690 affirmaturque
1386 5632 1445 5674 nos
1459 5633 1500 5674 cx
1518 5618 1635 5677 nostris
1649 5618 1800 5700 operibus
1817 5617 2005 5698 judicandos
2017 5634 2081 5674 iioii
2097 5635 2189 5675 esse:

569 5697 610 5755 ab
626 5696 699 5756 aliis
716 5701 825 5756 autem
840 5694 1030 5773 cumgratia
1047 5692 1141 5751 simul
1156 5692 1286 5770 agnosci
1301 5698 1332 5751 et
1348 5691 1483 5752 liberum
1499 5693 1636 5754 hominis
1650 5697 1828 5765 arbitrium,
1846 5703 1877 5755 et
1889 5695 2110 5772 justitianillei
2127 5713 2191 5770 qua

570 5773 679 5834 reddet
692 5773 869 5849 unicuique
884 5772 1059 5834 secundum
1082 5771 1181 5847 opc‘ra
1204 5769 1285 5847 ejus.
1309 5769 1407 5830 lideni
1435 5771 1567 5847 insuper
1587 5773 1717 5834 Florum
1731 5775 1823 5851 quasi
1837 5773 1980 5843 dissidii,
1999 5789 2065 5850 quo
2080 5790 2193 5833 eoruiii

569 5852 777 5944 congregatio
791 5851 1012 5922 divellebatur,
1029 5856 1191 5909 auctorem
1208 5848 1439 5908 insimulabant
1453 5849 1561 5924 (ibid,
1575 5869 1606 5909 n.
1623 5851 1665 5930 1).

607 5930 723 5990 Docuit
738 5929 910 5990 monachos
926 5929 1141 6007 Augustinus,
1168 5927 1294 6002 illisque
1314 5943 1407 5987 suam
1425 5928 1462 5987 ad
1482 5928 1604 5987 Sirium
1621 5931 1787 6007 epistolarii
1804 5929 1965 6006 exposuit.
1986 5931 2046 5991 Per
2065 5929 2193 5989 eosdem

568 6025 699 6086 quoque
715 6009 753 6069 ad
769 6008 973 6068 Valentinum
990 6012 1020 6067 et
1035 6007 1147 6067 iratres
1162 6007 1194 6064 in
1213 6005 1421 6065 Adrumetina
1436 6013 1595 6066 roiiventu
1609 6007 1708 6084 ipsius
1724 6009 1922 6070 convictores
1936 6010 2063 6084 scripsit
2078 6009 2195 6085 episto-

570 6085 646 6158 lam,
662 6104 727 6164 qua
744 6086 963 6147 difficillimam
977 6086 1063 6145 illarii
1078 6085 1115 6144 de
1131 6085 1293 6144 voluntate
1305 6089 1336 6144 et
1348 6085 1451 6163 gratia
1463 6085 1671 6159 questionem
1682 6087 1870 6148 discutiebat
1886 6086 2002 6166 (Epist.
2017 6087 2088 6157 215,
2101 6105 2133 6146 n.
2149 6087 2193 6163 ζ2).

572 6163 775 6226 Valentinum
802 6171 909 6225 autem
935 6169 1078 6241 rogabat,
1102 6163 1230 6221 l'loruiii
1250 6162 1289 6221 ad
1307 6182 1341 6224 se
1359 6163 1509 6232 mitteret,
1526 6163 1555 6221 id
1571 6163 1692 6226 scilicet
1705 6169 1813 6227 aiiiino
1828 6166 2024 6244 conjectans,
2043 6166 2127 6242 quod
2145 6184 2195 6224 res

569 6251 650 6313 erat,
665 6244 819 6304 adversus
835 6244 925 6303 illurn
938 6244 1009 6302 ideo
1025 6241 1210 6301 tumultuari
1223 6241 1315 6310 aiios,
1331 6241 1417 6318 quod
1433 6258 1496 6302 non
1511 6252 1761 6320 assequerentur
1776 6262 1847 6324 qiisc
1858 6244 1976 6305 diceret
1991 6244 2108 6322 (Epist.
2123 6242 2194 6308 itt,

573 6321 667 6400 nb).
684 6321 834 6403 Optasset
853 6322 980 6401 qiiideni
1004 6321 1210 6397 hiigiistiiiiis,
1228 6320 1315 6379 varia
1335 6321 1630 6404 instrumentaque
1655 6324 1692 6385 ad
1712 6325 1875 6387 iiistoriani
1897 6323 2078 6405 i’eiagiante
2090 6321 2194 6387 haerc-

2038 3659 2197 3721 bocrecii·
2266 3674 2271 3680 '
