5592 7350
553 978 625 1055 aliud
639 999 665 1052 iu
680 968 808 1051 doctriua·
818 1010 824 1043 ε
834 988 880 1047 sed
896 985 1048 1059 protholici
1065 984 1189 1055 poscebat
1208 985 1347 1051 auxilium,

552 1107 601 1163 per
613 1089 705 1147 lesum
718 1077 854 1143 Christum
870 1080 1012 1135 homiuum
1029 1082 1160 1132 uestrum.

587 1172 704 1237 etrus
720 1177 753 1233 x.
767 1206 803 1217 -
815 1174 860 1229 ᾗ.
877 1171 950 1228 ilaue
963 1172 1052 1241 itaque
1072 1170 1202 1241 gratiam,
1216 1169 1296 1239 quam
1314 1166 1349 1224 in

551 1272 685 1329 catlroiiea
697 1267 817 1325 Ecclesia
829 1264 995 1321 notissimam
1006 1270 1147 1324 noverant,
1162 1251 1280 1329 episcopi
1291 1273 1351 1313 cre·

551 1365 678 1421 dideruut
691 1346 828 1431 Pelagium
841 1355 973 1421 confiteri,
987 1370 1048 1409 cum
1061 1350 1185 1408 audirent
1198 1366 1260 1407 eum
1276 1349 1350 1405 diee-

551 1472 599 1523 re,
616 1474 626 1508 r
639 1445 777 1510 hominem
789 1466 803 1504 a
816 1448 930 1521 pcccatis
943 1444 1102 1502 conuersum
1114 1484 1121 1506 ,
1135 1441 1245 1512 proprio
1259 1441 1351 1495 labore

554 1558 581 1600 rt
593 1542 735 1616 lieigrati'a
759 1554 840 1611 posse
865 1553 925 1593 csse
951 1538 1009 1591 sirie
1029 1539 1144 1604 peceato.
1165 1523 1248 1603 >figo
1262 1532 1350 1586 autem

554 1648 663 1709 pmptcr
676 1636 749 1689 illum
762 1633 868 1693 librum,
889 1644 968 1700 qrrem
992 1626 1056 1681 mihi
1082 1623 1257 1680 refellendum
1280 1620 1351 1677 scrri

555 1729 601 1787 lici
617 1726 750 1783 dederunt
765 1723 868 1794 (n),qui
882 1720 1004 1791 discipuli
1030 1718 1089 1788 cju's
1104 1714 1224 1781 fuerumt,
1240 1724 1267 1770 et
1289 1730 1352 1771 eum

554 1819 680 1875 eumdem
694 1816 830 1887 Pelagium
845 1814 922 1868 recide
935 1803 1076 1882 diligerent
1089 1851 1096 1874 ,
1113 1807 1170 1879 ejus
1195 1824 1256 1863 esse
1276 1806 1352 1862 dixe·

554 1906 628 1977 ruu‘t,
641 1907 688 1963 uhi
700 1904 753 1961 hac
771 1903 920 1975 quastione
943 1896 993 1956 sihi
1016 1892 1149 1971 proposita
1162 1942 1168 1959 ,
1183 1899 1243 1970 quia
1257 1887 1310 1952 iroe
1326 1896 1352 1952 io

554 2017 589 2055 eo
603 2000 659 2070 jam
670 1997 800 2067 plurimos
814 1993 971 2059 offenderat,
986 1990 1056 2063 qrrod
1072 1990 1201 2045 acirersus
1220 1991 1264 2044 ilci
1292 2004 1353 2061 gra-

556 2090 620 2145 tiam
634 2089 800 2160 loqrreretur,
814 2075 980 2154 apertissime
992 2078 1141 2152 expressi,
1158 2103 1167 2133 ι
1185 2074 1256 2136 haue
1270 2094 1300 2136 se
1314 2080 1355 2135 di-

555 2197 620 2235 ccre
632 2179 680 2235 Dei
695 2178 819 2251 gratiam,
832 2174 903 2247 quod
918 2172 1122 2245 pusstottteuem
1150 2188 1201 2229 non
1223 2170 1353 2245 peccandi

556 2281 653 2326 natura
669 2278 832 2325 nostrarum
847 2265 1019 2330 conderetur,
1033 2262 1146 2334 accepit,
1161 2263 1356 2334 quioniamcon·

554 2362 612 2416 dua
627 2370 669 2416 cst
682 2374 742 2414 eum
756 2358 842 2413 iiirero
857 2356 968 2411 arbitrio
984 2372 991 2410 :
1012 2360 1145 2426 >propter
1160 2355 1230 2408 horne
1245 2368 1309 2424 crgo
1321 2350 1355 2406 li·

556 2453 636 2506 hrum
647 2465 708 2522 ego,
723 2446 829 2519 plurimi
843 2453 933 2500 autem
944 2445 1040 2500 iratres
1051 2450 1160 2515 proptor
1170 2443 1228 2514 ejus
1237 2442 1358 2513 disputa-

557 2544 659 2606 tiones,
673 2554 742 2611 quas
757 2538 847 2592 dieunt
872 2534 923 2591 sibi
944 2548 1004 2591 esse
1025 2532 1195 2596 notissimas,
1213 2532 1300 2587 adirue
1312 2547 1357 2587 su-

558 2646 621 2688 naus
635 2630 789 2687 deistorum
804 2627 949 2683 verborum
964 2625 1023 2697 ejus
1044 2625 1215 2696 ambiguitate
1226 2622 1355 2689 solliciti,

560 2739 595 2777 ne
610 2721 682 2777 forte
693 2717 758 2791 qut
770 2718 797 2774 iu
813 2732 843 2773 ea
855 2716 947 2784 lateat,
961 2724 1041 2786 atque
1066 2730 1096 2771 se
1120 2713 1172 2769 hoe
1186 2713 1286 2769 dixisse
1299 2713 1357 2768 siue

561 2812 718 2885 pracindicio
747 2811 789 2865 sui
815 2808 947 2882 dogmatis
969 2815 1085 2878 exponat
1108 2816 1201 2876 postea
1222 2803 1358 2874 discipulis

560 2904 630 2970 suis,
645 2905 680 2957 ita
691 2902 846 2958 artocreas:
863 2918 871 2953 c
887 2899 948 2956 hisi
962 2900 1083 2971 qrrtucm,
1097 2899 1205 2969 proprio
1227 2898 1320 2954 iuhore
1332 2907 1359 2953 et

563 2996 611 3051 ilei
629 2994 714 3066 gratia
737 3006 815 3064 posse
842 2990 1053 3048 iroruiuemesse
1078 2991 1135 3047 sino
1155 2999 1283 3061 pcccato;
1312 2989 1359 3046 sed

563 3101 644 3158 qrram
653 3083 740 3139 diram
754 3083 866 3155 gratiam
882 3082 983 3153 optime
997 3081 1092 3144 nostis,
1106 3092 1133 3139 et
1146 3080 1260 3151 legendo
1282 3093 1360 3136 reeo-

565 3178 620 3233 iere
631 3176 753 3248 potestis,
768 3174 839 3246 quod
854 3190 884 3229 ea
898 3175 942 3237 sit.
956 3174 982 3229 in
994 3189 1045 3245 qua
1060 3174 1143 3230 creati
1167 3187 1260 3230 sumus
1275 3189 1289 3227 a
1304 3174 1360 3228 fico

566 3267 857 3324 cumliheroarbitrio.
881 3268 993 3338 uritque
1017 3268 1052 3322 ita
1075 3265 1137 3322 dum
1163 3282 1223 3322 rum
1249 3266 1362 3323 creduut

567 3360 684 3432 episcopi
716 3373 775 3413 cam
801 3357 900 3413 dixisse
922 3360 1050 3427 gratiam,
1079 3375 1131 3412 uon
1159 3373 1209 3429 qua
1240 3358 1362 3413 hommes

567 3442 650 3506 ertr'ati
665 3460 769 3517 sumus,
789 3447 835 3503 sed
851 3457 902 3519 ocra
925 3448 951 3503 in
975 3463 1069 3502 noram
1081 3458 1230 3503 creaturum
1244 3447 1362 3518 adoptati

568 3541 650 3613 (hone
677 3540 749 3596 enirn
777 3539 945 3609 apertissime
971 3539 1082 3610 gruttam
1108 3538 1196 3594 utrina
1226 3538 1361 3610 Se'tipturo

568 3630 760 3703 commendat),
777 3631 930 3701 ignor-autes
943 3629 1114 3697 turrcticum,
1128 3637 1252 3700 tauquam
1268 3629 1362 3684 eutho-

569 3726 840 3785 licuruahsolrerunt.
858 3724 1017 3796 Suspectum
1031 3724 1101 3779 euim
1127 3738 1171 3779 me
1199 3723 1260 3777 facit
1283 3723 1363 3778 etiam

569 3820 645 3886 iliud,
659 3817 730 3889 quod
746 3832 806 3873 curn
818 3817 843 3872 in
857 3816 951 3872 eudem
964 3815 1043 3881 libro,
1058 3814 1101 3870 eui
1127 3814 1263 3885 respondi,
1284 3829 1363 3884 aper·

569 3911 672 3966 tissime
685 3908 793 3972 uixerit,
808 3927 817 3961 r
831 3907 1005 3977 tihcljustum
1017 3920 1153 3977 nuurpram
1165 3906 1278 3963 omniuo
1299 3921 1364 3976 pec·

568 4017 664 4068 casse;
683 4019 692 4053 r
710 3998 790 4054 ruodo
803 3998 850 4063 ait,
868 4017 877 4050 c
896 3996 953 4052 Nou
968 4008 1055 4052 autem
1070 3996 1187 4052 diximus
1205 3997 1275 4067 quud
1288 3997 1364 4052 iure·

570 4094 659 4148 niatur
671 4091 780 4163 aliquis,
793 4092 827 4146 ab
841 4089 950 4144 infrutia
978 4103 1061 4159 usque
1076 4087 1108 4142 ud
1135 4098 1292 4156 senectam,
1320 4088 1365 4160 qui

569 4202 704 4258 nunquam
714 4187 875 4257 perurserit:
891 4184 1077 4255 sedquoniam
1092 4199 1106 4236 a
1121 4185 1239 4254 pcccatis
1250 4199 1365 4238 corruer-

568 4290 628 4341 sus,
641 4277 751 4348 proprio
768 4275 893 4331 lahoreet
907 4274 955 4330 liei
970 4274 1054 4346 pratia
1068 4276 1152 4344 possit
1166 4289 1226 4329 csse
1240 4275 1297 4329 sine
1307 4289 1367 4344 per-

570 4378 642 4424 cato.
660 4388 670 4422 r
687 4368 755 4424 ribei
767 4369 865 4440 quippe
876 4367 988 4437 justrrm,
1003 4383 1057 4422 nou
1079 4382 1093 4421 a
1114 4368 1230 4437 peccatis
1252 4382 1365 4422 conarer·

570 4475 631 4514 sum
647 4459 674 4514 in
687 4468 784 4514 eutero
800 4458 853 4512 rita
866 4457 932 4514 dixit
956 4456 1053 4513 foctrrm
1072 4472 1131 4513 csse
1153 4457 1213 4513 sine
1238 4466 1365 4527 peceato,

569 4551 619 4608 seu
638 4551 734 4622 equod
749 4560 886 4621 peccatum
904 4550 1004 4605 nulium
1019 4564 1134 4620 utiquam
1148 4548 1250 4604 fecerit.
1266 4567 1274 4596 r
1292 4547 1367 4604 iiude

571 4641 655 4696 siiile
667 4641 750 4711 ipsius
761 4641 829 4697 liher
853 4651 904 4707 est,
921 4638 1040 4711 profecto
1064 4655 1097 4695 ex
1113 4639 1170 4710 ipsa
1192 4642 1367 4709 responsioue

571 4733 755 4788 emendandus
768 4743 818 4788 est.
831 4732 897 4787 Nulo
909 4733 980 4787 euim
991 4731 1150 4788 cumdioere
1177 4731 1256 4787 modo
1283 4729 1367 4788 fuisse

576 4827 731 4889 mentitum,
748 4841 780 4881 ue
800 4826 868 4880 forte
883 4825 973 4895 quoti*
989 4826 1015 4879 iu
1030 4824 1097 4879 iihro
1111 4824 1156 4879 illo
1175 4825 1322 4894 scripserit,
1338 4840 1368 4881 so

572 4916 646 4972 dicat
659 4918 788 4972 oblitum:
801 4916 913 4988 proinde
934 4927 1031 4971 eaetcra
1053 4916 1202 4972 rideamus.
1219 4916 1257 4972 Ea
1271 4917 1368 4987 quippe

571 5017 772 5081 consequuntur
793 5007 820 5064 in
836 5007 1026 5065 ecelesiasticis
1049 5008 1142 5079 gestis,
1170 5009 1276 5079 quihus,
1290 5009 1367 5078 adju·

573 5111 652 5159 rante
663 5103 785 5168 Domino,
798 5116 942 5173 possuums
962 5100 1114 5167 ostendere,
1139 5100 1219 5156 etiam
1243 5101 1366 5172 Pelagio,

571 5195 783 5251 simtnouuuliis
793 5195 908 5257 ridetur,
917 5194 943 5248 in
953 5193 1198 5249 iliacxaminutione
1208 5204 1329 5265 purgato,
1342 5203 1369 5250 ct

570 5295 647 5341 certe
661 5284 730 5356 apud
743 5286 846 5354 judiees
859 5284 988 5339 dirutaxat
1008 5283 1131 5340 homiues
1143 5284 1284 5348 ahscrlutu,
1300 5286 1369 5342 trane

573 5377 655 5432 taicru
668 5378 804 5440 hmresirn,
819 5391 897 5447 piram
911 5385 937 5432 et
952 5375 1064 5431 ulterius
1088 5374 1212 5459 progredi
1234 5387 1262 5433 et
1281 5377 1306 5433 iu
1320 5392 1367 5447 po·

519 5496 522 5501 ·
569 5471 617 5540 jus
629 5469 760 5541 prolicere
772 5469 899 5532 nolimus,
914 5468 1062 5530 sineduhio
1071 5482 1131 5522 csse
1143 5464 1307 5524 ciarunutam.

587 5575 592 5582 ·
609 5559 723 5618 cartu
735 5559 861 5616 itt-23.
873 5559 936 5615 liare
948 5556 1173 5628 eninrs'erpuuntur
1181 5559 1369 5629 rrlrjrctaPeia—

573 5650 628 5721 gio,
643 5664 703 5722 φιτ
715 5649 741 5705 ἰιι
756 5651 876 5707 doctrina
888 5650 1005 5706 Coeiestii
1021 5650 1143 5722 discipuli
1167 5651 1226 5720 ejus
1249 5651 1370 5707 referun-

573 5751 619 5796 tur
631 5743 748 5798 iuventa.
765 5743 876 5814 elidam
893 5742 1032 5797 mortalem
1049 5740 1158 5804 factum,
1173 5745 1218 5812 qui
1232 5743 1289 5799 sire
1307 5759 1369 5813 pcc·

571 5841 657 5895 caret,
669 5833 725 5890 sive
737 5847 790 5888 nou
812 5842 944 5903 peccaret,
972 5832 1117 5888 moriturus
1136 5842 1218 5889 esset.
1239 5834 1370 5902 eroniam

572 5937 712 5993 peceaum
727 5921 790 5978 :ldae
803 5923 890 5993 ipsum
904 5924 992 5978 solum
1018 5920 1133 5986 luserit,
1155 5933 1184 5979 et
1210 5940 1263 5979 uun
1287 5939 1370 5996 geum

572 6014 728 6068 homanum.
743 6013 874 6081 Quoniam
889 6014 943 6071 hex
956 6015 995 6071 sie
1010 6015 1089 6071 mittit
1098 6014 1131 6070 ad
1143 6032 1264 6089 regnum,
1274 6033 1370 6090 qnem-

570 6105 716 6160 admodum
754 6106 935 6177 liraupeiiutu.
966 6106 1097 6176 Quoniam
1129 6118 1191 6167 ante
1226 6109 1370 6167 adrentum

608 6261 926 6332 ¹mtheruansras,p‹tu.

607 6331 646 6388 tal
663 6329 937 6381 numeram

1269 869 1368 926 LliiEii
1390 868 1490 924 ttxtts.

2143 863 2195 920 dil

1402 983 1618 1038 Cirristiluerunl
1633 980 1755 1036 homines
1776 974 1833 1034 sirie
1856 988 1973 1049 peccato.
2002 979 2132 1047 Ortonam
2154 984 2194 1034 iu·

1405 1072 1489 1129 fuu'tcs
1503 1090 1588 1143 nuper
1604 1074 1660 1128 nati
1671 1074 1696 1126 iu
1712 1062 1757 1127 illu
1769 1075 1840 1127 staiti
1856 1082 1926 1135 suut,
1943 1071 1968 1125 in
1985 1087 2038 1143 quo
2054 1069 2137 1126 eldam
2147 1070 2196 1127 fuit

1403 1162 1728 1237 anteprrvarlcutiunem.
1746 1166 1876 1233 Quoniam
1900 1180 1986 1235 treque
2014 1178 2061 1235 per
2082 1174 2196 1220 mortem

1403 1261 1444 1313 rei
1454 1259 1699 1329 praeuaricationem
1715 1258 1779 1342 tiriae
1791 1272 1871 1313 ornae
1883 1273 1967 1328 procu
1981 1259 2119 1313 hominum
2135 1275 2193 1312 ruo·

1404 1353 1498 1418 riatur,
1514 1361 1599 1423 neque
1615 1369 1662 1423 per
1675 1352 1898 1408 resurrectionem
1924 1352 2022 1408 Christi
2045 1366 2126 1409 omne
2150 1368 2198 1423 ge·
2219 1344 2231 1360 '

1405 1462 1455 1500 uus
1469 1444 1605 1500 hominnm
1619 1452 1749 1515 resurgat.
1770 1462 1780 1494 ι
1804 1441 1865 1498 lime
1891 1442 1925 1498 ila
1948 1443 2052 1513 objce'a
2068 1454 2146 1508 scrut,
2171 1454 2199 1497 ut

1404 1539 1485 1593 etiam
1498 1537 1566 1607 apud
1579 1527 1791 1606 Carthaginema
1806 1536 1953 1591 Sanctitate
1966 1545 2009 1590 tua
2035 1546 2060 1591 ct
2086 1537 2120 1592 ah
2134 1535 2194 1590 aliis

1406 1637 1492 1683 tecum
1512 1627 1646 1697 episeopis
1660 1625 1812 1681 dicerentur
1838 1620 1927 1681 audita
1955 1635 2034 1695 atrprre
2061 1623 2197 1681 dmnuata.

1406 1704 1456 1774 Uhi
1470 1720 1588 1791 uiridem,
1599 1727 1627 1772 ut
1641 1717 1748 1783 recolis,
1763 1717 1820 1787 ipse
1834 1733 1887 1771 non
1900 1711 2007 1781 loisel
2029 1726 2119 1787 postea
2137 1730 2197 1771 eum

1406 1811 1538 1866 rcrrisscm
1548 1806 1746 1879 Carthaginem,
1763 1802 1856 1862 eadem
1869 1816 1942 1877 gesta
1951 1808 2083 1874 recensui,
2096 1822 2128 1862 ex
2140 1806 2199 1879 qui:

1407 1902 1456 1955 irus
1468 1902 1553 1971 aliqua
1565 1898 1674 1955 memini
1687 1918 1694 1953 τ
1707 1898 1756 1954 secl
1771 1899 1862 1954 ucseio
1876 1908 1965 1954 utrum
1986 1893 2042 1955 eis¹
2058 1899 2115 1956 hmo
2140 1912 2200 1955 om·

1408 1993 1450 2047 nia
1462 1999 1611 2046 teneantur.
1623 1988 1691 2059 Quid
1705 1999 1794 2045 autem
1804 1990 1926 2054 interest,
1938 1999 2027 2045 utrum
2038 1990 2126 2061 aliqua
2136 1988 2201 2045 inihi

1408 2097 1460 2136 uon
1475 2081 1530 2136 sint
1544 2080 1612 2137 forte
1624 2088 1851 2143 commemorata,
1865 2089 1892 2135 et
1906 2080 1967 2135 ideo
1993 2096 2042 2135 nce
2056 2078 2200 2145 damnata,

1407 2188 1468 2227 cum
1480 2181 1593 2229 constet
1615 2183 1675 2227 esse
1695 2169 1866 2227 damnanda?
1889 2166 1989 2229 Deinde
2013 2172 2117 2244 obieeta
2140 2184 2202 2229 sunt

1407 2264 1495 2317 etalio
1510 2262 1631 2333 quomdam
1643 2257 1767 2333 capitula,
1777 2264 2032 2318 commemoratione
2046 2263 2098 2320 mei
2114 2264 2202 2321 nunti·

1409 2353 1449 2409 uis
1465 2351 1631 2423 interposita,
1645 2366 1705 2424 qrra*
1719 2352 1783 2407 urihi
1799 2353 1832 2409 de
1854 2354 1942 2410 Sicilia
1970 2355 2050 2409 missa
2076 2354 2202 2422 fuerant,

1408 2462 1468 2499 cum
1484 2445 1518 2500 ihi
1530 2445 1623 2500 fratres
1638 2446 1762 2501 catholici
1779 2438 1932 2517 ipsiusmodi
1947 2448 2203 2519 qrrmstiunihustur·

1410 2535 1545 2603 h.=reutur,
1560 2536 1656 2606 qrrihus
1669 2552 1716 2607 per
1733 2529 1832 2592 ¹iihrurn
1852 2538 1884 2592 ad
1900 2537 2027 2593 iiilarium
2049 2540 2176 2609 seriptum
2194 2581 2202 2603 ,

1409 2628 1453 2697 qut
1466 2643 1497 2681 ca
1510 2627 1575 2682 mihi
1596 2629 1622 2681 in
1638 2629 1749 2699 epistula
1763 2643 1809 2683 sua
1824 2626 1968 2684 consulem
1994 2631 2122 2693 uriscrat,
2139 2631 2207 2687 salla

1410 2717 1582 2783 suiftcieuter,
1600 2718 1703 2773 tttmihi
1720 2720 1833 2785 vitietur,
1847 2721 1973 2789 respondi
1996 2720 2125 2794 (Epistola
2141 2723 2204 2787 157.

1410 2810 1444 2864 ud
1460 2808 1587 2865 ifilorium
1600 2810 1719 2884 scripto).
1736 2810 1786 2865 ista
1810 2823 1872 2868 suut
1893 2821 1982 2868 autem
1999 2832 2005 2866 ε
2024 2832 2032 2865 ι
2053 2814 2135 2871 Posse
2157 2813 2205 2870 ho-

1411 2902 1510 2957 minem
1525 2893 1708 2973 siuepeccato,
1725 2894 1747 2957 si
1763 2903 1837 2972 velit,
1853 2919 1923 2959 osse.
1934 2903 2063 2969 infantes,
2077 2904 2127 2961 etsi
2151 2920 2204 2959 nou

1412 2993 1588 3065 baptizentur,
1603 2989 1704 3049 hahere
1717 2995 1796 3049 citam
1808 3005 1947 3049 uternam.
1963 2995 2064 3051 Diuites
2086 2994 2205 3065 baptiza·

1413 3095 1464 3152 tos‚
1478 3085 1528 3139 uisi
1543 3081 1668 3140 omnihus
1681 3084 1878 3151 abrenuntient,
1897 3084 1992 3156 siquid
2008 3085 2070 3140 honi
2083 3086 2132 3140 visi
2142 3082 2205 3140 fue·

1413 3173 1575 3240 riutfacere,
1598 3188 1653 3229 non
1679 3176 1798 3245 reportari
1826 3174 1895 3241 illis,
1919 3191 2005 3248 neque
2031 3192 2141 3247 reguum
2157 3176 2205 3233 liei

1414 3282 1492 3338 posse
1504 3282 1551 3321 ecus.
1560 3262 1670 3321 hahere.
1687 3286 1696 3319 r

1449 3357 1495 3414 il.
1508 3357 1547 3414 uu
1562 3358 1619 3413 hue
1637 3349 1687 3413 sihi
1703 3358 1816 3428 objecta,
1830 3358 1898 3412 sicut
1913 3367 1984 3429 gesta
2000 3367 2140 3417 testantur.
2159 3357 2208 3415 Pe·

1415 3451 1499 3522 lugius
1523 3451 1558 3506 ita
1577 3451 1715 3522 respondit
1730 3469 1736 3503 :
1753 3469 1761 3502 ι
1781 3450 1819 3505 lte
1845 3465 1925 3521 posse
1944 3450 2051 3521 «paridem
2071 3449 2207 3505 hominem

1415 3544 1475 3601 siue
1488 3554 1598 3617 peccato
1613 3559 1688 3608 esse,
1700 3544 1799 3599 dictmn
1814 3554 1871 3609 est,
1894 3563 1903 3595 r
1922 3543 2017 3614 irrqrrit,
2035 3561 2044 3595 t
2064 3544 2207 3614 superius:

1415 3635 1449 3693 de
1462 3645 1593 3693 eoautem
1606 3635 1677 3707 quod
1693 3635 1790 3691 fuerint
1800 3644 1862 3691 aute
1879 3634 2020 3690 adrentum
2044 3634 2147 3691 iiorrriui
2161 3635 2209 3692 lto·
2272 3683 2278 3694 .

1416 3731 1501 3787 mines
1513 3731 1572 3788 sine
1582 3739 1701 3802 peccato,
1717 3729 1830 3784 dicimus
1842 3737 1870 3782 ct
1892 3743 1940 3783 aros
1952 3728 2077 3799 qrruniaur
2088 3737 2150 3783 aute
2160 3730 2209 3783 ad·

1416 3824 1525 3878 rentum
1537 3819 1636 3877 Christi
1650 3821 1772 3877 riserunt
1785 3819 1893 3891 qrridam
1914 3828 2006 3876 sancte
2018 3828 2046 3875 et
2057 3819 2146 3890 juste,
2164 3834 2208 3877 se-

1416 3913 1735 3984 cundumScripturorum
1744 3922 1895 3968 sanctarum
1909 3912 2088 3967 traditionem.
2099 3912 2209 3982 [leliqua

1418 4024 1482 4064 vcro
1507 4018 1534 4082 eft
1562 4008 1707 4065 secuudum
1722 4009 1841 4077 ipsorum
1855 4008 2037 4062 testimouium
2051 4025 2066 4063 a
2083 4024 2126 4064 rue
2140 4010 2211 4064 dieta

1418 4116 1471 4155 nou
1484 4111 1555 4165 suut,
1570 4115 1618 4171 pro
1630 4099 1726 4170 quibus
1739 4115 1789 4171 ego
1803 4099 1956 4156 satisfacere
1977 4116 2029 4156 non
2043 4101 2145 4157 deheo:
2162 4103 2210 4157 scd

1419 4205 1506 4250 tamen
1522 4194 1554 4248 aci
1570 4193 1778 4249 satisfactionem
1794 4203 1893 4249 saneta
1905 4193 2024 4262 synodi,
2054 4194 2210 4250 auatherua·

1419 4291 1471 4344 tiro
1481 4289 1542 4345 ilios
1556 4288 1601 4360 qui
1616 4290 1656 4346 sic
1671 4297 1772 4354 tenent,
1788 4297 1834 4343 aut
1858 4288 2003 4360 aliquando
2031 4297 2208 4345 tenturum.»

1419 4379 1575 4437 Posthaue
1589 4380 1648 4450 ejus
1670 4380 1870 4448 responsionem
1890 4379 2015 4451 Syrrrrdus
2040 4379 2124 4435 dixit:
2143 4398 2153 4434 c
2170 4381 2210 4436 hcl

1420 4472 1477 4528 hcc
1489 4470 1613 4543 praedicta
1627 4471 1740 4542 capimla
1753 4470 1918 4526 sufficienter
1936 4482 1963 4527 et
1989 4480 2061 4526 reete
2081 4468 2212 4528 satisfecit

1419 4581 1537 4638 praesens
1550 4562 1921 4636 Pelagiusanatirematizans
1941 4578 1973 4618 ea
1986 4579 2045 4633 qum
2065 4577 2117 4617 non
2134 4573 2212 4618 eraut

1419 4658 1486 4726 ejus.
1505 4677 1515 4710 r
1532 4656 1659 4712 Videmus
1674 4657 1754 4727 igitur
1764 4665 1790 4711 et
1805 4665 1937 4722 tenemus,
1947 4670 2001 4712 non
2011 4655 2123 4710 suluma
2138 4653 2212 4712 Pela·

1419 4748 1473 4818 gio,
1490 4763 1581 4802 rerum
1595 4747 1702 4802 etianra
1717 4746 1817 4800 sanetis
1835 4745 1967 4814 episeopis
1981 4745 2026 4814 mii
2049 4744 2086 4800 iiii
2111 4743 2213 4814 judicio
2245 4789 2248 4794 ,

1421 4839 1608 4908 praesidebant,
1623 4836 1691 4892 nrala
1707 4835 1933 4906 perniciosissima
1946 4835 2096 4906 hujusmodi
2124 4836 2211 4894 imre·

1420 4931 1457 4985 sis
1469 4945 1529 4986 esse
1541 4927 1663 4984 domuum
1677 4944 1685 4983 ι
1705 4946 1714 4980 c
1733 4925 1819 4983 hdam
1832 4926 1972 4982 mortalem
1984 4925 2092 4991 foetum,
2110 4946 2121 4980 r
2135 4929 2209 4999 quoti

1420 5035 1449 5080 ut
1462 5024 1566 5096 plenius
1578 5032 1755 5092 exponeretur
1767 5018 1900 5092 utromodo
1917 5019 2018 5075 dictum
2039 5020 2084 5089 sit,
2093 5020 2211 5078 additum

1420 5127 1472 5182 est,
1486 5135 1495 5169 c
1508 5117 1553 5187 qui
1566 5115 1621 5171 sire
1634 5121 1767 5185 peccaret,
1782 5112 1839 5169 sire
1851 5129 1904 5168 non
1916 5123 2053 5182 peccaret,
2068 5098 2214 5170 wionis

1420 5216 1501 5267 esset.
1515 5207 1591 5276 Quotl
1605 5217 1741 5278 peceatum
1764 5207 1822 5277 ejus
1841 5206 1927 5276 ipsum
1948 5207 2036 5263 solum
2055 5206 2155 5264 luerit
2166 5247 2175 5274 ,
2186 5220 2214 5262 et

1421 5316 1474 5355 non
1484 5314 1569 5372 penus
1582 5297 1821 5366 humauunr.Qunri
1835 5297 1937 5355 hessie
1949 5297 2078 5353 mittatad
2090 5314 2212 5369 mgnum,

1421 5391 1647 5464 qrrcnracimoclum
1664 5400 1693 5448 et
1705 5390 1889 5461 Euangeliou.
1909 5388 1985 5456 Quod
2003 5388 2116 5443 infantes
2128 5404 2215 5460 nuper

1422 5483 1478 5538 uati
1498 5483 1526 5537 iu
1536 5482 1583 5536 iiio
1596 5490 1667 5537 statu
1681 5481 1745 5544 sint,
1761 5480 1786 5534 in
1797 5495 1851 5552 quo
1865 5477 1950 5535 helam
1963 5479 2012 5535 fuit
2024 5488 2086 5534 aute
2111 5494 2212 5551 pm

1422 5571 1672 5642 rieatiouem.Quod
1685 5586 1771 5642 neque
1780 5580 1946 5641 pcrmortem
1961 5569 2002 5624 rei
2017 5570 2215 5638 praevaricatio·

1423 5681 1483 5720 nem
1499 5663 1563 5719 Adae
1575 5677 1747 5733 omuegeuus
1759 5660 1894 5715 hominum
1915 5660 2053 5726 moriatur,
2068 5675 2154 5730 neque
2167 5675 2217 5732 pec

1423 5758 1645 5814 resurrectionem
1652 5754 1837 5812 Christiomue
1845 5751 2072 5824 perrushcmtoum
2082 5763 2215 5824 resurgat.

1422 5848 1498 5918 Quod
1521 5849 1653 5912 infantes,
1667 5845 1719 5902 etsi
1732 5859 1785 5898 non
1804 5842 1981 5912 hamtrcmm,
1998 5841 2113 5916 habeam
2132 5842 2215 5899 vitam

1422 5950 1559 5997 ammam.
1574 5936 1650 6009 Quod
1660 5936 1757 5992 divites
1768 5934 1909 6004 baptizati,
1934 5934 1985 5988 nisi
1999 5935 2123 5990 omnihus
2136 5933 2215 5990 altre·

1423 6033 1554 6096 nuntient,
1568 6030 1591 6086 si
1605 6027 1669 6100 quid
1681 6026 1743 6085 honi
1753 6025 1802 6081 risi
1817 6023 1915 6081 fuerint
1930 6023 2028 6091 facere,
2043 6040 2095 6080 non
2108 6023 2164 6081 illis
2175 6039 2216 6081 re·

1423 6134 1540 6195 putetur,
1556 6135 1641 6191 neque
1667 6132 1777 6189 reguum
1799 6117 1844 6173 [lei
1867 6116 1969 6188 possim
1995 6116 2101 6173 hahere.
2125 6114 2214 6172 rflaea

1460 6326 1469 6361 ¹
1481 6323 1549 6385 uiui,
1560 6327 1620 6385 elus.
1629 6320 1694 6372 trib.
1709 6326 1758 6384 us,
1772 6318 1808 6371 cle
1821 6332 1830 6370 .·
1841 6316 1953 6380 suhamt,
1963 6319 2044 6384 petat.
