5592 7350
634 903 687 962 Ml

634 1034 676 1074 un
690 1018 712 1085 ¹,
724 1030 803 1087 quam
817 1029 877 1070 cum
886 1012 1018 1068 bart-ticis
1030 1011 1175 1067 Donatistis
1185 1007 1299 1064 babituri
1310 1020 1428 1067 eminus,

634 1107 854 1178 occupatissimus
875 1102 934 1158 lui:
951 1102 995 1159 ille
1009 1117 1073 1158 vero
1094 1103 1174 1157 etiam
1196 1100 1230 1157 ad
1254 1098 1430 1155 transmarina

635 1199 797 1269 properarit.
815 1195 916 1249 intereo
931 1208 980 1264 per
991 1208 1038 1248 ora
1050 1208 1141 1249 eorum
1162 1193 1207 1263 qui
1229 1193 1288 1261 ejus
1306 1188 1429 1259 discipuli

546 1331 552 1342 ,
637 1288 801 1353 ferebantur,
815 1286 937 1355 dogmata
952 1284 1002 1340 ista
1026 1283 1182 1339 lert-ebant:
1198 1282 1232 1337 itu
1246 1293 1275 1337 ut
1289 1278 1431 1337 Coelestius

637 1379 670 1433 ad
690 1377 899 1434 ecclesiasticum
924 1374 1052 1445 judicium
1071 1372 1232 1443 perueniret,
1246 1380 1273 1426 et
1284 1378 1431 1440 reportaret

634 1470 741 1542 dignam
757 1484 804 1524 sua
825 1469 1000 1538 perversitate
1021 1466 1190 1520 seutentiam.
1211 1464 1348 1522 Salubrins
1367 1474 1430 1516 saue

636 1564 766 1619 adsersus
778 1577 825 1617 eos
839 1563 879 1630 agi
900 1561 1067 1631 putabamus,
1083 1560 1106 1613 si
1124 1559 1260 1613 bominum
1280 1556 1432 1612 nominibus

636 1654 732 1714 tacitis,
748 1653 797 1723 ipsi
818 1650 996 1706 refutarentur
1011 1659 1037 1705 et
1061 1649 1285 1719 redarguerentur
1313 1660 1429 1709 errores,

636 1755 716 1816 utrque
731 1744 767 1799 ita
782 1753 854 1811 metu
874 1743 961 1812 potius
974 1741 1146 1797 ecclesiastici
1158 1740 1249 1810 judicii
1265 1740 1432 1809 corrigeren-

637 1845 679 1892 tur
693 1837 827 1897 lromiucs,
841 1850 920 1906 qrtaur
932 1834 989 1903 ipsu
1001 1833 1101 1903 judicio
1118 1833 1284 1901 punirentur.
1297 1830 1431 1886 Ncelibris

636 1926 716 1999 igitur
728 1927 856 1982 aduersus
870 1925 938 1981 mala
959 1925 1003 1979 illa
1022 1925 1165 1989 disserere,
1192 1938 1240 1978 uec
1262 1921 1431 1993 popularibus

637 2018 795 2074 tractatibus
809 2017 990 2072 cessabamus.

673 2109 786 2166 CAPUT
806 2108 901 2165 txttl.
921 2137 957 2147 -
974 2107 1019 2163 li.
1038 2105 1105 2161 Com
1117 2121 1181 2160 roro
1194 2104 1258 2159 mihi
1273 2104 1352 2159 etiam
1363 2103 1433 2158 liber

637 2200 770 2257 illedatus
783 2210 854 2255 essct
868 2200 978 2254 asertis
991 2198 1048 2265 Dei,
1070 2198 1146 2252 ironis
1171 2207 1198 2252 ct
1226 2196 1343 2251 honestis
1367 2195 1432 2249 riris

641 2291 758 2347 'lirrrasio
772 2302 798 2346 ct
809 2289 919 2355 incubo,
936 2290 980 2345 ubi
990 2290 1156 2360 apertissime
1170 2287 1291 2357 Pelagius
1300 2286 1432 2355 abjectam

636 2385 687 2443 sibi
701 2402 715 2440 a
730 2400 759 2439 se
774 2385 833 2455 ipso
845 2393 970 2453 tanquam
981 2383 1015 2437 ab
1027 2380 1192 2447 aduersario,
1208 2379 1277 2433 uude
1289 2378 1343 2449 jam
1353 2394 1432 2448 gran·

636 2476 664 2530 di
683 2476 780 2530 insidia
797 2473 948 2537 laborabat,
961 2474 995 2530 de
1009 2473 1054 2529 Dei
1074 2472 1159 2543 gratia
1183 2471 1356 2541 quastiunum
1379 2484 1432 2523 non

636 2566 715 2621 aliter
732 2565 781 2620 sibi
797 2564 902 2620 sulrere
916 2563 988 2620 risus
1001 2572 1052 2629 cst,
1067 2563 1116 2617 uisi
1128 2571 1156 2616 ut
1165 2570 1285 2616 naturam
1294 2575 1353 2614 cum
1364 2559 1432 2615 libe·

637 2673 668 2713 ro
680 2658 790 2712 arbitrio
805 2656 951 2724 conditam,
964 2656 1009 2712 Dei
1021 2656 1122 2711 diceret
1134 2655 1263 2725 gratiam,
1278 2652 1431 2724 aliquando,

636 2749 716 2820 idque
740 2749 854 2805 teruriter
866 2750 889 2814 ¹,
903 2764 953 2805 nec
968 2755 1072 2817 aperte,
1087 2747 1111 2802 ei
1131 2746 1295 2816 coniungens
1310 2745 1352 2800 rel
1367 2745 1433 2815 legis

638 2841 813 2912 arljuturium,
829 2839 872 2896 rel
886 2840 1069 2895 remissionem
1083 2839 1162 2893 etiam
1174 2847 1340 2909 peccatorum
1354 2853 1361 2890 :
1376 2843 1433 2892 turn

639 2946 703 2987 vero
727 2930 785 2986 sine
800 2931 852 2985 ulla
872 2929 1037 2986 dubitatione
1059 2929 1122 2984 nribi
1137 2929 1242 2992 claruit,
1264 2944 1342 3000 quant
1362 2938 1434 2983 esset

637 3019 790 3076 christiane
804 3021 883 3076 notari
899 3035 1031 3077 uenenum
1055 3021 1125 3076 illius
1138 3020 1320 3090 perversitatis
1343 3019 1434 3074 inimi-

638 3130 712 3170 cum.
726 3113 780 3170 Nec
794 3115 834 3169 sle
847 3124 936 3169 tamon
947 3114 1022 3183 operi
1038 3128 1112 3178 mco,
1126 3129 1179 3183 quo
1198 3111 1320 3168 eumdem
1337 3111 1433 3166 librum

640 3207 737 3273 retolli,
754 3207 853 3279 Pelagii
864 3221 960 3263 norucu
977 3206 1075 3261 inserui
1089 3224 1095 3259 :
1109 3203 1214 3260 lucilius
1226 3220 1269 3260 me
1278 3204 1435 3260 existimans

638 3298 817 3370 prolaturum,
831 3301 852 3354 si
863 3309 966 3354 serrata
981 3300 1108 3365 amicitia,
1120 3297 1209 3353 adbuc
1228 3298 1287 3368 ejus
1300 3313 1434 3355 vererun-

638 3390 689 3445 dim
703 3405 850 3459 parcerent,
864 3390 941 3459 cujus
961 3390 1056 3445 litteris
1077 3390 1131 3459 jorn
1148 3405 1256 3460 parcere
1284 3404 1337 3446 non
1352 3388 1434 3444 debe·

639 3498 707 3536 rerrr.
724 3481 790 3538 ilinc
803 3492 854 3547 cst,
870 3480 941 3552 quod
957 3481 1146 3538 uuueruuleste
1161 3483 1227 3550 lero,
1240 3484 1265 3537 in
1279 3481 1436 3553 bocjrnlicio

639 3572 739 3627 dixisse
754 3573 827 3628 illum
848 3573 963 3644 quodam
982 3574 1052 3638 locu,
1072 3592 1082 3627 r
1098 3574 1304 3630 dnntlrematizo
1317 3575 1377 3630 illos
1390 3576 1435 3646 qui

640 3665 678 3722 sic
691 3676 792 3731 terrent,
803 3676 848 3720 aut
862 3666 1004 3738 aliquando
1016 3677 1167 3723 tenuerunt.
1180 3687 1189 3720 r
1202 3667 1349 3725 Sullecerat
1362 3668 1436 3726 dice·

640 3772 681 3824 rr,
696 3775 705 3808 r
719 3757 763 3828 qui
773 3757 811 3813 sic
825 3765 932 3819 tenent;
948 3777 957 3810 r
971 3766 999 3811 ut
1018 3773 1079 3814 euru
1098 3757 1269 3814 crederemus
1291 3775 1351 3815 csse
1373 3775 1421 3815 cor

641 3859 742 3906 rectum
758 3866 764 3901 :
778 3863 839 3903 cum
864 3864 927 3903 rero
949 3847 1060 3913 addidit,
1087 3857 1154 3903 rant
1174 3848 1317 3920 aliquando
1340 3860 1435 3907 tenue·

641 3927 747 4004 runtssr
769 3939 892 4008 priuurm,
911 3953 992 4009 quam
1014 3939 1112 4009 injusto
1133 3938 1262 3995 damnare
1287 3939 1436 3996 immeritos

640 4044 722 4085 aursus
735 4038 786 4090 est.
800 4029 844 4100 qui
857 4028 914 4094 illo,
929 4045 1009 4099 quem
1023 4029 1080 4085 sire
1097 4026 1167 4094 aliis,
1184 4029 1241 4084 sire
1255 4029 1312 4099 ipso
1324 4030 1437 4086 doctore

642 4120 804 4186 didicerant,
818 4133 912 4175 errore
924 4119 1083 4176 conterenti
1096 4119 1205 4183 beinde,
1216 4120 1276 4191 quis
1284 4135 1376 4177 eorum
1390 4121 1437 4194 qui

641 4226 701 4266 euru
717 4212 767 4268 ista
783 4227 834 4267 nou
855 4213 940 4267 solum
955 4210 1099 4284 aliquando
1110 4211 1237 4278 tenuisse,
1250 4227 1341 4268 rerum
1355 4212 1437 4270 etium

640 4303 763 4367 docuisse
779 4314 926 4371 noverunt,
941 4319 993 4359 non
1015 4304 1111 4360 merito
1131 4303 1298 4374 suspicetur,
1313 4302 1438 4362 simulate

640 4397 879 4452 arrattreuutizasse
892 4395 937 4466 qui
957 4394 1016 4451 hae
1038 4404 1140 4461 tenent,
1158 4410 1217 4450 cum
1235 4394 1330 4450 codem
1357 4393 1437 4449 modo

640 4485 866 4540 arratbumatizarc
880 4501 932 4540 nnn
949 4486 1079 4541 dubitarit
1093 4485 1138 4557 qui
1159 4485 1215 4540 bac
1234 4486 1376 4556 aliquando
1397 4495 1438 4543 te-

641 4587 766 4640 nnerunt,
780 4576 807 4631 iu
826 4576 996 4648 quibuscum
1015 4575 1101 4646 ipsum
1123 4574 1335 4632 recordabuntur
1351 4578 1436 4647 uragi-

641 4672 743 4726 strum?
756 4670 834 4736 Ecce,
851 4681 880 4725 ut
893 4670 961 4725 alius
975 4679 1089 4734 taceam,
1105 4669 1250 4724 Timasinm
1262 4679 1289 4724 et
1296 4668 1435 4737 iacobum,

641 4761 737 4832 quibus
749 4761 844 4823 oculis,
854 4776 905 4830 qna
921 4759 1007 4816 lronte
1017 4758 1436 4829 conspiciet,suosetdilectores,

641 4863 668 4908 ct
680 4852 821 4923 aliquando
836 4852 991 4920 disciputus,
1005 4851 1039 4907 ad
1060 4867 1127 4922 quos
1140 4851 1237 4908 librum
1263 4852 1369 4922 scripsi,
1392 4853 1437 4908 ubi

642 4940 710 4994 libro
724 4942 782 5009 ejus
794 4942 918 5012 respondi
929 4941 987 5013 (u)i
997 4942 1042 5012 qui
1052 4952 1125 4998 certe
1133 4942 1358 5011 quemadmodum
1371 4943 1437 4999 mitri

644 5027 847 5100 rescripserint,
863 5031 1003 5085 taoruduru
1017 5041 1045 5086 et
1062 5032 1276 5100 praetereundum
1290 5049 1341 5087 non
1358 5044 1436 5102 puta·

644 5112 684 5174 ria
699 5112 745 5166 scd
759 5113 909 5182 exemplum
923 5113 1070 5170 litterarum
1085 5117 1176 5169 subter
1188 5117 1312 5171 aurnerui.

678 5203 790 5260 tttt‘ttT
809 5202 905 5259 nutv.
926 5234 963 5246 -
980 5204 1026 5261 ts.
1048 5205 1184 5260 rllomiuo
1196 5222 1259 5262 rere
1271 5207 1436 5277 beatissimo,

641 5306 669 5353 rt
684 5295 780 5353 merito
792 5296 937 5351 venerabili
955 5296 1022 5368 patri
1034 5299 1159 5370 episeopo
1176 5299 1332 5371 Augustino,
1346 5302 1437 5357 Tima-

641 5388 735 5446 siuset
748 5387 874 5451 lacobus,
891 5390 915 5443 iu
932 5389 1045 5444 [loratino
1057 5390 1179 5445 salutem.
1196 5390 1232 5446 lta
1247 5408 1297 5448 nos
1307 5392 1400 5450 reiecit
1410 5403 1437 5449 et

643 5481 776 5538 recrearit
786 5481 871 5554 gratia
897 5480 943 5536 [lei
957 5481 1105 5536 ministrata
1120 5497 1166 5552 per
1180 5483 1288 5539 rerbum
1305 5493 1390 5551 tuum,
1411 5495 1440 5539 ut

644 5588 754 5644 prorsus
770 5586 898 5644 gennano
920 5572 1051 5639 dieamus,
1067 5571 1137 5628 tltrn
1150 5575 1250 5628 uerbum
1262 5590 1345 5640 suunt,
1359 5584 1382 5628 et
1394 5592 1438 5628 so-

644 5667 765 5725 noriteor
780 5664 996 5737 (Praesumo),
1008 5663 1115 5721 domiue
1129 5665 1292 5731 beatissime,
1307 5675 1334 5720 et
1344 5665 1440 5721 nterito

645 5758 802 5814 rernrobilis
817 5759 983 5830 pater.Sane
1001 5775 1031 5814 ea
1046 5757 1182 5830 diligentia
1206 5759 1350 5816 ventilasse
1369 5757 1439 5814 Sau-

645 5850 762 5905 etitateur
777 5860 850 5906 trram
863 5862 963 5906 textum
974 5849 1094 5921 ejusdem
1103 5849 1186 5906 libelli
1200 5850 1358 5919 reperimus,
1370 5859 1397 5904 ut
1406 5849 1439 5903 ad

644 5942 763 6012 singulus
776 5943 866 6013 apices
881 5958 1008 6014 respousa
1029 5942 1132 6000 reddita
1147 5952 1319 6012 stupeamus,
1330 5942 1386 5997 sire
1413 5943 1438 5994 iu

646 6034 686 6089 lais
699 6049 758 6103 quae
773 6033 898 6100 refutare,
913 6034 1048 6100 detestari,
1065 6049 1096 6090 nc
1110 6032 1200 6107 lugere
1214 6033 1308 6091 deceat
1318 6029 1441 6090 cbris'tia-

675 6191 682 6221 ¹
702 6188 885 6254 suar.,anutdo
895 6190 960 6241 circo
971 6189 1133 6243 (dictionem.

675 6251 771 6313 'taliub
783 6250 885 6314 idqnod
896 6253 980 6302 t.·unit.

677 6315 714 6375 tot
731 6313 780 6364 tib.
792 6313 824 6364 de
837 6321 894 6363 ratu
908 6328 921 6362 a
935 6323 959 6364 rt
969 6316 1046 6364 uratia

1161 884 1206 953 be
1225 894 1343 953 eesrts
1359 887 1505 954 retum,
1525 888 1755 948 succussus

2226 893 2277 951 lla

1483 1017 1546 1058 num
1560 1020 1567 1068 ;
1579 1005 1635 1060 sire
1648 1006 1673 1059 iu
1688 1006 1751 1071 illis,
1767 1007 1900 1079 inquibus
1915 1024 1971 1064 rroe
1989 1009 2054 1064 satis
2075 1008 2211 1066 iuvenitur
2232 1026 2277 1066 er·

1483 1110 1572 1159 russe;
1590 1098 1721 1167 qururnuis,
1735 1100 1826 1154 nescio
1836 1114 1887 1170 qua
1897 1099 2050 1165 calliditate,
2060 1100 2086 1154 in
2096 1101 2163 1170 ipsis
2172 1115 2277 1170 quoqne

1481 1188 1593 1257 gratiam
1609 1188 1656 1244 [lei
1677 1189 1790 1245 eredidit
1803 1190 2029 1260 supprimendam.
2053 1190 2106 1247 Sed
2132 1206 2215 1246 unum
2239 1203 2278 1244 est

1482 1279 1553 1349 quod
1569 1295 1618 1334 uos
1628 1280 1654 1335 iu
1669 1290 1742 1335 tanto
1753 1281 1883 1338 benetlcio
1894 1282 1984 1347 allicit,
1995 1282 2057 1353 quia
2071 1281 2146 1337 tarde
2162 1282 2214 1337 lane
2225 1292 2249 1337 ta
2262 1301 2276 1335 u

1483 1372 1638 1442 praclarum
1652 1374 1743 1443 gratiae
1765 1375 1811 1430 liei
1827 1390 1924 1430 muuus
1936 1375 2045 1430 ellulsit.
2062 1375 2198 1447 Siquidem
2211 1390 2276 1433 corr·

1483 1461 1541 1531 tigit
1557 1462 1701 1519 ¹abscntes
1713 1464 1770 1519 lieri
1792 1465 1932 1536 quosdam,
1955 1480 2069 1536 qrroraur
2094 1465 2210 1520 cacturi
2230 1467 2279 1520 ista

1483 1561 1537 1609 taur
1550 1556 1698 1623 perspicuae
1711 1556 1831 1610 veritatis
1844 1558 1984 1611 illustratio
1994 1555 2280 1627 deberetunadquos.

1482 1645 1532 1698 etsi
1553 1645 1663 1711 tardius,
1692 1662 1745 1701 nou
1770 1646 1923 1703 dilddimus'
1942 1652 2056 1718 propitio
2076 1648 2134 1701 llco
2156 1647 2265 1703 estudu-

1483 1738 1594 1805 gratiam
1616 1740 1771 1807 pen-entre,
1787 1741 1832 1809 qui
1855 1740 1911 1794 ursit
1932 1755 2026 1795 ornnes
2047 1740 2171 1795 bornines
2191 1739 2282 1795 salros

1484 1831 1552 1894 lieri,
1566 1831 1638 1886 etad
1651 1832 1814 1901 agnitionem
1827 1832 1948 1888 veritatis
1962 1832 2054 1887 uenire
2064 1832 2086 1902 (l
2102 1829 2171 1887 Tim.
2189 1846 2226 1898 n,
2240 1832 2280 1900 lt.

1483 1924 1537 1979 an
1555 1940 1631 1991 reru,
1646 1924 1697 1979 etsi
1711 1924 1775 1979 olim
1789 1926 1882 1995 spiritu
1895 1925 2036 1982 eharitatis
2047 1928 2068 1991 ¹,
2084 1926 2130 1997 qui
2144 1926 2171 1980 in
2187 1937 2213 1982 te
2227 1935 2279 1992 est,

1483 2021 1575 2087 docti,
1602 2020 1795 2090 subjectionem
1810 2021 1893 2091 ⁸tejus
1915 2021 2092 2091 abiecerimus
2116 2022 2228 2084 erroris,
2253 2021 2280 2076 in

1485 2113 1535 2169 boc
1554 2115 1633 2169 etiam
1653 2129 1723 2169 urrue
1743 2114 1842 2184 gratias
1858 2114 1972 2185 agiruus,
1988 2113 2059 2183 quod
2075 2114 2132 2168 buc
2142 2129 2204 2184 quur
2217 2124 2281 2169 aute

1484 2204 1656 2269 credidimus,
1669 2220 1739 2259 nunc
1751 2205 1811 2261 aliis
1825 2209 1930 2276 aperire
1942 2205 2096 2271 didicimus,
2112 2205 2181 2260 riam
2198 2205 2268 2260 iacili

1485 2296 1708 2352 tatis⁸uberiore
1732 2296 1888 2352 Sanctitatis
1914 2306 1967 2351 tuae
1992 2310 2117 2351 sermone
2136 2295 2281 2365 pandente.

1486 2389 1519 2444 Ει
1532 2391 1583 2445 olio
1597 2400 1693 2444 unsre:
1708 2388 1870 2447 tnentnrnen
1884 2389 2078 2445 beatitudinem
2088 2398 2171 2454 tuam,
2184 2388 2283 2442 nostri·

1484 2497 1537 2552 que
1550 2497 1707 2547 memorem,
1730 2481 1912 2537 misericordia
1936 2481 1981 2537 liei
2004 2480 2088 2535 nostri
2107 2478 2240 2551 glorificet
2253 2480 2282 2534 iu

1485 2584 1614 2629 aetrrrnnm
1627 2593 1637 2626 ι
1651 2573 1747 2643 (Epist.
1766 2574 1827 2640 lb'S,
1842 2574 1908 2627 inter
1919 2572 2141 2644 Augustinianos).

1520 2664 1634 2722 catur
1653 2664 1835 2721 luxu-te.
1856 2664 1884 2721 st
1902 2679 1967 2735 ergo
1982 2674 2010 2720 et
2024 2664 2075 2719 iste
2089 2663 2281 2727 mulceretur,

1487 2756 1522 2811 ita
1537 2756 1563 2812 iu
1584 2758 1634 2811 boe
1652 2771 1743 2812 errore
1763 2771 1793 2812 se
1813 2756 1894 2811 luisse
1912 2755 2073 2826 aliqnando,
2091 2764 2123 2810 ut
2141 2753 2281 2811 bominem

1487 2857 1719 2918 praeoccupatum,
1741 2846 1790 2902 scd
1815 2861 1886 2902 nune
1906 2846 2133 2902 anarnernanaare
2155 2846 2201 2918 qui
2222 2844 2283 2902 bec

1488 2949 1601 3005 teueut;
1635 2940 1756 3011 quisquis
1785 2939 1811 2995 ei
1844 2956 1897 2996 non
1932 2940 2130 3011 gratularetur,
2170 2947 2282 2997 tenente

1483 3031 1539 3102 jam
1573 3032 1618 3087 illo
1649 3032 1717 3086 riam
1747 3032 1884 3099 veritatis,
1921 3034 1978 3102 ipse
2010 3032 2145 3089 amitteret
2177 3033 2281 3089 viscera

1486 3122 1634 3178 charitatis.
1647 3122 1724 3179 lintre
1746 3138 1810 3180 nero
1839 3139 1930 3195 parurn
1949 3133 1991 3180 est
2011 3124 2082 3195 quod
2103 3140 2134 3181 se
2150 3140 2203 3181 non
2218 3138 2283 3181 cou-

1486 3212 1573 3271 fessus
1595 3223 1637 3270 est
1653 3214 1687 3270 ab
1710 3231 1741 3270 ea
1761 3224 1836 3286 peste
1857 3215 2017 3283 liberatum,
2037 3215 2085 3272 sed
2103 3217 2283 3273 anathemati·

1486 3307 1556 3362 ravit
1580 3307 1688 3378 insuper
1715 3307 1861 3375 liberatos,
1886 3307 1931 3378 qui
1956 3322 2018 3362 eutn
2038 3307 2077 3362 sic
2097 3307 2229 3377 diligunt,
2252 3321 2283 3363 ut

1487 3400 1566 3456 etiarn
1580 3400 1666 3470 ipsuru
1681 3400 1791 3470 cupiant
1807 3399 1913 3455 liberari
1929 3400 1975 3455 :in
1988 3399 2084 3471 quibus
2096 3411 2124 3455 et
2141 3400 2186 3456 isti
2198 3410 2282 3467 sunt,

1487 3493 1532 3562 qui
1551 3492 1761 3558 benevolentiam
1776 3507 1852 3547 suain
1872 3506 1936 3562 erga
1951 3492 2025 3548 illum
2040 3492 2280 3564 siguidcareruut,

1488 3584 1529 3640 bis
1543 3584 1576 3639 ad
1592 3600 1634 3639 rue
1648 3584 1717 3638 datis
1731 3584 1827 3638 litteris
1839 3584 1911 3647 suis;
1927 3598 1988 3639 narn
2003 3594 2030 3640 et
2046 3584 2132 3655 ipsum
2148 3586 2283 3657 praecipue

1487 3676 1656 3747 cogitabant,
1675 3692 1735 3731 cum
1752 3675 1889 3744 dicerent,
1906 3675 1957 3733 boc
1974 3691 2003 3733 se
2015 3677 2104 3746 allici,
2119 3679 2190 3750 quod
2206 3680 2282 3737 tarde

1489 3769 1563 3825 illum
1573 3768 1669 3825 librum
1684 3769 1857 3840 scripserim?
1873 3787 1884 3822 ι
1907 3768 2046 3841 Siquidem
2059 3770 2181 3842 contigit,
2205 3789 2216 3826 a
2238 3771 2282 3828 iu·

1488 3860 1592 3932 quiunt,
1616 3880 1626 3915 r
1648 3861 1773 3917 absentes
1794 3859 1851 3916 deri
1873 3862 2020 3933 quosdam,
2035 3866 2150 3934 quorum
2168 3864 2283 3920 caecitati

1489 3952 1538 4006 ista
1552 3960 1605 4005 tam
1619 3952 1765 4022 perspicuae
1777 3954 1898 4011 veritatis
1917 3953 2059 4009 illustratio
2073 3952 2233 4020 deberetur;
2247 3953 2282 4010 ad

1488 4058 1555 4113 quos
1569 4044 1619 4099 etsi
1635 4044 1754 4114 tardius,
1773 4046 1940 4118 inquiunt,
1962 4064 1973 4100 ι
1991 4062 2045 4102 nun
2060 4045 2207 4104 dillldimus
2220 4061 2284 4120 pro·

1489 4135 1555 4206 pitin
1563 4137 1619 4191 Deo
1628 4138 1750 4193 camdem
1757 4139 1870 4210 gratiam
1879 4138 2030 4210 pervenire.
2045 4137 2172 4194 »Nomen
2183 4138 2283 4208 quippe

1489 4226 1531 4281 rel
1544 4227 1651 4283 nomina
1670 4228 1719 4298 ipsi
1741 4245 1847 4300 quoque
1866 4228 1954 4285 adlrue
1972 4227 2083 4286 tacenda
2101 4237 2279 4299 putaverunt,

1490 4328 1517 4373 ut
1525 4319 1630 4376 virente
1639 4319 1765 4385 amicitia,
1774 4335 1851 4376 error
1865 4321 1954 4391 potius
1963 4328 2114 4376 moreretur
2122 4319 2280 4376 amicorum.

1525 4409 1569 4467 50.
1591 4412 1627 4466 tit
1641 4426 1711 4466 nnnc
1730 4410 1753 4466 si
1767 4410 1890 4482 Pelagius
1904 4408 1987 4466 beorn
1999 4411 2116 4482 cogitat,
2130 4410 2152 4467 si
2173 4425 2227 4466 nou
2242 4418 2285 4466 est

1490 4501 1608 4575 ingratus
1620 4502 1680 4572 ejus
1695 4503 1894 4567 misericordiae,
1909 4504 1954 4575 qui
1967 4518 2028 4559 eum
2041 4501 2074 4558 ad
2092 4503 2282 4573 episcoporum

1487 4593 1618 4663 judicium
1632 4603 1773 4664 propterca
1787 4592 1920 4664 perduxit,
1936 4602 1965 4649 ut
1979 4593 2037 4648 base
2051 4591 2222 4648 auatbemats
2237 4590 2284 4649 de·

1490 4683 1598 4742 tendere
1617 4696 1709 4756 postea
1730 4701 1783 4742 nou
1805 4686 1932 4751 auderet,
1952 4686 2061 4756 jamque
2083 4682 2240 4740 detestanda
2257 4691 2284 4739 ct

1489 4775 1637 4846 abjicienda
1651 4785 1842 4847 cognosceret,
1858 4780 1959 4848 gradus
1980 4775 2094 4847 accipiet
2114 4774 2219 4830 litteras
2234 4789 2283 4829 uo·

1490 4876 1570 4933 stras,
1580 4866 1821 4937 quartdoespresso
1833 4867 1941 4923 nornine
1952 4867 2027 4922 ulcus
2036 4865 2185 4920 sanandum
2196 4865 2285 4937 potius

1489 4957 2284 5030 aperimus,quamillas(o),ubicumdoloreurtaceretime·

1491 5064 1598 5116 remus,
1612 5060 1762 5117 tumorem,
1776 5052 1847 5122 qnod
1862 5066 1911 5107 nos
1924 5051 2053 5122 pressiset,
2066 5050 2241 5121 augebamus.
2255 5048 2285 5105 Si

1490 5153 1579 5200 autern
1593 5142 1657 5198 milti
1670 5144 1748 5200 luerit
1759 5144 1852 5210 iratus,
1863 5159 1941 5215 quatu
1955 5144 2044 5215 inique
2059 5145 2287 5199 irascaturattcn-

1491 5235 1546 5300 dat,
1561 5245 1588 5291 et
1600 5242 1628 5290 ut
1639 5236 1727 5292 vincat
1742 5235 1819 5302 iram,
1832 5234 1938 5290 tandem
1951 5233 2094 5305 aliquando
2108 5233 2153 5289 bei
2169 5234 2289 5304 postulet

1490 5327 1620 5398 gratiam,
1635 5342 1715 5396 quarn
1734 5326 1761 5382 in
1782 5326 1832 5381 boc
1843 5324 1943 5395 judicio
1963 5324 2104 5380 corrlessus
2117 5334 2159 5380 est
2173 5322 2288 5396 singuiis

1492 5420 1590 5475 nostris
1608 5418 1711 5475 actibus
1726 5418 1918 5483 neeessariam
1938 5426 1968 5472 ut
1980 5432 2072 5473 reram
2085 5425 2287 5488 consequatur,

1493 5510 1539 5567 itio
1548 5510 1699 5580 adjurante,
1715 5510 1864 5565 victoriam.
1877 5509 1946 5577 Quid
1958 5509 2030 5564 eninr
2042 5508 2067 5564 ei
2080 5515 2195 5580 prosunt
2207 5515 2292 5564 tantm

1491 5604 1552 5674 eius
1563 5604 1654 5658 laudes
1666 5604 1692 5658 in
1705 5602 1825 5674 epistolis
1834 5602 2033 5674 episcoporum,
2041 5615 2108 5672 quas
2119 5615 2168 5672 pro
2178 5614 2292 5658 sumnt-

1493 5695 1700 5762 memorandas,
1720 5697 1762 5752 rel
1786 5699 1867 5752 etiam
1890 5694 2016 5767 legendas
2037 5704 2117 5766 atque
2135 5693 2295 5764 allegandas

1493 5787 1609 5859 putarit;
1623 5788 1698 5860 quasi
1711 5802 1773 5844 euru
1787 5787 1845 5843 hee
1861 5802 1988 5858 perversa
2001 5787 2120 5852 sentire,
2135 5786 2294 5857 omnesqui

1494 5881 1665 5936 relrcnrentes
1690 5889 1717 5934 et
1742 5877 1858 5950 quodam
1882 5878 1963 5933 modo
1988 5876 2114 5934 ardentes
2134 5874 2169 5932 ad
2189 5874 2294 5932 borram

1526 6071 1536 6162 ζ
1552 6074 1630 6125 suar..
1641 6063 1764 6139 contingit.
1878 6121 1930 6175 dm

1509 6123 2005 6246 attentdntfndtudt‘r

1527 6254 1536 6284 ⁸
1556 6260 1613 6302 suar
1624 6287 1631 6308 ‚
1644 6249 1785 6318 debitoris..

1528 6317 1564 6376 (u)
1581 6314 1693 6373 sisnandi,
1704 6317 1806 6372 occepi.
