5592 7350
512 927 544 984 ts
1231 929 1420 986 anassem.
2109 952 2141 1007 ,ὃ

506 1039 565 1100 tlt.
584 1038 681 1119 Origo
697 1037 818 1103 dureris
833 1040 1019 1122 Pelagium.
1037 1041 1129 1102 Eune
1145 1041 1290 1183 Pelagius
1306 1046 1413 1184 ἒᾶιιιιιι
1432 1048 1574 1128 presure
1589 1048 1717 1129 incipit,
1739 1070 1804 1132 que
1822 1051 1907 1118 breui
1917 1058 2007 1138 lenge
2023 1058 2139 1142 iateque

1247 1142 1257 1183 ι
1286 1144 1304 1183 u
1351 1133 1428 1185 tter.

550 1196 723 1277 Pelagiana
738 1198 867 1261 heresis
884 1200 1041 1278 originem
1052 1217 1093 1260 ex
1105 1199 1235 1261 Oriente
1249 1123 1383 1279 pammem
1398 1205 1515 1276 traxit,
1530 1207 1572 1268 ab
1586 1206 1724 1286 Origene
1737 1210 1942 1285 Adamantio,
1961 1221 1996 1276 ut
2011 1217 2121 1279 volum

509 1278 671 1414 praecipue
683 1286 790 1338 autem
804 1295 822 1338 a
836 1279 1004 1340 Theodoro
1018 1280 1219 1356 Mopsuestia
1230 1281 1380 1358 episcopo
1393 1285 1607 1360 proserninata
1621 1286 1734 1378 (latre,
1744 1291 1882 1368 dpperd.
1898 1295 2039 1371 pertrui.
2051 1264 2140 1360 llam}

522 1354 644 1417 ludnus
667 1357 796 1433 qnidam
818 1358 947 1418 natione
962 1357 1060 1437 Syrus
1085 1358 1254 1419 Anastasio
1276 1361 1419 1421 llonrano
1437 1363 1600 1439 pontifice,
1621 1358 1658 1425 rd'
1669 1373 1732 1436 est,
1750 1368 1875 1430 circiter
1887 1387 2007 1433 annum
2019 1363 2138 1439 'Christi

508 1432 873 1523 quadringentesimum,
888 1436 1022 1496 Romam
1037 1436 1159 1513 primus
1176 1437 1298 1498 invexit
1312 1458 1319 1495 :
1335 1442 1376 1509 et,
1390 1440 1417 1500 l]
1421 1449 1431 1499 t
1447 1450 1511 1501 eret
1524 1451 1666 1519 argutus,
1683 1444 1728 1504 ait
1740 1446 1908 1520 Mercator,
1924 1469 1954 1509 se
1967 1453 2085 1528 quidem
2099 1454 2137 1516 ab

508 1529 573 1650 yur
588 1512 709 1574 invidia
727 1514 885 1582 muniens,
902 1532 958 1592 per
972 1533 1001 1574 se
1015 1517 1158 1593 proferre
1174 1534 1238 1576 non
1257 1535 1368 1585 ausus,
1393 1517 1554 1596 Pelagium
1568 1532 1655 1597 gente
1670 1523 1855 1584 Britannum
1872 1530 2049 1589 recondebam
2066 1542 2138 1593 terne

530 1592 646 1669 caepit,
670 1610 795 1671 eumque
809 1592 851 1653 nd
862 1593 1041 1672 predictum
1061 1595 1199 1672 apprime
1218 1593 1328 1655 imbuit
1346 1603 1378 1654 ot
1401 1616 1437 1655 ue
1455 1598 1729 1678 instituit-impium
1745 1605 1913 1664 uanitatem
1929 1605 2037 1687 (idid.)
2068 1610 2138 1673 llue,

511 1667 603 1742 lacit,
619 1670 705 1748 quod
721 1671 752 1730 in
768 1669 1011 1751 Carthaginensi
1027 1673 1163 1733 concilio
1177 1673 1356 1734 affirmabat
1375 1615 1560 1742 Eulesdus,
1582 1685 1726 1738 sarnetum
1746 1680 1895 1742 ltudnum
1916 1687 2137 1764 presbyterum

508 1747 616 1812 llomm
636 1753 691 1825 qui
714 1750 831 1810 mansit
844 1768 916 1810 cum
935 1756 1047 1811 sancto
1060 1751 1277 1825 Pammachio,
1294 1758 1459 1828 peccatum
1474 1754 1630 1832 originale
1645 1765 1799 1832 praesente
1821 1778 1854 1820 se
1871 1767 1967 1838 atque
1989 1766 2138 1827 audiente

509 1827 676 1905 negavisse
693 1827 812 1909 (Infra,
834 1828 870 1888 dc
889 1829 1020 1889 Percote
1036 1828 1207 1906 originali.
1228 1847 1261 1890 n.
1283 1830 1326 1908 3).
1343 1830 1422 1890 Sunt
1437 1832 1492 1909 qui
1508 1832 1611 1892 ltudni
1635 1834 1729 1914 hujus
1746 1839 1874 1899 nornine
1899 1842 2137 1917 Aquileiensem

508 1904 598 1966 illum
612 1911 679 1966 toto
693 1907 870 1967 christiano
883 1909 960 1968 orbe
975 1908 1133 1969 celebrem
1155 1908 1353 1987 intelligant:
1366 1915 1505 1970 attamen
1522 1912 1628 1973 llomoe
1642 1931 1807 1990 nunquam
1828 1918 1858 1975 in
1874 1921 2021 1980 enrrrietu
2039 1923 2136 1982 Parn-

509 1984 624 2045 maelrii
647 1984 745 2046 luisse
761 1984 911 2046 Rufinum
927 1987 950 2046 A
978 1985 1186 2058 uileicnsem,
1203 2004 1307 2063 neque
1321 2004 1393 2046 eum
1410 1991 1551 2066 tempore
1566 1992 1726 2051 Anastasii
1742 2010 1832 2070 papas
1850 1996 1880 2054 in
1897 1996 1977 2058 Urbe
1990 2016 2136 2061 eommo-

502 2067 613 2124 -ratum
639 2081 727 2135 esse,
754 2004 1050 2125 asseverareiicet.
1079 2062 1162 2124 ilinc
1191 2065 1244 2124 atii
1270 2065 1482 2136 contendunt,
1511 2067 1626 2128 debere
1652 2069 1785 2149 intelligi
1803 2073 1951 2134 Rufinum
1974 2078 2071 2137 alium
2095 2096 2136 2139 ex

510 2139 705 2222 Hieronymo
718 2143 880 2221 cognitum
897 2143 1044 2224 (llicrort.
1062 2143 1171 2221 Epist.
1189 2143 1259 2220 66),
1275 2144 1329 2220 qui
1344 2160 1430 2203 anno
1444 2144 1570 2206 circiter
1585 2150 1807 2209 trecentesimo
1823 2154 2030 2230 nonagesimo
2047 2173 2134 2217 nono

508 2218 541 2280 in
554 2219 758 2282 Occidentem
775 2222 876 2293 venit,
900 2222 1016 2282 missus
1032 2224 1073 2281 ab
1087 2239 1124 2281 eo
1138 2222 1354 2282 Mediolanum
1369 2221 1408 2282 ad
1422 2223 1607 2283 Venerium.
1627 2225 1836 2288 Nihilominus
1854 2236 1957 2290 tamen
1972 2233 2134 2314 Hierony-

507 2315 579 2360 mus
593 2298 631 2361 iis
647 2317 728 2378 quos
744 2301 864 2377 primos
880 2301 1011 2362 haeresis
1033 2300 1210 2378 Pelagianee
1223 2307 1369 2360 auctores
1387 2301 1548 2373 nominat,
1564 2303 1641 2363 satis
1656 2311 1764 2381 aperte
1780 2307 1929 2366 llndnum
1944 2311 2134 2386 Aquileien-

506 2395 574 2440 sem
588 2386 797 2450 annumerat;
822 2398 881 2440 nec
901 2381 1050 2457 ambigue
1069 2379 1156 2439 illam
1180 2378 1325 2439 lroeresim
1349 2379 1381 2438 iu
1398 2379 1475 2439 disci
1501 2381 1556 2440 nlo
1570 2381 1717 2457 Origenis
1734 2383 1895 2455 Grunnie,
1918 2404 1983 2463 que
2006 2391 2134 2452 noritine

505 2456 701 2535 quandoque
725 2458 757 2516 in
780 2458 925 2519 eumdem
946 2457 1094 2517 llufinum
1118 2456 1196 2516 ludit
1221 2456 1341 2535 (Infra,
1357 2400 1498 2544 Appentii
1512 2467 1603 2535 parte
1616 2458 1660 2536 P),
1671 2460 1737 2538 jam
1756 2461 1929 2539 'ugulatarn
1946 2464 2042 2527 luisse
2059 2486 2136 2543 pre-

506 2535 645 2596 nuntiat.
660 2537 808 2614 Plerique
822 2537 917 2597 etiam
932 2543 1045 2614 putant
1060 2535 1222 2625 Pelagium
1239 2553 1329 2605 esse,
1345 2552 1437 2610 cujus
1450 2552 1697 2611 praecursorem,
1714 2556 1747 2596 sa
1765 2545 1824 2597 tem
1840 2540 1871 2598 in
1886 2545 2052 2617 carpendis
2068 2547 2133 2607 suis

505 2613 607 2691 ipsius
620 2616 760 2692 seriptis,
784 2615 965 2675 Grunnium
993 2614 1091 2673 luisse
1113 2614 1203 2679 dreit;
1228 2616 1259 2669 et
1281 2608 1430 2688 in'quem
1450 2612 1514 2671 alio
1528 2630 1657 2689 quoque
1678 2615 1746 2674 loeo
1763 2623 1914 2693 tanquam
1929 2620 1960 2679 in
1977 2621 2132 2684 haeredem

506 2691 666 2754 liuliniani
682 2693 852 2754 adversum
867 2698 967 2752 semet
980 2691 1041 2749 odii
1055 2689 1192 2767 insurgit
1207 2687 1329 2764 (reida.
1339 2690 1460 2748 Verum
1473 2690 1511 2749 ad
1523 2706 1560 2750 ea
1573 2708 1636 2749 non
1652 2699 1701 2751 est
1714 2693 1849 2754 difficilis
1859 2701 2042 2773 responsio:
2057 2703 2133 2778 qaia

505 2787 683 2832 aesomnes
697 2772 751 2849 qui
765 2770 894 2846 Origeni
911 2786 974 2830 nen
990 2768 1144 2844 cumipse
1159 2768 1264 2843 palam
1278 2767 1539 2837 adversarentur,
1554 2769 1714 2846 Pelagiani
1730 2774 1849 2833 erroris
1866 2776 2034 2851 rrragistros
2048 2797 2133 2840 cem·

526 2849 626 2912 ellare
657 2868 721 2909 non
754 2850 920 2908 dubitabat
946 2848 1173 2923 Hieronymus.
1205 2846 1304 2904 Porro
1331 2845 1472 2923 ejusdem
1500 2846 1602 2905 ltudni
1635 2849 1848 2924 Aquileiensis
1878 2853 2131 2918 Ecclesiastieam

464 2967 470 2976 ·
506 2867 676 2988 Eistoriam
698 2933 768 3003 post
786 2932 891 2985 ortum
908 2925 1085 3003 Pelagianae
1100 2924 1228 2984 heresis
1245 2923 1444 3001 Augustinus
1463 2925 1590 2997 citavit,
1610 2944 1714 3002 neque
1729 2927 1817 2988 illam
1832 2929 1897 2991 ulla
1913 2949 2055 3010 unquam
2071 2952 2131 3012 ap-

504 3005 703 3082 probationis
719 3004 1001 3082 improbetionrsve
1017 3009 1089 3063 nota
1106 3002 1221 3063 tellecit.

543 3083 662 3143 Verum
678 3102 717 3144 ne
733 3099 750 3144 a
768 3083 929 3160 preposite
946 3083 1070 3160 longius
1086 3082 1283 3140 divertamur
1296 3100 1303 3139 ι
1312 3079 1378 3158 jam
1394 3099 1433 3160 ex
1455 3082 1531 3159 ipsis
1546 3083 1663 3160 Pelagii
1686 3085 1910 3161 scriptionibus
1927 3090 2129 3151 observatum

502 3162 596 3224 nobis
611 3167 674 3231 est,
694 3161 784 3221 illurn
798 3163 863 3239 jam
883 3161 955 3221 indo
973 3163 1014 3221 ab
1029 3177 1114 3220 annno
1131 3159 1446 3237 quadringentesimo
1463 3167 1574 3238 quinto
1600 3180 1715 3238 pravos
1730 3165 1866 3241 gessisse
1880 3166 1987 3227 animo
2003 3186 2128 3241 sensus,

501 3239 638 3319 eiusque
662 3242 795 3301 omnino
820 3246 958 3300 mentem
979 3241 1044 3317 iam
1071 3244 1139 3298 tum
1163 3245 1346 3314 corruptam
1374 3238 1488 3307 luisse,
1510 3259 1581 3300 eum
1609 3241 1640 3299 in
1665 3241 1746 3301 Urbe
1771 3245 1965 3304 rnorabatur.
1982 3246 2130 3308 Testatur

502 3336 635 3396 quoque
650 3319 860 3398 Augustinus,
876 3318 1021 3379 eumdem
1038 3317 1080 3377 ibi
1096 3317 1297 3376 sermonibus
1316 3321 1347 3376 et
1363 3318 1620 3377 contentionibus
1633 3318 1785 3379 adversas
1799 3322 1946 3398 geretiarn,
1964 3327 1994 3381 in
2010 3325 2127 3400 quibus

505 3399 626 3460 sersari
642 3399 782 3469 solebat,
799 3398 1001 3457 notissimum
1016 3395 1158 3456 evasisse
1178 3394 1304 3472 (Infra,
1326 3395 1363 3453 dc
1377 3395 1506 3455 Peeeeto
1523 3395 1683 3473 Ort'yinuli
1692 3445 1699 3464 ‚
1716 3417 1747 3455 a.
1762 3398 1833 3475 alp
1850 3399 1941 3460 itaut
1958 3402 2127 3475 ttornanos,

501 3475 684 3555 intorques
701 3477 833 3539 tamdiu
858 3477 997 3545 vixerat,
1023 3474 1108 3534 illius
1132 3491 1246 3533 sensus
1261 3476 1292 3532 et
1306 3473 1464 3550 dogmata.
1481 3491 1667 3551 quanquam
1683 3493 1719 3536 ea
1736 3477 1841 3536 timide
1860 3494 1897 3539 ac
1915 3489 2036 3539 secreto
2058 3491 2129 3544 tra-

502 3555 602 3628 deret,
629 3574 692 3617 non
714 3556 848 3618 laterent
865 3554 972 3633 (lttd,
989 3570 1021 3612 ιι.
1037 3553 1068 3630 9)
1082 3572 1089 3610 :
1103 3553 1157 3629 qui
1178 3556 1329 3628 practerea
1349 3551 1542 3620 Calestiurn,
1558 3553 1649 3631 eejtrs
1670 3565 1737 3614 erat
1757 3556 1953 3631 exploratior
1969 3558 2127 3635 impietas,

502 3633 571 3711 ejus
584 3653 654 3697 esse
673 3634 864 3713 discipulum
882 3634 927 3694 sic
943 3637 1115 3701 noverant,
1139 3637 1174 3690 ut
1194 3629 1412 3689 tidelissimurn
1434 3647 1471 3691 ae
1492 3630 1706 3691 firmissimum
1726 3639 1854 3708 possent
1868 3635 1905 3693 de
1923 3636 1980 3696 hae
1996 3655 2029 3697 re
2044 3640 2129 3698 testi-

505 3715 649 3775 monium
666 3715 844 3792 perhibere.
861 3714 920 3773 Per
934 3712 962 3771 id
980 3728 1054 3771 vero
1069 3709 1219 3786 temporis
1238 3708 1304 3768 htec
1322 3710 1404 3767 inter
1416 3709 1495 3769 alias
1509 3726 1543 3767 se
1556 3708 1640 3768 dedit
1654 3711 1798 3774 occasio,
1815 3719 1849 3770 ut
1869 3713 2013 3771 traseae-51„
2037 3734 2128 3778 suam

503 3792 611 3855 ttemn
634 3794 795 3871 detegeret
821 3793 852 3852 in
873 3791 1033 3867 colloquio
1060 3788 1214 3866 quodam,
1237 3787 1291 3845 ubi
1314 3804 1386 3845 enm
1405 3787 1572 3863 episcopus
1596 3786 1650 3863 qui
1677 3794 1741 3845 tum
1764 3789 1889 3856 aderat,
1912 3793 2072 3852 retulisset
2087 3814 2128 3857 ex

502 3872 674 3947 Augustini
689 3871 952 3932 Confessionibus
968 3869 1065 3929 verba
1083 3868 1152 3935 illa,
1167 3867 1215 3924 lla
1231 3864 1314 3942 qued
1326 3862 1433 3943 jubes,
1450 3874 1477 3924 et
1490 3863 1566 3942 jude
1577 3865 1659 3944 qued
1677 3866 1723 3925 eis
1738 3867 1991 3945 (Censeseieuron,
2005 3870 2059 3930 tid.
2078 3873 2126 3944 lo,

503 3968 592 4029 rrgrp.
610 3952 658 4020 to,
674 3951 723 4021 31,
735 3949 786 4027 37)
798 3969 805 4008 :
818 3949 964 4026 Pelagius
982 3950 1083 4027 serre.
1110 3945 1214 4022 inquit
1235 3943 1446 4021 Augustinus,
1467 3959 1531 4001 non
1553 3943 1666 4020 putuit,
1692 3953 1719 4002 et
1735 3945 1949 4005 contradicens
1966 3949 2126 4026 aliquanto

503 4030 695 4095 emrnnoa'ne,
715 4046 790 4106 pene
815 4047 883 4087 eum
902 4046 936 4086 eu
955 4027 1010 4105 qui
1031 4025 1085 4086 illu
1110 4029 1395 4083 eerneremoraecrut
1420 4020 1556 4098 litigavit
1582 4021 1694 4100 (Infra,
1719 4022 1754 4081 dr
1771 4023 1859 4083 Perre
1874 4024 2125 4097 Persecuvrntioe.
2209 4018 2217 4029 ⁸

502 4125 535 4165 ιι.
552 4107 615 4187 53).
637 4107 793 4168 Nimirum
811 4107 877 4167 Deo
890 4104 1016 4166 volente
1031 4103 1125 4163 certis
1139 4100 1329 4178 quibusdam
1344 4099 1472 4160 casibus
1487 4099 1602 4174 seipse
1617 4098 1778 4175 prodebat.
1793 4101 1871 4162 Nam
1887 4103 2008 4181 alioqui
2025 4107 2126 4168 nnirus

502 4192 572 4247 erat
588 4185 810 4248 dissimulandi
832 4184 965 4256 artilex,
989 4189 1020 4243 et
1036 4197 1101 4261 qua
1119 4180 1244 4241 ratione
1266 4194 1392 4238 errores
1414 4194 1490 4238 suos
1507 4177 1670 4239 catholicis
1687 4180 1791 4238 verbis
1808 4179 1994 4250 involveret,
2010 4187 2126 4262 oppido

502 4281 634 4341 gemeus.
649 4264 829 4342 Discipulos
846 4281 934 4336 sues,
953 4263 1007 4340 qui
1025 4259 1167 4338 apertius
1185 4259 1395 4337 loquerentur
1419 4255 1642 4328 submittebat;
1666 4260 1699 4317 ut
1726 4257 1993 4333 quemadmodum
2015 4281 2126 4324 eorem

501 4343 585 4407 dieta
597 4343 825 4423 exciperentur
836 4343 1021 4421 explorans,
1037 4341 1092 4401 illa
1106 4338 1218 4399 deinde
1235 4336 1280 4396 vel
1294 4337 1498 4415 approbaret,
1515 4333 1563 4396 vel
1578 4334 1784 4414 improbaret,
1798 4344 1894 4415 prout
1908 4338 1937 4398 id
1951 4339 2010 4400 sibi
2025 4342 2124 4422 magis

502 4424 682 4485 conducere
696 4422 857 4483 videretur
872 4421 987 4501 (lutra.
1003 4419 1143 4498 Appead.
1154 4424 1247 4496 purte
1259 4415 1303 4494 P).

541 4501 619 4582 Ejus
634 4517 726 4565 error
742 4500 832 4560 brevi
845 4505 988 4577 tempore
1001 4503 1065 4558 tam
1078 4497 1172 4575 longe
1186 4495 1314 4571 lateque
1329 4492 1437 4565 linxit,
1453 4497 1488 4553 ut
1503 4493 1699 4571 Augustinus
1714 4492 1745 4553 in
1757 4493 1896 4571 quedam
1911 4514 1928 4557 e
1941 4496 2051 4572 primis
2062 4498 2124 4560 illis

500 4585 564 4652 scri
589 4583 648 4650 tis,
663 4581 780 4659 quibus
796 4577 899 4640 eidem
920 4575 1041 4638 studuit
1062 4591 1247 4643 occurrere,
1263 4577 1434 4633 sectatores
1456 4571 1542 4632 illius
1566 4573 1673 4648 plures
1696 4571 1762 4649 jam
1778 4591 1849 4633 esse
1866 4581 2006 4645 asserat,
2027 4595 2124 4654 «quarm

503 4683 556 4726 cre
578 4679 632 4723 erc
647 4660 716 4738 ipse
732 4656 905 4736 potuisset3
922 4658 962 4716 ab
978 4655 1082 4733 iisque
1097 4653 1192 4714 etiam
1208 4651 1306 4721 alios,
1325 4650 1377 4710 ubi
1402 4668 1466 4710 non
1487 4650 1735 4729 redarguuntur.
1757 4650 1789 4709 in
1808 4668 1900 4711 suam
1921 4659 2038 4713 sectam
2061 4658 2126 4715 ab·

501 4744 592 4812 ducis
610 4757 648 4801 ac
665 4737 792 4799 deemum
817 4735 963 4796 ltmresim
985 4735 1017 4794 in
1039 4733 1105 4793 dies
1122 4736 1244 4791 tantum
1260 4728 1447 4790 incrementi
1462 4745 1593 4804 capere,
1608 4732 1644 4788 ut
1662 4745 1725 4788 non
1741 4727 1833 4789 lacile
1853 4730 1925 4808 quis
1943 4732 2123 4807 pervideat,

500 4836 634 4901 queres
651 4816 852 4895 postmodum
866 4814 906 4875 sit
921 4818 1073 4891 eruptura
1088 4812 1207 4892 (Epist.
1223 4808 1292 4880 157,
1307 4808 1348 4868 ed
1365 4807 1484 4876 diter..
1500 4824 1532 4866 n.
1549 4807 1612 4885 22).

540 4900 618 4961 Erat
631 4896 736 4957 adhuc
748 4897 856 4954 dome
868 4893 1026 4971 Pelagius,
1041 4909 1113 4951 eum
1130 4890 1219 4949 illum
1232 4888 1430 4966 Augustinus
1444 4886 1597 4947 adversus
1608 4884 1662 4946 bet
1675 4884 1810 4965 gratiam
1822 4887 1997 4965 disputare,
2010 4888 2126 4951 certior

503 4977 604 5041 tacens
620 4980 679 5037 est.
694 4973 727 5033 ld
742 4974 859 5033 extima
877 4971 954 5031 viris
970 4970 1029 5030 fide
1046 4969 1142 5046 longe
1155 4966 1350 5044 dignissimis
1367 4964 1516 5042 cognovit
1532 4984 1540 5021 t
1557 4971 1588 5024 et
1608 4964 1735 5040 quidem
1751 4967 1941 5041 permoleste
1959 4967 2030 5024 tulit
2047 4986 2124 5026 san-

507 5064 571 5120 stus
590 5056 722 5122 Doctum
745 5069 784 5110 ne
807 5047 883 5126 quid
902 5055 1006 5108 tamen
1023 5046 1150 5123 Pelagio
1172 5044 1362 5120 imposuisse
1381 5042 1551 5109 diceretur,
1571 5043 1710 5100 seribere
1730 5043 1761 5099 in
1780 5043 1870 5101 illum
1892 5043 1979 5118 prius
2004 5045 2122 5113 noluit,

501 5152 600 5214 quam
615 5130 665 5194 vel
686 5129 790 5207 ipsum
810 5142 917 5186 corani
938 5131 1021 5185 esset
1046 5124 1221 5188 allocutae,
1246 5121 1293 5179 vel
1313 5119 1426 5179 saltem
1446 5116 1601 5209 ejusmodi
1627 5118 1746 5178 erroris
1769 5119 1801 5178 in
1824 5119 1975 5196 quopiam
1998 5139 2015 5180 e
2037 5124 2124 5180 seri-

509 5215 564 5277 ,dis
579 5212 649 5292 ejus
665 5205 846 5270 testimonia
861 5201 1131 5282 deprehendisset.
1146 5199 1239 5258 Vertit
1259 5197 1312 5256 dle
1332 5198 1438 5272 reipsa
1460 5212 1492 5255 ιιι
1513 5195 1669 5266 Africam,
1685 5203 1782 5271 atque
1797 5198 1834 5256 ad
1853 5215 1942 5255 oram
1959 5198 2123 5273 ipsammet

504 5278 542 5354 lli
568 5305 741 5372 poneusem
757 5283 881 5361 appulit
898 5303 905 5341 ι
923 5286 954 5343 at
970 5281 1103 5355 contigit
1116 5279 1177 5338 hoe
1192 5275 1343 5352 temporis
1359 5275 1448 5335 illinc
1465 5276 1577 5334 abesse
1593 5275 1808 5351 Augustinum
1823 5274 1947 5352 (lasea,
1967 5275 2003 5334 cle
2021 5274 2123 5335 (iestis

501 5312 637 5450 Psiagii,
653 5386 686 5427 ιι.
701 5363 764 5444 to).
780 5362 941 5423 Adventus
957 5361 1016 5420 iste
1033 5346 1149 5436 Pelagii
1170 5357 1202 5416 in
1220 5353 1357 5414 Africam
1381 5353 1506 5414 circiter
1525 5369 1645 5412 annum
1666 5351 2016 5430 quadringentesimum
2032 5352 2124 5413 deci-

502 5468 590 5512 mum
619 5463 684 5525 quo
701 5447 799 5505 Roma
814 5447 907 5518 capta
921 5444 979 5509 est,
996 5437 1171 5499 collocatur
1183 5455 1190 5493 ε
1203 5451 1268 5510 quo
1281 5449 1395 5492 revera
1412 5436 1552 5508 ternpore
1566 5429 1742 5520 longiorem
1757 5431 1852 5506 paulo
1866 5428 1962 5490 luisse
1978 5448 2068 5490 snam
2083 5433 2124 5493 ab

501 5494 702 5609 llipponensi
720 5523 798 5583 urbe
813 5518 1008 5588 absentiam,
1023 5532 1157 5592 eamque
1173 5513 1338 5572 hominum
1353 5511 1384 5569 in
1401 5527 1435 5570 se
1450 5511 1668 5586 querimonias
1683 5509 1859 5577 excitasse,
1877 5526 1940 5567 non
1955 5513 2036 5569 tacet
2051 5514 2124 5570 Au-

526 5608 651 5671 ustinus
668 5603 794 5683 (Epist.
809 5597 878 5671 lat,
894 5616 926 5657 rt.
941 5595 992 5673 2).
1006 5595 1116 5671 Neque
1133 5598 1181 5652 est
1194 5608 1268 5650 vero
1284 5588 1448 5658 dissimile,
1464 5587 1625 5666 Pelagium
1640 5602 1704 5645 una
1719 5604 1790 5647 cum
1804 5585 1961 5657 Coelestio,
1977 5587 2068 5666 cujus
2084 5608 2122 5650 ex
2201 5582 2212 5601 ⁶

502 5628 587 5750 Ecba
598 5699 763 5763 egressum
776 5679 935 5739 Mercator
948 5673 980 5734 in
993 5690 1113 5732 annum
1124 5670 1249 5730 circiter
1259 5665 1607 5745 quadringentesinmrn
1623 5682 1742 5723 norrnm
1757 5665 1862 5735 relect,
1874 5666 1972 5724 llema
1987 5668 2122 5727 exiisse:

503 5779 641 5842 comque
659 5757 768 5821 eodem
784 5775 844 5819 suo
858 5752 1013 5830 discipulo
1026 5750 1058 5809 in
1072 5749 1228 5816 Siciliam,
1247 5763 1318 5823 quas
1333 5763 1445 5804 eorum
1464 5743 1591 5804 heresis
1608 5743 1750 5820 germina
1769 5743 1913 5820 quautam
1927 5745 1987 5803 seb
2002 5762 2122 5804 annum

502 5836 850 5923 quadringentesimum
864 5828 1159 5895 decimumtertium
1173 5826 1278 5903 palam
1291 5824 1396 5884 emisit
1410 5822 1418 5901 (
1433 5823 1458 5881 E
1457 5823 1549 5901 pistt.
1565 5821 1633 5892 156,
1651 5821 1706 5881 157
1717 5826 1738 5899 ),
1751 5839 1784 5880 se
1796 5821 1932 5898 primum
1945 5823 2103 5958 recepisse
2115 5844 2121 5856 ·

504 5929 572 5984 tum
586 5918 658 5982 inde
676 5921 784 5996 postea
802 5914 833 5973 in
851 5912 989 5973 Alricam
1010 5906 1105 5968 simul
1121 5903 1344 5964 transfretasse
1361 5901 1478 5981 (Infra,
1493 5900 1632 5977 Appead.
1646 5908 1735 5978 perte
1749 5898 1792 5976 P).
1807 5898 1962 5959 Caeterum
1977 5902 2016 5960 Pe
2031 5918 2121 5992 agetis

503 5998 649 6064 hemetre
673 6013 765 6057 suam
788 5988 1048 6069 llippoue-regio
1072 5999 1276 6060 nequaquam
1300 5978 1538 6056 aperuittquia
1553 5984 1584 6039 et
1604 5979 1696 6039 eitius
1714 5995 1811 6055 quam
1837 5980 2021 6055 putabatur,
2051 5979 2122 6037 rude

528 6077 664 6141 edoctus
679 6079 737 6135 est.
756 6074 784 6133 ls
802 6068 1025 6146 Carthaginem
1044 6068 1155 6143 postea
1170 6078 1204 6120 se
1219 6058 1370 6130 eontnlit,
1387 6073 1453 6136 qua
1473 6057 1504 6116 in
1521 6058 1600 6116 urbe
1618 6075 1691 6116 enm
1706 6056 1802 6115 semel
1827 6061 1883 6116 aut
1905 6056 2020 6116 iterum
2037 6073 2122 6116 enno

502 6098 620 6221 genteri
636 6148 949 6233 quadringentesimo
965 6145 1134 6204 undecimo
1149 6139 1224 6199 vidit
1240 6137 1456 6214 Augustinus,
1479 6135 1532 6195 sed
1558 6135 1589 6193 in
1613 6134 1650 6193 iis
1671 6150 1743 6211 quar
1766 6134 1804 6193 ad
1826 6135 2028 6194 collationem
2051 6153 2122 6194 eum

503 6234 677 6299 ltenatistis
694 6228 872 6292 hahendam
887 6224 1073 6289 attinebant,
1091 6230 1156 6280 turn
1173 6216 1436 6294 occupatissimus
1451 6213 1564 6292 (lasere,
1578 6212 1613 6273 de
1627 6212 1728 6273 Gestis
1740 6212 1871 6290 Pelagii,
1884 6229 1914 6271 ιι.
1927 6210 1990 6290 to).
2004 6211 2048 6270 Ad
2064 6213 2122 6271 hoc

496 6314 587 6371 ileu»
596 6322 723 6385 ternpus
737 6309 892 6386 respicere
910 6304 962 6362 illa
977 6298 1133 6361 credimus
1148 6296 1317 6374 Augustini
1330 6295 1426 6355 verba
1438 6313 1445 6352 :
1458 6295 1535 6354 Ante
1544 6310 1687 6373 parerem.
1705 6291 1767 6363 ait,
1785 6301 1899 6369 ternpus
1911 6309 1929 6349 u
1942 6287 2123 6370 quibusdem

475 6386 691 6442 traasa'lm'e
702 6381 965 6460 colloqueretur,
986 6379 1099 6437 cursim
1115 6376 1190 6437 nrr'lei
1204 6392 1293 6435 aures
1303 6375 1479 6453 perstricta
1495 6385 1573 6438 ιιιιιι,
1589 6390 1653 6432 enm
1673 6369 1740 6431 illic
1757 6368 1839 6449 apud
1852 6366 2064 6447 Carthaginem
2079 6387 2121 6429 es·
