5592 7350
621 857 689 917 tur
1120 809 1124 816 ⁸
1339 851 1530 913 crassato.
1749 884 1752 890 -
1871 869 1873 871 ·
1971 885 1973 889 -
2175 856 2191 935 ᾗ
2214 859 2320 925 ιιι,

619 975 690 1034 luce
706 975 801 1050 alque
814 988 892 1033 enar
916 972 957 1042 ia,
974 975 1009 1031 ut
1025 987 1089 1031 non
1103 965 1301 1052 tam'ingenii
1315 972 1399 1033 vires
1415 969 1601 1044 intendisse,
1613 988 1712 1049 qnam
1726 971 1835 1034 diuino
1850 963 1978 1036 afflante
1991 974 2116 1054 Spiritu
2133 977 2264 1041 locutus

619 1052 718 1115 luisse
733 1052 880 1112 videatur
893 990 1032 1130 liliolus,
1050 1049 1152 1120 aad,
1167 1069 1234 1130 cap.
1249 1052 1300 1123 to,
1315 1070 1349 1111 a.
1361 1051 1407 1129 3).

657 1132 736 1192 Tana
750 1130 907 1192 eximium
922 1147 1022 1208 opus,
1037 1147 1150 1192 eorum
1165 1147 1238 1209 ques
1255 1136 1327 1209 post
1347 1130 1605 1194 Retractationes
1629 1130 1768 1209 perlecte
1783 1132 1952 1194 absoluere
1967 1134 2028 1211 ipsi
2050 1134 2161 1206 licuit,
2182 1135 2265 1199 hirta

618 1211 784 1278 uitiatum,
799 1210 920 1271 eximia
947 1211 1153 1287 peroratione
1174 1211 1231 1270 Vir
1255 1216 1385 1271 sanctus
1405 1211 1592 1282 exornavit,
1615 1228 1774 1271 summam
1794 1211 1859 1272 illic
1876 1213 1975 1273 animi
1997 1213 2048 1274 sui
2072 1215 2265 1278 modestiam

615 1289 839 1369 consignatam
850 1290 1038 1366 relinquens
1051 1290 1203 1350 extremis
1220 1289 1307 1350 hisce
1321 1290 1427 1350 verbis
1442 1308 1450 1347 ι
1465 1288 1528 1363 Qui
1543 1288 1650 1366 legunt
1664 1290 1736 1356 ιιι,
1751 1290 1779 1350 ri
1792 1292 1985 1369 intelligunt,
1999 1302 2095 1370 uacat
2111 1294 2176 1356 Deo
2190 1313 2265 1373 gra·

617 1370 700 1429 tias:
715 1384 769 1459 qut
784 1374 885 1428 autem
906 1383 975 1428 aaa
995 1368 1195 1446 intelligunt,
1214 1375 1304 1428 areat
1328 1376 1363 1429 ut
1387 1385 1494 1428 aarum
1519 1367 1625 1429 illesit
1648 1367 1761 1428 doctor
1780 1370 1925 1437 interior,
1950 1390 1969 1429 a
1995 1372 2084 1449 cujus
2109 1373 2190 1451 facie
2218 1384 2263 1436 cst

615 1448 792 1508 scientiori
808 1446 994 1510 intellectus.
1013 1446 1075 1522 Qut
1088 1464 1163 1508 cero
1180 1464 1345 1507 cremerae
1359 1447 1554 1515 existimant,
1568 1448 1662 1508 etiam
1681 1457 1772 1526 atque
1794 1448 1887 1509 etiam
1907 1449 2077 1527 diligenter
2097 1468 2165 1530 qua
2185 1462 2262 1515 sunt

615 1525 702 1587 dicta
724 1526 932 1594 considerent,
953 1545 992 1586 aa
1012 1527 1158 1606 fortassis
1176 1525 1239 1605 ipsi
1256 1534 1372 1586 emeat.
1388 1526 1460 1601 Epo
1472 1534 1574 1586 nutem
1586 1544 1655 1586 cum
1670 1543 1727 1605 per
1740 1544 1809 1591 eor.
1823 1530 1879 1606 qui
1891 1546 1973 1588 meos
1988 1526 2111 1590 labores
2129 1531 2261 1609 legunt.

614 1623 680 1664 ιιοιι
694 1605 795 1666 solum
808 1604 946 1673 doctior,
961 1623 1070 1666 verum
1088 1606 1180 1667 etiam
1199 1603 1392 1667 emendatior
1407 1606 1466 1684 fio,
1490 1605 1668 1683 propitium
1685 1604 1761 1666 milti
1784 1606 1884 1667 Deum
1901 1625 2037 1685 agnosco
2052 1618 2102 1669 :et
2122 1607 2181 1671 hoc
2201 1626 2263 1689 per

616 1684 1250 1843 Ιιιςέιιιξι1ιιιιινιιιιαιὲιιιιιιιριιιι,
1265 1684 1293 1744 a·
1312 1691 1340 1744 et
1358 1684 1395 1744 ia
1412 1683 1555 1763 ipsarum
1570 1702 1679 1744 maun
1694 1685 1779 1748 vertit
1788 1729 1796 1751 ‚
1813 1684 2046 1766 dignanturque
2064 1705 2156 1749 aosss
2174 1688 2262 1769 quod

615 1779 676 1823 sert
700 1783 717 1825 o
746 1784 791 1824 a.

627 1973 630 1980 .
650 1904 688 1985 (a)
701 1901 800 1958 ilerum
810 1900 843 1956 ab
854 1900 992 2026 augustini
999 1902 1074 1984 obitu
1085 1917 1133 1983 per
1145 1912 1264 1972 tempora
1273 1902 1359 1959 eide'm
1370 1872 1603 1972 ricina'gestarum
1616 1902 1642 1956 in
1654 1900 1856 1969 Pelagiauarmn
1868 1893 2003 1974 reliquias,
2015 1902 2118 1961 scilicet
2130 1898 2180 1961 suh
2193 1922 2262 1977 pon·
2280 1893 2288 1978 J

615 1972 728 2027 ιιιιιιιιιι
752 1971 879 2027 llomauts
909 1973 1057 2039 'oelesttno,
1072 1976 1164 2038 suto,
1180 1973 1286 2035 Leone,
1300 1974 1427 2038 Gelasio,
1442 1972 1601 2037 ιιοιιιιιιι,
1619 1971 1707 2027 Felice
1723 1970 1755 2026 tt
1768 1982 1796 2026 et
1817 1974 1952 2027 hortiiacio
1974 1974 1994 2027 ll
2008 1985 2178 2031 monumenta
2195 1980 2262 2034 inst·

613 2058 707 2183 gtrntgg
717 2044 880 2168 ι11ιὲι1ι1ιῖιὲι11ιὲι1ι
888 2043 971 2110 intra,
984 2044 1009 2098 in
1026 2042 1193 2114 Appendiee,
1215 2043 1348 2114 adjunctis
1369 2035 1493 2115 Prospcri
1513 2052 1605 2097 corum
1627 2043 1736 2097 eosdem
1756 2042 1896 2098 hereticos
1911 2043 2089 2115 apologeticis
2110 2061 2159 2116 pro
2184 2048 2265 2105 beato
2337 2134 2343 2146 1

699 2353 990 2425 ttx'aUGUST1N1
1011 2362 1131 2426 LIBRO
1151 2362 1204 2426 be
1226 2362 1457 2429 HAERESIBUS
1478 2363 1532 2427 AD
1553 2364 1894 2441 attonitaatnotita,
1917 2366 2098 2431 HAERESIS
2118 2369 2170 2433 88.
2214 2320 2223 2334 ·
2283 2403 2286 2408 ·

1359 2561 1522 2614 sumto

654 2708 906 2790 Pelagianorum
923 2712 971 2770 est
985 2705 1128 2781 haeresis,
1146 2706 1207 2770 hoc
1223 2701 1364 2786 tempore
1379 2706 1523 2796 omnium
1539 2706 1761 2773 recentissima
1775 2725 1794 2771 a
1807 2708 1936 2790 Pelagio
1953 2712 2113 2776 monacho
2126 2720 2254 2779 exorta.

614 2791 718 2867 Quom
733 2791 923 2881 magistrum
934 2787 1101 2850 Caelestius
1124 2789 1171 2850 sic
1191 2791 1321 2848 secutus
1343 2794 1410 2859 est,
1427 2792 1462 2847 ut
1485 2793 1660 2850 sectatores
1677 2806 1790 2850 eorum
1811 2788 1993 2852 Coelestiani
2008 2794 2106 2855 etiam
2121 2812 2253 2858 nuncu-

615 2874 744 2947 pentur.
762 2868 799 2928 lit
817 2868 868 2928 liei
886 2868 1007 2946 gratiae,
1023 2884 1088 2943 qua
1105 2866 1321 2944 praedestinati
1339 2883 1450 2926 snmus
1465 2869 1497 2925 in
1512 2866 1716 2943 adoptionem
1729 2868 1870 2928 filioram
1891 2871 2070 2946 pertesum
2089 2872 2253 2936 Christum

616 2951 649 3010 in
663 2949 769 3026 ipsum
787 2946 917 3028 (Ephes.
932 2964 955 3016 ι,
970 2944 1019 3025 5),
1035 2952 1145 3021 etqua
1160 2946 1306 3007 eruimur
1319 2944 1357 3006 de
1372 2948 1528 3025 potestate
1542 2947 1760 3018 tenebrarum,
1779 2953 1815 3007 ut
1829 2948 1861 3007 in
1878 2966 1952 3009 eum
1970 2949 2137 3012 credamus
2154 2959 2254 3031 atquo

616 3031 649 3089 in
667 3045 803 3106 regnum
821 3025 923 3104 ipsius
945 3023 1180 3085 transferamur
1205 3023 1241 3102 (C
1246 3025 1338 3085 ιιοιι.
1355 3041 1383 3094 t,
1401 3022 1475 3103 13),
1493 3030 1624 3101 propter
1639 3025 1725 3101 quod
1740 3026 1796 3096 ait,
1815 3027 1913 3088 Nemo
1935 3029 2020 3090 vertit
2043 3028 2084 3089 ad
2105 3049 2165 3099 me,
2188 3034 2256 3094 aiii

616 3107 714 3186 [eterit
732 3104 880 3167 eiulatum
903 3124 921 3164 a
940 3103 1037 3164 Patre
1060 3122 1124 3162 meo
1148 3103 1256 3181 (Jaata.
1276 3101 1452 3183 v1,6tt),et
1473 3119 1538 3180 tgna
1560 3102 1902 3167 diffunditnrcharitas
1916 3106 1950 3166 in
1968 3106 2118 3169 cordibus
2132 3111 2255 3172 nostris

617 3187 722 3264 (Rom.
736 3203 766 3257 v,
781 3183 825 3263 5),
843 3189 877 3244 nt
890 3182 966 3245 fides
984 3182 1255 3260 perdilectionem
1270 3187 1423 3258 operetur
1438 3180 1556 3261 (Galat.
1572 3201 1602 3248 v.
1615 3182 1660 3263 a),
1677 3185 1710 3242 in
1732 3189 1856 3245 lantum
1879 3184 1999 3246 inimici
2020 3194 2115 3257 sunt,
2131 3195 2167 3249 ut
2184 3189 2256 3251 siue

557 3290 559 3293 ⁴
617 3266 677 3327 bac
694 3282 788 3342 posse
805 3262 968 3323 hominem
982 3259 1114 3323 credant
1129 3261 1235 3323 iacere
1250 3261 1359 3321 omnia
1373 3260 1483 3321 divina
1498 3262 1649 3323 mandata
1664 3282 1672 3319 ι
1687 3280 1760 3324 cum
1774 3263 1800 3323 si
1815 3264 1876 3324 hoc
1890 3281 2002 3325 verum
2018 3270 2117 3337 esset,
2132 3266 2256 3331 lrustra

616 3345 771 3406 Dominus
785 3342 906 3403 dixisse
920 3342 1093 3411 videretur,
1109 3342 1183 3402 Siae
1205 3358 1249 3400 me
1270 3338 1352 3400 rtilril
1371 3340 1505 3417 potestis
1517 3341 1617 3419 faeere
1633 3341 1741 3419 (Joaa.
1756 3359 1812 3411 xv,
1828 3339 1876 3433 a).
1898 3342 2045 3421 Denique
2065 3344 2214 3425 Pelagius
2235 3366 2255 3410 a

617 3423 768 3485 iratribus
793 3421 995 3499 increpatus,
1012 3419 1098 3497 quod
1121 3418 1200 3479 nihil
1225 3419 1380 3479 tribueret
1400 3417 1561 3497 adJ‘utorio
1575 3422 1686 3498 gratiss
1703 3421 1760 3481 Dei
1777 3421 1816 3483 ad
1831 3439 1901 3499 ιμιι
1918 3422 2069 3484 scandata
2087 3422 2254 3497 iacienda,

617 3502 812 3579 correptioni
828 3518 941 3561 eorum
958 3500 1113 3559 haetenus
1129 3500 1236 3568 cessit,
1252 3501 1287 3558 ιιι
1303 3515 1367 3557 ιιι
1386 3514 1457 3557 eam
1474 3497 1576 3559 libero
1593 3499 1729 3560 arbitrio
1743 3504 1961 3578 praeponerem
1975 3500 2031 3561 sed
2048 3500 2169 3565 inlideli
2183 3504 2257 3566 cul-

617 3582 738 3641 liditate
756 3584 964 3656 supponeret,
978 3578 1098 3648 dicens,
1116 3577 1154 3638 ad
1172 3577 1232 3642 hoe
1246 3594 1316 3637 eam
1329 3575 1397 3636 dari
1415 3576 1612 3645 hominibus,
1625 3585 1660 3638 ut
1674 3595 1747 3656 quse
1759 3578 1863 3640 lacere
1878 3596 1935 3657 per
1946 3579 2084 3640 liberum
2096 3580 2256 3658 jubentur

617 3659 805 3729 arbitrium,
821 3657 946 3720 lacibus
968 3656 1092 3734 possint
1112 3655 1243 3734 implere
1266 3656 1485 3735 pergratiam.
1502 3656 1642 3718 Dicendo
1657 3658 1781 3734 utique,
1794 3657 1833 3720 Ut
1850 3656 1975 3720 facilius
1990 3659 2133 3736 possint3
2151 3662 2255 3725 voluit

618 3740 722 3810 credi,
737 3738 862 3799 etittmsi
878 3737 1058 3807 difficilius,
1076 3741 1182 3797 tamen
1199 3753 1293 3813 posse
1312 3735 1457 3795 homines
1475 3735 1545 3797 sine
1560 3737 1663 3814 gratia
1679 3736 1789 3804 divina
1803 3737 1907 3799 lacere
1919 3737 2011 3815 jussa
2024 3737 2143 3802 divina.
2160 3740 2254 3803 illam

618 3835 695 3882 vero
709 3816 845 3898 gratiam
861 3816 936 3889 liei,
953 3815 1021 3876 sine
1034 3832 1100 3893 qua
1117 3814 1197 3874 nihil
1212 3813 1285 3874 boni
1301 3828 1475 3891 possumus
1490 3813 1607 3887 lacere,
1622 3833 1687 3876 non
1703 3833 1774 3877 esse
1790 3816 1901 3878 dieunt
1916 3816 1978 3878 nisi
1992 3817 2026 3876 in
2041 3817 2144 3878 libero
2158 3820 2255 3882 arbi-

617 3886 700 3971 trio,
716 3896 801 3975 quod
825 3896 923 3958 nullis
945 3895 1013 3956 suis
1038 3893 1291 3972 precedentibus
1307 3892 1429 3953 meritis
1444 3893 1555 3954 abillo
1570 3895 1694 3973 accepit
1708 3900 1818 3956 nostra
1835 3900 1967 3969 natura,
1984 3894 2024 3956 ad
2045 3896 2107 3957 boe
2128 3904 2253 3959 tanturn

619 3980 690 4117 {lm
704 3975 876 4055 adjurante
892 3992 950 4053 per
962 3989 1054 4036 snam
1070 3972 1174 4052 legem
1187 3977 1284 4050 atque
1300 3971 1492 4044 doctrinam,
1510 3977 1547 4033 ut
1560 3972 1720 4034 discamus
1742 3976 1815 4052 quta
1839 3973 1962 4048 lacere,
1978 3979 2010 4036 et
2054 3992 2103 4036 ιιι
2120 3992 2254 4056 sperare

641 4057 807 4125 ebeamus,
823 4071 888 4114 non
902 4058 1010 4116 autem
1022 4052 1062 4114 ad
1077 4053 1139 4114 boc
1156 4056 1191 4112 ut
1205 4069 1263 4130 per
1279 4050 1398 4111 donum
1414 4049 1550 4128 Spiritus
1566 4052 1630 4123 sni,
1644 4070 1717 4129 quae
1730 4052 1935 4115 didicerimus
1950 4071 2022 4115 esse
2067 4054 2192 4125 cienda,
2207 4055 2256 4117 la·

620 4137 754 4197 ciamus.
771 4135 817 4196 Ac
834 4151 892 4211 per
906 4133 967 4195 hoc
978 4132 1130 4193 divinitus
1146 4131 1239 4191 nobis
1253 4129 1322 4191 dari
1338 4129 1503 4191 scientiam
1517 4130 1721 4202 cantitentur,
1757 4148 1798 4193 na
1815 4131 1997 4211 ignorantia
2011 4132 2158 4210 pellitur;
2177 4133 2255 4196 cha·
2329 4153 2331 4155 ’

620 4215 747 4277 ritatem
764 4220 870 4275 autem
884 4211 952 4272 dari
969 4216 1088 4291 negant
1102 4226 1167 4288 qua
1185 4211 1236 4288 pie
1250 4209 1368 4270 vivitur
1382 4228 1390 4268 ε
1405 4213 1441 4269 ut
1458 4209 1580 4271 scilicet
1591 4228 1663 4271 cum
1682 4211 1722 4271 sit
1769 4211 1799 4272 ei
1813 4211 1934 4272 donum
1946 4211 2080 4273 scientia
2093 4229 2167 4290 quse
2181 4212 2255 4274 sine

619 4293 775 4357 charitate
789 4290 889 4362 indat,
907 4308 971 4352 non
987 4292 1030 4351 sit
1046 4290 1102 4353 Dei
1118 4290 1237 4350 donum
1252 4289 1324 4366 ipsa
1338 4288 1492 4358 charitas,
1507 4294 1629 4367 queant
1645 4290 1776 4351 scientia
1793 4307 1858 4350 non
1871 4288 1970 4361 inllet,
1983 4288 2118 4352 edificat
2131 4290 2162 4371 (Ι
2174 4290 2253 4352 Cor.

619 4391 696 4441 vttt,
710 4371 724 4431 l
738 4372 760 4451 ).
776 4373 951 4433 Destruunt
967 4371 1065 4432 etiam
1079 4368 1254 4437 orationes,
1269 4384 1352 4444 quas
1368 4366 1444 4429 iacit
1456 4367 1612 4440 Ecclesia,
1628 4369 1696 4430 sive
1713 4386 1772 4447 pro
1785 4367 1967 4430 infidelibus
1981 4373 2014 4430 et
2026 4368 2180 4431 doctrines
2194 4370 2255 4431 Dei

620 4450 856 4520 resistentibus,
873 4454 908 4509 ιιι
922 4454 1152 4511 convertantur
1164 4447 1204 4507 ad
1219 4447 1339 4519 Deum}
1353 4446 1422 4506 sive
1434 4463 1493 4524 pro
1507 4446 1665 4520 fidelibus,
1681 4455 1718 4508 ut
1729 4452 1889 4528 augeatur
1902 4447 1935 4508 in
1951 4447 1997 4508 eis
2012 4445 2107 4519 tides,
2123 4450 2156 4508 et
2213 4467 2256 4509 r-

582 4572 587 4583 «
619 4536 767 4593 sererent
780 4529 812 4588 in
828 4545 878 4590 ca.
895 4529 969 4589 Htec
981 4528 1100 4606 quippe
1114 4543 1179 4588 non
1194 4527 1235 4587 ab
1250 4525 1320 4602 ipso
1333 4525 1490 4604 accipere,
1505 4525 1559 4586 sed
1572 4544 1592 4588 a
1604 4544 1639 4587 se
1652 4527 1730 4604 ipsis
1745 4527 1893 4589 homines
1908 4525 2028 4589 habere
2040 4530 2156 4588 conten
2180 4531 2253 4599 unt,

642 4611 756 4673 retiam
774 4607 830 4668 Dei
846 4625 912 4685 qua
924 4607 1100 4670 liberamur
1113 4607 1154 4666 ab
1170 4603 1343 4683 impietate,
1357 4604 1498 4666 dicentes
1512 4605 1687 4666 secundum
1702 4606 1814 4668 merita
1826 4611 1938 4667 nostra
1954 4603 2035 4666 dari.
2060 4605 2152 4680 Quod
2172 4607 2256 4683 qui-

544 4741 547 4747 .
618 4628 691 4753 lem
707 4687 854 4767 Pelagius
869 4687 901 4747 in
915 4686 1089 4766 episcopali
1102 4683 1222 4762 judicio
1240 4683 1409 4744 Palaestino
1423 4683 1568 4745 damnari
1583 4691 1742 4754 metuens,
1756 4683 1909 4746 damnare
1922 4683 2107 4762 compulsus
2118 4687 2184 4755 est3
2196 4684 2256 4746 sed

619 4769 653 4830 in
672 4767 904 4846 posterioribus
925 4765 992 4827 suis
1015 4763 1142 4843 seriptis
1167 4764 1228 4824 boc
1251 4761 1614 4824 inveniturdocerc.1n
1636 4763 1668 4822 id
1690 4763 1786 4824 ctiam
1810 4763 2079 4842 progrediuntur,
2096 4767 2132 4823 ut
2145 4761 2258 4823 dicant

623 4847 723 4909 vitam
736 4846 897 4925 justorum
912 4845 943 4905 in
959 4845 1019 4905 boe
1031 4844 1149 4905 saeculo
1163 4843 1287 4903 nullum
1303 4842 1437 4902 omnino
1452 4842 1568 4903 hahere
1584 4848 1762 4920 peccatum,
1777 4847 1862 4904 etex
1879 4841 1929 4903 his
1946 4840 2122 4903 Ecclesiam
2134 4839 2255 4902 Christi

618 4926 653 4987 in
666 4923 727 4986 huc
740 4924 934 4987 mortalitate
949 4922 1077 5000 perlici,
1093 4927 1128 4982 nt
1143 4922 1183 4984 sit
1198 4921 1331 4983 omnino
1347 4920 1418 4981 sine
1437 4922 1564 4983 macula
1581 4928 1611 4981 et
1627 4939 1707 5001 ruga
1722 4920 1850 5013 (Ephes.
1867 4939 1897 4992 t,
1912 4919 1951 4979 27
1959 4921 1987 4999 );
2004 4920 2099 4999 qnasi
2121 4937 2187 4982 non
2212 4921 2257 4981 sit

619 5002 737 5083 Christi
750 5002 905 5074 Ecclesia,
916 5019 988 5079 quae
999 5005 1065 5062 toto
1076 5006 1239 5062 'terrarum
1251 5001 1328 5061 orbe
1341 5001 1459 5062 clamat
1470 4999 1508 5059 ad
1524 5002 1638 5071 Deum,
1647 5002 1776 5062 Dimitte
1786 4999 1875 5061 nohis
1886 4998 1987 5060 debita
1999 5007 2108 5059 aestro
2121 4997 2253 5079 (Matth.

568 5134 571 5139 .
618 5100 664 5153 vt,
678 5080 747 5161 12).
762 5080 916 5143 Parvulos
930 5082 1026 5142 etiam
1041 5083 1171 5159 negant,
1186 5078 1361 5140 secundum
1375 5079 1475 5140 lldam
1489 5079 1663 5142 carnaliter
1675 5083 1779 5151 natos,
1792 5078 1976 5157 contagium
1987 5077 2099 5138 mortis
2111 5074 2258 5155 antiqua

618 5161 723 5240 prima
736 5159 903 5222 nativitate
915 5159 1118 5221 contrahere.
1129 5157 1180 5219 Sic
1192 5158 1278 5220 enim
1290 5175 1345 5219 eos
1360 5157 1430 5219 sine
1445 5158 1512 5220 ullo
1525 5158 1646 5236 peccati
1662 5158 1829 5236 originalis
1844 5157 1973 5218 vinculo
1987 5162 2137 5218 asserunt
2150 5155 2255 5227 nasci,

619 5246 655 5302 ut
667 5255 801 5321 prorsus
816 5257 882 5299 non
897 5238 937 5298 sit
951 5238 1037 5317 quod
1050 5238 1096 5299 eis
1109 5241 1256 5316 oporteat
1270 5235 1411 5299 secunda
1424 5238 1589 5299 nativitate
1602 5237 1715 5297 dimitti
1728 5255 1737 5294 z
1751 5236 1805 5299 scd
1822 5254 1877 5298 eos
1896 5239 2066 5313 propterea
2080 5233 2256 5313 baptizari,

619 5328 655 5397 ιιι
669 5318 913 5400 regeneratione
926 5317 1066 5396 adoptati
1080 5316 1290 5380 admittantur
1304 5314 1344 5377 ad
1361 5333 1498 5395 regnum
1513 5316 1584 5390 bei,
1597 5316 1636 5378 ιι
1651 5318 1736 5377 bono
1754 5315 1786 5375 in
1804 5315 1919 5376 melius
1935 5313 2098 5384 translati,
2113 5329 2177 5373 non
2191 5313 2258 5375 ista

618 5399 831 5465 motatione
844 5398 886 5459 ab
898 5397 1010 5475 aliquo
1022 5396 1108 5457 malo
1119 5393 1325 5475 obligationis
1340 5393 1459 5455 veteris
1473 5390 1624 5457 absoluti.
1635 5395 1716 5457 Nam
1727 5394 1853 5456 etiamsi
1870 5410 1935 5454 non
1953 5392 2168 5472 baptizentur,
2181 5407 2260 5468 pro-

620 5478 752 5541 mittunt
772 5479 818 5541 eis
840 5481 934 5539 extra
956 5493 1093 5556 regnum
1111 5473 1239 5555 quidem
1263 5472 1342 5546 Dei,
1366 5472 1421 5534 ιιι
1445 5479 1553 5535 tamen
1577 5478 1729 5537 aeternam
1750 5479 1783 5535 et
1807 5474 1933 5534 beatam
1957 5470 2132 5549 quamdam
2155 5470 2258 5533 vitam

618 5575 724 5633 attam.
750 5559 860 5636 lpsutn
883 5571 1015 5634 quoqne
1037 5554 1137 5618 hdam
1160 5554 1291 5623 dicunt,
1311 5551 1436 5614 etiamsi
1460 5568 1525 5613 non
1553 5557 1736 5631 peccasset,
1757 5552 1857 5614 luisse
1881 5566 2017 5628 corpore
2040 5548 2257 5620 moriturum,

619 5656 641 5700 n
686 5655 726 5699 ιιι
748 5637 794 5701 ita
815 5638 981 5698 mortuum
1004 5632 1119 5695 merito
1141 5632 1264 5710 culpes,
1286 5629 1344 5694 ιιι
1367 5630 1550 5701 conditione
1575 5638 1709 5694 natura„
1730 5630 1935 5711 Objieinntur
1954 5628 2000 5691 eis
2020 5632 2053 5691 et
2077 5627 2141 5690 alia
2166 5643 2260 5688 non-

618 5717 676 5785 nul
720 5714 799 5793 ,sed
815 5716 967 5780 istasunt
980 5713 1139 5787 maxime,
1158 5729 1201 5775 ex
1221 5709 1339 5792 quibus
1358 5709 1583 5791 intelliguntur
1599 5711 1696 5773 etiam
1714 5708 1770 5773 illa
1787 5709 1836 5773 vel
1855 5713 1988 5782 cuneta,
2005 5706 2057 5769 tel
2074 5724 2157 5785 pene
2172 5723 2261 5769 cun-

618 5809 671 5860 tta
688 5795 839 5898 pendere,

623 5919 2257 5972 ww

658 6045 701 6108 Ιιι
718 6043 833 6111 Librae
847 6042 884 6106 de
895 6045 1104 6108 Peccatorum
1118 6040 1241 6105 Meritis
1257 6042 1290 6103 et
1301 6000 1514 6112 demissione,
1524 6037 1595 6101 aide
1609 6036 1663 6102 lib.
1681 6037 1713 6112 2,
1729 6055 1797 6118 cup.
1812 6037 1863 6111 33,
1877 6036 2167 6115 ιιιιιιιιιιιιιιιιιιιι,
2185 6044 2208 6097 ι.
2230 6037 2257 6123 t,
2309 6001 2311 6003 ’

618 6123 679 6191 ιιι
693 6123 800 6199 dibu
814 6123 926 6202 aubis.
940 6123 1037 6190 Venit
1050 6122 1149 6187 stiam
1164 6120 1352 6193 necessitas,
1364 6136 1463 6200 usque
1475 6117 1517 6181 ad
1530 6117 1632 6187 veria,
1645 6117 1778 6196 -blagnis
1793 6134 1945 6181 curarum
1959 6115 2105 6181 testibus.
2117 6194 2149 6256 11
2220 6172 2224 6182 .
