5592 7350
598 922 652 980 tot

597 1040 684 1095 crinio
696 1053 707 1094 .·
720 1008 786 1094 cios
798 1034 942 1092 ostermeos
961 1032 993 1089 od
1015 1032 1093 1089 tidem
1115 1039 1232 1086 nostram
1255 1028 1391 1100 pertinere

598 1132 677 1205 (qum
695 1130 758 1186 nori
773 1137 862 1198 utique
876 1138 918 1182 est
931 1108 1115 1194 Testamenti)
1130 1122 1199 1191 quod
1219 1136 1265 1192 per
1281 1120 1393 1191 protutis-

597 1223 702 1277 siooem
716 1219 824 1277 donauit
839 1219 910 1273 Deus
924 1217 1047 1272 horahae.
1064 1216 1098 1271 Et
1117 1213 1186 1284 quod
1200 1214 1237 1267 ait
1251 1213 1276 1266 iu
1290 1212 1337 1266 illo
1352 1219 1393 1265 te·

599 1313 736 1373 stiniooio,
752 1310 820 1379 Quid
830 1326 890 1380 erqo
903 1309 966 1363 leat
977 1315 1057 1379 atque
1072 1303 1220 1374 respondit,
1237 1301 1394 1356 Treuerico·

600 1404 677 1457 tiociis
687 1403 770 1474 pretio
781 1401 913 1471 proposito
925 1408 961 1453 eit
975 1413 985 1452 .·
998 1400 1049 1453 hoc
1064 1396 1089 1449 in
1104 1397 1155 1452 isto
1168 1393 1286 1450 subdidit
1297 1393 1393 1449 simili·

601 1502 650 1558 ter,
669 1493 721 1547 Les
732 1492 798 1546 erim
810 1491 876 1544 irum
889 1497 1007 1561 operatur
1022 1503 1031 1542 :
1044 1487 1087 1543 eii
1099 1486 1229 1541 enimuero
1242 1495 1278 1539 est
1289 1483 1340 1556 icc,
1350 1500 1394 1537 trec

576 1639 579 1646 ,
601 1584 784 1656 pravaricatio.

635 1675 662 1730 8.
677 1673 738 1730 Siue
751 1674 830 1743 igitur
846 1670 995 1737 numnam,
1009 1669 1067 1725 siue
1083 1676 1145 1724 ante
1158 1667 1231 1723 illum
1244 1666 1320 1737 justi,
1336 1664 1392 1719 site

598 1778 659 1840 post
674 1782 734 1823 eum
748 1765 877 1836 usquead
892 1766 978 1834 ipsum
990 1762 1120 1835 Moysen,
1141 1777 1189 1832 per
1207 1775 1287 1831 quem
1302 1758 1393 1814 datum

598 1868 640 1916 est
654 1858 853 1916 Testamentum
869 1870 884 1910 a
899 1864 990 1910 moine
1008 1853 1071 1910 Sina
1091 1852 1119 1908 io
1134 1852 1291 1907 servitutem
1311 1862 1395 1919 qene-

598 1964 672 2011 rans,
684 1949 740 2004 sive
754 1947 844 2015 coeteri
860 1944 1000 2015 Prophetae
1014 1952 1074 2013 post
1088 1957 1149 1999 euro
1164 1949 1192 1996 et
1205 1939 1290 1996 sancti
1304 1937 1393 1993 homi·

602 2055 651 2095 aes
667 2039 712 2095 het
729 2053 811 2109 usque
824 2037 856 2093 ad
869 2035 999 2092 loannem
1013 2034 1175 2104 Baptistam,
1197 2030 1244 2087 dlii
1258 2039 1320 2085 sunt
1332 2044 1393 2101 pro-

599 2132 735 2189 missionis
747 2139 776 2185 ει
787 2128 878 2200 gratia
888 2125 1035 2183 secundum
1045 2124 1120 2180 isaac
1130 2122 1214 2178 illium
1226 2120 1328 2186 liberas,
1339 2133 1392 2175 nort

599 2241 632 2283 ex
648 2226 716 2296 lege,
731 2223 778 2280 sed
791 2237 823 2279 ex
838 2196 1015 2293 pronis‘stone
1029 2216 1150 2274 heredes
1164 2214 1223 2282 liei,
1239 2210 1393 2270 cohaeredes

598 2326 688 2373 autem
702 2316 811 2372 Christi.
834 2312 911 2370 hbsit
923 2313 995 2369 enim
1011 2320 1039 2366 ut
1051 2308 1109 2366 Noe
1120 2308 1240 2379 justum,
1254 2315 1281 2363 et
1296 2306 1393 2378 prioris

601 2407 729 2478 temporis
741 2406 838 2477 justos,
854 2415 881 2461 et
893 2406 1053 2476 quicumque
1064 2401 1099 2458 ah
1112 2401 1157 2456 illo
1167 2414 1252 2472 usque
1261 2398 1295 2455 ad
1308 2398 1392 2453 Abra·

600 2500 661 2555 ham
674 2500 739 2569 justi
752 2513 811 2554 esse
827 2505 970 2568 potuerunt
980 2496 1021 2552 vel
1032 2494 1169 2565 conspicui
1180 2493 1221 2549 uel
1232 2491 1340 2560 occulti,
1350 2508 1394 2548 ne

598 2603 693 2658 genius
706 2587 739 2642 ad
749 2602 891 2657 supernam
902 2586 1060 2653 ierusalem,
1072 2599 1131 2655 quae
1141 2591 1227 2640 mater
1239 2591 1330 2639 nostra
1339 2591 1391 2649 est,

605 2681 756 2750 pertinere;
770 2680 890 2751 quamtis
903 2677 1052 2734 anteriores
1067 2687 1187 2748 ternpore
1202 2677 1210 2709 ¹
1225 2676 1393 2732 inveniantur

598 2788 658 2829 esse
679 2788 758 2844 quam
779 2773 862 2838 Sara,
881 2786 941 2842 quta
953 2770 1037 2841 ipsius
1052 2768 1144 2825 liberte
1164 2768 1257 2823 matris
1278 2764 1393 2838 prophe-

599 2867 662 2919 tiam
684 2865 847 2935 ligeremque
866 2861 986 2933 gestabat
1006 2862 1027 2913 ¹.
1043 2859 1149 2929 Quanto
1161 2858 1311 2916 euidentius
1328 2874 1393 2930 erqo

601 2962 662 3024 post
673 2954 818 3017 Abraham,
832 2954 873 3008 cui
885 2953 923 3007 sic
935 2951 1068 3007 declarata
1080 2959 1121 3006 εει
1131 2951 1188 3020 ipsa
1200 2948 1393 3020 promissio,·ut

600 3056 676 3115 pater
689 3044 831 3100 multarum
845 3043 962 3115 gentium
977 3041 1111 3096 diceretur
1126 3037 1203 3112 (Gen.
1218 3053 1295 3105 xrtt,
1310 3039 1337 3108 i,
1350 3038 1393 3111 5);

600 3137 761 3205 quicumque
783 3134 838 3189 Deo
864 3134 1040 3203 placuerunt,
1066 3130 1112 3185 ilii
1139 3129 1324 3200 promissionis
1346 3128 1392 3184 ha·

600 3228 679 3283 heudi
701 3228 781 3282 sonti
802 3226 860 3284 Nun
875 3226 946 3281 enim
967 3242 999 3280 en
1021 3223 1154 3279 Abraham
1173 3232 1199 3279 et
1212 3223 1339 3294 deinceps
1351 3220 1393 3294 iu*

599 3334 700 3375 storum
715 3320 854 3391 genueratio
869 3318 973 3385 verior,
994 3316 1040 3374 scd
1062 3317 1202 3388 prophetia
1223 3316 1393 3374 manifestior

598 3413 739 3480 reperitur.

633 3503 661 3558 9.
675 3502 715 3556 te
725 3501 926 3557 Testamentum
939 3508 1028 3557 autem
1040 3507 1127 3565 tetus,
1138 3498 1209 3572 quod
1223 3509 1264 3555 εει
1274 3515 1289 3556 a
1301 3509 1393 3557 urtoute

598 3595 661 3650 Sina
676 3594 702 3649 in
717 3594 872 3650 servitutem
885 3608 1028 3665 generans,
1044 3592 1116 3665 quod
1129 3602 1171 3650 est
1182 3593 1264 3665 Agar,
1279 3592 1316 3648 illi
1332 3608 1393 3663 per·

598 3677 705 3755 tinent,
718 3688 763 3758 qui
778 3703 839 3743 cum
854 3688 1008 3758 acceperint
1020 3688 1106 3758 legem
1119 3695 1238 3743 sanctam
1250 3696 1279 3744 et
1291 3685 1391 3758 justam

599 3788 626 3832 et
639 3777 748 3845 honum,
764 3780 859 3848 putant
869 3777 919 3832 sibi
932 3777 966 3832 ad
979 3777 1072 3842 uitam,
1087 3775 1202 3832 litteram
1222 3790 1302 3848 poste
1315 3773 1391 3832 titill-

598 3882 661 3922 cere
675 3885 683 3922 ι
697 3875 724 3923 ει
738 3866 800 3923 ideo
812 3883 863 3938 qua
878 3866 942 3921 dant
956 3866 1070 3922 lactares
1083 3865 1161 3937 legis,
1180 3866 1296 3922 divinam
1308 3865 1392 3922 uise-

598 3961 741 4017 ricordium
757 3976 810 4017 non
831 3963 989 4031 requirunt;
1012 3959 1060 4016 sed
1078 3960 1233 4031 ignorantes
1251 3958 1299 4015 Dei
1312 3958 1394 4031 justi-

599 4053 675 4118 tiam,
690 4060 717 4108 et
728 4067 803 4108 suam
813 4051 946 4121 justitiam
959 4050 1081 4107 uolentes
1093 4050 1268 4116 constituere,
1281 4049 1393 4120 tostino

600 4143 647 4197 Dei
667 4158 719 4198 nou
740 4153 802 4197 sum
819 4142 931 4213 tulujecti
948 4141 1037 4212 (Rom.
1051 4138 1139 4214 χώ).
1160 4139 1199 4195 lix
1222 4139 1273 4196 hoc
1294 4155 1394 4212 genere

600 4234 649 4287 suit
671 4233 714 4288 illa
734 4232 897 4298 multitudo,
919 4248 979 4301 quae
996 4232 1124 4289 aduersus
1147 4232 1231 4287 Deum
1251 4233 1277 4286 in
1300 4247 1393 4288 eremo

600 4323 784 4386 riirrrruurauit,
801 4331 829 4378 et
843 4323 942 4378 idolum
956 4323 1019 4379 lecit
1031 4365 1038 4388 ,
1052 4332 1079 4378 et
1093 4323 1138 4378 illa
1153 4339 1212 4393 quse
1225 4325 1279 4391 jam
1295 4322 1322 4377 in
1337 4323 1393 4394 ipsa

601 4423 670 4468 terra
683 4415 867 4484 promissionis
879 4415 1007 4469 loroicata
1019 4422 1060 4471 est
1068 4421 1130 4486 post
1140 4413 1205 4470 deos
1215 4415 1327 4471 alienos.
1339 4414 1393 4471 Sed

601 4503 659 4559 hae
675 4506 701 4558 in
722 4505 780 4575 ipso
797 4520 902 4576 quoque
916 4515 1007 4561 vetere
1021 4505 1194 4561 Testamenta
1207 4507 1284 4562 udde
1302 4522 1396 4578 repro-

601 4595 662 4649 hata
677 4604 719 4651 est
731 4596 881 4650 miultitudo
905 4595 943 4651 llli
957 4596 1056 4663 etiam,
1072 4596 1232 4668 quicumque
1248 4597 1281 4652 ihi
1302 4608 1394 4667 erarii,

600 4687 656 4741 stila
670 4703 730 4757 quae
743 4687 778 4741 ihi
794 4689 863 4742 Deris
876 4689 1017 4764 pollicetur
1028 4698 1133 4743 terrena
1146 4689 1278 4758 promisse
1290 4699 1395 4745 sectan-

601 4783 659 4839 tes,
675 4785 701 4831 ct
716 4777 777 4846 quid
793 4793 842 4848 pro
857 4793 926 4833 riovo
941 4778 1115 4834 Testamenta
1128 4793 1159 4832 ea
1173 4778 1230 4850 ipsa
1244 4780 1396 4850 siqoilteeot

600 4867 762 4936 igrioraotes,
775 4885 867 4926 eorum
880 4871 1112 4942 adipiscendorum
1124 4888 1217 4929 amore
1230 4882 1257 4930 et
1268 4876 1396 4932 amitten·

599 4956 694 5012 donuo
711 4960 815 5024 timore,
830 4962 875 5016 Dei
890 4971 1022 5033 precepta
1033 4964 1193 5031 servabant;
1208 4965 1262 5019 imo
1275 4982 1328 5022 uon
1338 4984 1396 5023 ser·

600 5049 710 5115 nabaiot,
724 5050 771 5105 sed
782 5051 832 5105 sihi
844 5065 952 5107 seruare
965 5053 1131 5109 tideltautor.
1143 5053 1236 5124 Neque
1246 5056 1318 5111 coint
1328 5055 1395 5113 tides

601 5141 627 5194 io
641 5141 681 5195 eis
696 5141 925 5210 perdilectionem
947 5146 1108 5213 operabatur
1121 5143 1217 5218 (Galat.
1235 5163 1266 5213 r,
1282 5147 1309 5219 6)
1320 5189 1329 5215 ,
1342 5149 1390 5204 sed

601 5239 707 5285 ten-cua
720 5232 852 5300 cupiditas
867 5243 1006 5304 metusque
1020 5237 1145 5291 cantatis.
1159 5236 1204 5293 Sic
1218 5246 1307 5293 autem
1323 5254 1394 5308 prm·

599 5334 677 5388 copta
692 5325 736 5393 qni
753 5326 825 5390 iacit,
838 5327 932 5396 procul
947 5328 1028 5382 dulcio
1041 5329 1140 5384 intuitus
1152 5328 1229 5393 looit;
1240 5346 1273 5385 ae
1283 5346 1331 5401 per
1341 5331 1393 5389 hoc

602 5417 628 5469 in
645 5417 734 5470 attinio
755 5434 807 5471 ooo
822 5418 907 5474 lacit:
924 5421 1009 5490 tnagis
1027 5421 1084 5476 vult
1097 5421 1107 5452 ⁸
1121 5422 1193 5476 enim
1210 5424 1320 5477 omniuo
1340 5440 1393 5479 non

599 5504 699 5570 lucere,
723 5507 744 5561 si
758 5509 905 5564 secundum
920 5526 951 5564 ea
964 5526 1023 5580 quae
1035 5512 1107 5583 cupit
1122 5521 1150 5567 et
1164 5515 1268 5577 otctoit,
1287 5516 1395 5582 permit·

601 5609 672 5652 totio
688 5600 806 5669 impunc.
827 5605 866 5657 Ac
883 5617 931 5672 per
944 5605 995 5658 hoc
1010 5605 1035 5657 io
1050 5604 1105 5674 ipsa
1119 5605 1255 5660 voluntate
1270 5605 1341 5660 intus
1354 5615 1395 5661 est

600 5704 673 5752 reus,
691 5690 734 5744 uhi
748 5691 803 5761 ipse
815 5693 860 5761 qui
875 5692 994 5764 principit
1008 5682 1111 5764 inspicit
1130 5696 1209 5751 Deus.
1229 5697 1307 5752 Tales
1319 5709 1396 5754 eraut

602 5779 648 5830 lilii
664 5787 778 5835 terreum
792 5779 957 5849 Jerusalem,
972 5784 1006 5839 de
1018 5799 1068 5854 qua
1082 5784 1147 5841 dicit
1159 5787 1319 5855 Apostolum,
1333 5788 1395 5845 Ser·-

601 5869 633 5920 oit
647 5871 713 5923 eirico
727 5887 783 5923 cum
797 5874 857 5940 filiis
872 5875 931 5936 auis,
947 5876 1082 5943 pertinens
1092 5878 1125 5932 ad
1135 5877 1335 5936 Testamentum
1351 5898 1396 5938 re-

602 5967 671 6013 tusa
686 5971 769 6014 rutente
782 5963 846 6016 Sino
860 5963 885 6016 iu
898 5965 1039 6018 sevitutem
1049 5983 1181 6036 perierunt,
1197 5971 1264 6038 qarod
1276 5980 1312 6025 est
1326 5970 1395 6034 door

634 6133 721 6204 ¹·Fditi,
733 6139 841 6196 quomam
862 6138 982 6190 teneriore
1006 6146 1119 6205 tempere.
1141 6153 1203 6206 tiss,
1227 6148 1334 6212 qrroottis
1353 6165 1396 6200 rm-

601 6201 822 6256 terwreatmoore.

633 6257 763 6308 ‘Gallicani
775 6268 840 6324 nse,
848 6267 932 6320 oestro.

635 6319 691 6368 'sie
700 6324 771 6371 tatic.
785 6329 835 6372 tzss.
849 6323 917 6380 tiliti,
927 6323 1024 6375 traconit.

1275 899 1556 971 mmmmm

2187 919 2241 975 tot

1449 1025 1546 1099 (Gotot.
1558 1043 1596 1092 m,
1609 1026 1654 1092 25,
1667 1027 1721 1098 it).
1738 1029 1774 1085 Ex
1788 1030 1846 1099 ipso
1858 1044 1956 1100 periere
1965 1029 2083 1096 iuuerunt,
2094 1032 2140 1104 qui
2151 1033 2240 1090 lierni·
2312 1072 2321 1081 -

1449 1132 1512 1171 oniti
1525 1117 1736 1185 crucifixerunt,
1753 1128 1780 1174 et
1802 1120 1827 1174 iu
1846 1121 1941 1177 eadem
1957 1121 2114 1179 infidelitate
2134 1122 2241 1180 tnanse·

1448 1216 1519 1261 runt.
1545 1208 1608 1265 lude
1628 1218 1691 1263 suut
1710 1209 1797 1266 adhuc
1812 1211 1892 1267 etiam
1915 1212 1962 1268 dlii
1976 1228 2070 1270 eorum
2093 1214 2120 1269 iu
2140 1216 2241 1286 ingenti

1449 1299 1620 1357 multitudiue
1643 1302 1808 1370 iudaeorum,
1834 1304 2029 1375 quamvisjam
2053 1322 2123 1362 nom
2147 1308 2242 1364 Testa-

1448 1397 1549 1456 menta,
1565 1391 1633 1445 sicut
1647 1395 1832 1462 prophetatum
1845 1405 1895 1458 est,
1910 1410 1957 1463 per
1969 1395 2068 1450 Christi
2084 1399 2240 1468 sanquinem

1447 1483 1580 1549 patefacto
1598 1493 1678 1554 atque
1691 1486 1813 1553 firmato,
1835 1495 1890 1542 eta
1905 1486 2015 1542 dormine
2029 1488 2073 1543 uhi
2093 1490 2242 1558 baptisatus

1447 1573 1684 1643 magisteriumque
1703 1575 1838 1645 proiessus
1855 1588 1894 1632 est
1916 1578 2023 1650 (llotth.
2042 1597 2089 1640 ur.
2110 1581 2155 1647 to,
2175 1584 2240 1655 li),

1447 1664 1583 1732 usquead
1604 1665 1732 1721 tenuiuos
1751 1675 1831 1721 terne
1853 1667 1998 1740 Evatugclio
2019 1669 2165 1726 diffamato.
2190 1675 2240 1740 Qui

1446 1750 1555 1821 iudici,
1589 1755 1737 1809 secuudum
1767 1756 1921 1826 prophetias
1949 1774 2016 1829 quas
2048 1762 2157 1832 tegunt,
2194 1779 2242 1833 per

1447 1858 1541 1900 ornnes
1562 1855 1626 1901 sunt
1650 1858 1736 1902 terras
1758 1848 1857 1919 ubique
1880 1849 2016 1920 dispersi,
2041 1863 2070 1907 ut
2092 1869 2241 1910 erearum

1446 1954 1553 2011 quoque
1566 1940 1703 1999 codicibus
1721 1940 1880 1999 Ctuisttuoae
1899 1958 1953 1999 non
1974 1944 2044 2000 desit
2059 1946 2240 2003 testimonium

1445 2031 1563 2087 Wl'lml.
2250 2052 2275 2113 Γ

1481 2121 1526 2178 to.
1542 2123 1576 2178 Et
1595 2133 1671 2183 retus
1689 2125 1769 2199 igitur
1788 2127 1988 2191 Testamentum
2011 2129 2081 2185 heus
2101 2128 2241 2186 condidit:
2272 2186 2276 2208 ἢ

1445 2214 1508 2286 quia
1523 2216 1579 2273 lieo
1597 2216 1711 2288 placuit,
1736 2219 1876 2289 usquead
1900 2206 2090 2290 plenitudinem
2113 2219 2241 2291 temporis

1446 2306 1586 2375 promissis
1599 2310 1712 2364 terrenis
1725 2318 1849 2380 tanquam
1863 2311 1889 2365 io
1901 2311 2011 2381 praeruiio
2022 2311 2172 2366 constitutis
2184 2325 2240 2381 pro

1446 2397 1527 2452 missa
1548 2399 1637 2455 velare
1657 2400 1795 2467 coelcstia;
1817 2409 1845 2456 et
1865 2403 1963 2472 populo
1981 2402 2093 2457 terrenis
2107 2399 2184 2457 huonis
2197 2403 2240 2456 io·

1446 2488 1545 2557 hianti,
1566 2499 1593 2545 ει
1617 2502 1757 2562 propterea
1781 2492 1876 2548 dorum
1898 2509 1947 2549 eor
1972 2494 2096 2561 habenti,
2121 2494 2241 2565 quamuis

1445 2582 1625 2652 spiritualem,
1651 2592 1739 2639 mineo
1764 2585 1792 2641 in
1815 2585 1912 2640 tabulis
1930 2585 2042 2656 lapideis
2060 2585 2146 2656 legem
2165 2585 2239 2643 dare.

1445 2670 1571 2742 Exceptis
1585 2675 1682 2744 quippe
1695 2674 1835 2730 Librorum
1850 2685 1969 2731 veterum
1984 2677 2167 2744 sacramentis,
2181 2693 2240 2748 quc

1445 2764 1501 2819 sola
1516 2764 1683 2835 significandi
1698 2768 1800 2822 ratione
1816 2778 1946 2838 precepta
1961 2780 2023 2823 sum
2038 2768 2200 2841 (quanquam
2212 2781 2240 2826 et

1445 2853 1472 2909 in
1485 2855 1540 2919 eis,
1557 2856 1682 2927 quoniam
1697 2858 1871 2928 spiritualiter
1886 2859 2054 2931 tutettipcuda
2072 2871 2152 2926 sunt,
2168 2870 2241 2927 reete

1445 2944 1489 3000 lex
1503 2944 1600 3002 dieitur
1612 2947 1785 3020 spiritualis);
1799 2958 1895 3005 eutero
1909 2961 1983 3006 certe
1997 2966 2056 3021 quac
2068 2950 2104 3006 ad
2115 2952 2240 3022 pietatem

1444 3034 1583 3107 honosque
1597 3052 1687 3094 mores
1702 3039 1874 3109 pertinentia,
1893 3056 1948 3095 nott
1962 3041 1996 3096 ad
2009 3042 2124 3113 aliquam
2140 3044 2241 3114 signill-

1444 3127 1576 3184 eatiooem
1596 3129 1649 3184 ullo
1669 3130 1888 3200 interpretatione
1902 3130 2055 3195 relereuda,
2071 3131 2119 3187 scd
2132 3147 2242 3203 prorsus

1445 3227 1475 3273 ιιι
1484 3228 1547 3274 sutit
1555 3219 1637 3286 dieta,
1648 3218 1769 3277 iacienda
1779 3228 1841 3276 sum
1853 3238 1859 3274 :
1870 3218 1994 3291 'proiecto
2002 3222 2072 3277 illam
2084 3223 2128 3277 lici
2143 3223 2240 3294 tegeor,

1445 3324 1499 3367 non
1513 3311 1599 3366 solnm
1614 3312 1729 3367 illituuc
1742 3313 1858 3384 populo,
1873 3327 1964 3367 rerum
1979 3314 2059 3368 etiam
2078 3328 2150 3370 outre
2163 3314 2242 3372 nohis

1444 3403 1479 3458 ad
1492 3394 1680 3459 instituendam
1696 3414 1769 3460 recte
1782 3405 1862 3459 uitam
1877 3406 2055 3461 necessariam
2071 3422 2151 3462 nemo
2164 3405 2242 3464 dehi-

1445 3494 1551 3549 auerti,
1566 3493 1680 3550 sienim
1691 3492 1813 3551 Christus
1825 3496 1902 3552 nohis
1914 3495 2024 3552 abstulit
2035 3497 2100 3553 illud
2111 3498 2241 3569 grauissi-

1445 3596 1520 3638 mum
1532 3584 1675 3640 multarum
1692 3585 1909 3643 obseruationum
1927 3587 2038 3659 iugum,
2053 3604 2086 3645 oe
2099 3589 2250 3662 carnaliter,

1445 3671 1679 3744 circumcidamur,
1695 3692 1728 3732 ne
1741 3691 1867 3746 pecorum
1881 3678 2003 3734 uictimas
2017 3679 2195 3747 immolemus,
2208 3697 2243 3739 ue

1446 3764 1558 3820 sabbato
1571 3776 1681 3839 septeno
1694 3767 1797 3824 dierum
1814 3769 1948 3826 uolumine
1962 3769 2091 3828 redeunte
2105 3772 2139 3828 ab
2150 3774 2242 3844 operi·

1446 3851 1497 3909 hus
1510 3856 1590 3911 etiam
1605 3858 1763 3913 necessariis
1781 3859 1968 3930 quiescamus,
1989 3871 2016 3917 et
2036 3872 2132 3918 catera
2152 3865 2243 3935 turtius·

1447 3947 1535 4015 modi,
1548 3946 1595 4004 sed
1608 3963 1640 4003 ea
1655 3949 1828 4020 spiritualiter
1841 3951 1975 4008 intellecta
1989 3961 2140 4016 teneamus.
2155 3970 2241 4012 remo·

1447 4035 1532 4108 tisquc
1546 4037 1647 4094 umbris
1665 4037 1876 4110 significantibus
1895 4042 1922 4097 in
1941 4058 2030 4100 recuro
2049 4041 2166 4112 ipsarum
2183 4062 2243 4117 quie

1447 4128 1628 4199 significantur
1646 4130 1706 4187 luee
1721 4130 1883 4201 vigilemus:
1899 4132 2027 4204 numquid
2043 4145 2182 4206 propterea
2200 4139 2243 4197 dt·

1447 4221 1515 4276 cturi
1529 4235 1631 4286 sumus,
1645 4238 1699 4278 oon
1712 4222 1746 4279 ad
1759 4238 1809 4278 nos
1821 4225 1954 4294 pertinere
1966 4226 2037 4296 quod
2049 4229 2242 4298 scriptumest,

1448 4320 1476 4365 ut
1489 4311 1605 4368 alienum
1620 4313 1806 4386 quodcumque
1820 4314 1952 4385 perditum
1967 4316 2087 4387 quisquis
2101 4319 2240 4383 inuenerit,

1447 4403 1541 4461 reddat
1554 4405 1579 4462 ei
1598 4408 1643 4477 qui
1658 4406 1774 4479 perdidit
1786 4407 1878 4479 (decit.
1892 4424 1936 4475 ur,
1950 4409 1978 4476 3,
1991 4410 2038 4480 l);
2053 4418 2083 4465 et
2094 4411 2242 4468 aliamulta

1447 4498 1555 4564 similia,
1570 4501 1664 4569 quihus
1678 4501 1720 4570 pie
1734 4511 1859 4571 recteque
1873 4502 1963 4558 uivere
1977 4502 2098 4569 discitur,
2114 4505 2243 4560 ouasimc-

1447 4605 1499 4660 que
1513 4591 1598 4660 ipsum
1610 4592 1780 4663 Decalogum,
1790 4596 1835 4662 qui
1849 4593 1952 4649 druhus
1963 4594 2016 4650 iltis
2025 4595 2136 4666 lapideis
2147 4597 2252 4666 tatutis

1447 4684 1609 4750 continetur,
1623 4695 1738 4756 excepta
1745 4688 1847 4741 sahhati
1860 4688 2048 4744 obseruatione
2060 4690 2170 4757 carnali,
2182 4692 2243 4762 'quo

1448 4777 1612 4844 spiritualem
1636 4778 1873 4834 sanctificationem
1899 4781 2069 4852 quietemque
2094 4783 2243 4853 signifieat?

1448 4866 1513 4937 Quis
1525 4867 1595 4922 euim
1608 4867 1680 4923 dicat
1692 4883 1744 4923 noo
1758 4869 1856 4926 debere
1869 4872 2011 4928 ohservare
2022 4873 2200 4944 Christianos,
2215 4889 2244 4931 ot

1449 4960 1494 5013 uni
1509 4960 1564 5014 ileo
1579 4960 1713 5030 religionis
1726 4960 1854 5030 obsequie
1868 4963 2015 5032 serviatur,
2032 4977 2060 5020 ut
2075 4967 2174 5022 idolum
2190 4983 2243 5023 utut

1448 5050 1568 5115 colattu,
1582 5060 1611 5105 ut
1629 5066 1726 5107 oonueu
1743 5053 1846 5108 liootiru
1861 5069 1914 5110 noo
1929 5056 2076 5127 accipiatur
2094 5060 2120 5113 io
2135 5074 2242 5120 utrorum.

1449 5149 1477 5195 ut
1491 5153 1614 5210 parentes
1627 5140 1802 5211 honorentur,
1817 5160 1851 5201 ne
1864 5147 2006 5211 adulteria,
2022 5150 2174 5212 homicidio,
2188 5151 2244 5205 hir·

1449 5243 1486 5297 uu,
1499 5232 1563 5286 talsa
1577 5232 1727 5288 testimonia
1741 5247 1937 5306 perpetrentur,
1950 5255 1984 5294 ue
1997 5255 2075 5304 ustor,
2089 5257 2123 5293 ne
2134 5242 2244 5295 omniuo

1448 5338 1492 5376 res
1513 5323 1565 5376 uitta
1584 5325 1787 5393 concupiscatur
1809 5327 1896 5382 alienia
1918 5327 2015 5396 (Exod.
2030 5330 2097 5400 sud?
2116 5329 2182 5397 Quis
2201 5341 2244 5386 est

1449 5421 1501 5465 hou
1516 5412 1623 5480 itopins,
1638 5415 1682 5483 qni
1695 5414 1766 5470 dicut
1779 5415 1840 5471 ideo
1854 5431 1884 5472 te
1898 5418 1947 5472 ista
1964 5419 2028 5488 legis
2042 5434 2094 5472 nen
2109 5420 2244 5475 cristodire

1449 5514 1592 5574 precepta,
1605 5506 1666 5575 quia
1682 5517 1722 5562 est
1735 5509 1792 5578 ipsc
1805 5508 1976 5574 christianus,
1991 5525 2040 5564 uec
2051 5511 2101 5566 sula
2114 5511 2181 5582 lege,
2194 5514 2242 5567 stul

1448 5597 1498 5650 suh
1512 5598 1594 5666 gratia
1608 5599 1786 5654 coristitutust

1485 5691 1528 5743 ll.
1545 5689 1642 5745 Verum
1665 5691 1723 5746 hue
1745 5693 1822 5762 plaue
1842 5707 1936 5763 magua
1955 5693 2080 5748 distantia
2099 5704 2156 5763 est,
2172 5699 2243 5767 quod

1449 5776 1548 5836 iaciunt
1562 5781 1611 5835 ista
1624 5782 1746 5853 sublege
1759 5784 1847 5853 positi,
1860 5798 1927 5853 quos
1940 5784 2027 5840 littera
2038 5786 2145 5850 occidit,
2159 5796 2244 5844 terre·

1451 5887 1510 5926 riam
1531 5873 1682 5929 felicitatem
1700 5875 1741 5930 uel
1756 5874 1900 5944 eupiditate
1913 5875 2076 5947 adipiscendi
2090 5879 2133 5936 uei
2147 5883 2244 5939 timore

1449 5963 1585 6017 amittendi
1601 5981 1608 6017 :
1623 5973 1650 6019 et
1670 5962 1728 6018 ideo
1752 5980 1804 6018 noo
1823 5980 1886 6019 vere
1906 5967 2020 6034 laeiuut;
2040 5971 2165 6038 qtuiniant
2184 5988 2244 6028 ear·

1451 6055 1517 6107 uotis
1526 6055 1667 6122 cupiditas,
1678 6072 1727 6124 qua
1739 6068 1877 6127 pec-citum
1888 6069 2068 6116 commutatur
2080 6064 2170 6131 potius
2181 6065 2221 6120 uel
2233 6065 2242 6098 ⁸

1450 6155 1569 6213 :turgotum
1585 6145 1728 6214 eupiditate
1739 6148 1791 6201 alia
1806 6166 1858 6205 non
1870 6162 1988 6206 sarriatur.
2007 6153 2036 6208 tti
2050 6156 2082 6210 od
2097 6167 2172 6211 vetus
2183 6171 2245 6227 per·
2276 6183 2280 6190 ·

1377 6298 1383 6312 ,
1452 6277 1490 6388 αἱ
1512 6278 1551 6326 ttie
1582 6285 1633 6328 tiss.
1662 6284 1804 6335 auctoritate
1832 6285 1957 6347 additurus,
1981 6298 2137 6341 tortaartotur
2164 6306 2178 6352 ι·
2203 6291 2241 6349 ius
