5592 7350
548 916 598 976 tes

550 1037 620 1102 beo,
633 1033 682 1092 sed
701 1032 792 1093 sitium
815 1031 887 1106 qnsod
905 1047 959 1089 non
981 1040 1023 1089 εει
1044 1030 1160 1088 subeo.
1187 1028 1244 1085 Non
1267 1028 1337 1085 enim

547 1136 654 1197 propter
667 1141 697 1181 se
712 1127 811 1197 ipsam,
827 1141 887 1198 qua
907 1124 1046 1181 laudabilis
1059 1131 1117 1191 est,
1132 1124 1193 1196 qssia
1209 1138 1276 1193 opus
1290 1122 1338 1178 bei

546 1213 611 1282 csta
624 1216 671 1273 sed
687 1227 794 1287 propter
815 1216 967 1274 damnabile
981 1217 1090 1284 ritium,
1103 1230 1157 1288 qrto
1172 1214 1263 1270 uitiata
1283 1222 1335 1281 est,

547 1322 638 1367 anstura
659 1312 774 1367 bumana
787 1312 939 1369 damnatur.
959 1314 992 1370 Et
1006 1323 1116 1385 propter
1134 1312 1205 1385 quod
1224 1313 1337 1369 damna·

547 1413 598 1469 tur,
615 1415 724 1473 propter
744 1403 796 1460 boe
816 1412 845 1458 et
865 1404 1008 1460 damnabili
1030 1404 1136 1459 diabolo
1155 1404 1312 1476 subjugatur
1328 1423 1336 1460 ι

546 1495 604 1563 sputa
619 1504 647 1551 st
667 1495 724 1563 ipse
737 1492 858 1552 diabolus
871 1497 982 1565 spiritus
1003 1497 1156 1551 immundus
1167 1505 1225 1561 est,
1241 1506 1268 1551 et
1283 1496 1335 1550 uti·

545 1601 595 1653 spse
610 1584 710 1641 isonam
730 1585 800 1655 quod
819 1588 947 1656 spiritus,
961 1586 1060 1641 malum
1072 1586 1145 1658 quod
1162 1587 1335 1654 immundus,

545 1677 668 1746 pisoniana
689 1676 797 1749 spiritus
816 1688 858 1734 εει
878 1689 990 1745 natura,
1012 1677 1164 1734 immundus
1185 1688 1227 1734 est
1247 1677 1334 1732 uitio:

544 1785 655 1837 «panarum
676 1770 788 1825 duorum
810 1770 874 1826 illud
888 1785 904 1825 a
919 1771 974 1827 beo
986 1778 1044 1837 est,
1059 1771 1111 1826 boc
1130 1771 1164 1826 ab
1185 1771 1252 1841 ipso.
1276 1769 1334 1825 Non

545 1861 630 1929 itanpnc
653 1871 727 1916 tenet
750 1862 882 1929 lsosrrincs,
906 1862 962 1917 siro
985 1862 1106 1931 majoris,
1128 1862 1185 1916 sire
1207 1860 1335 1917 infantilis

544 1953 636 2014 atatis,
653 1952 844 2022 propterquod
858 1952 980 2008 homiues
992 1961 1064 2017 suot,
1080 1952 1128 2008 sed
1141 1962 1249 2021 propter
1264 1951 1334 2023 quod

545 2042 670 2096 iauunndi
692 2051 764 2095 sunt.
789 2042 838 2109 Qui
860 2057 925 2113 ergo
939 2044 1050 2097 miratur
1066 2044 1129 2113 quia
1150 2051 1270 2098 creatura
1286 2043 1334 2098 bei

543 2131 663 2184 subdatur
682 2130 806 2196 diabolo,
822 2147 876 2187 non
890 2132 1001 2187 miretur
1015 2148 1023 2187 s
1039 2131 1162 2188 subditur
1175 2134 1245 2187 euim
1259 2147 1335 2188 crea·
1350 2148 1353 2152 ·

544 2230 598 2272 tura
625 2219 671 2274 bei
695 2231 824 2276 creaturae
848 2222 905 2286 bei,
929 2223 1017 2277 minor
1038 2222 1143 2292 majori,
1168 2223 1229 2294 assia
1253 2222 1333 2279 lansmo

543 2313 653 2382 augein3
678 2328 728 2369 nec
752 2325 841 2369 tamen
864 2323 972 2384 propter
994 2323 1128 2380 naturam,
1153 2316 1201 2370 sed
1225 2324 1333 2385 propter

542 2409 644 2469 uitium,
666 2409 727 2478 qnsia
752 2408 904 2464 immundus
926 2409 1073 2464 immundo.
1100 2408 1148 2465 llic
1168 2420 1210 2465 εει
1232 2408 1332 2465 iunctus

543 2499 598 2565 ejus
616 2514 650 2554 ex
672 2501 778 2570 antiqua
794 2500 968 2556 immunditiae
988 2500 1089 2571 stirpe,
1103 2517 1184 2571 ossam
1203 2501 1332 2571 plnnntarit

543 2590 566 2644 in
590 2590 710 2659 bomine,
725 2591 840 2661 majores
859 2591 967 2663 quidem
988 2605 1082 2661 poenas
1104 2591 1198 2647 ultimo
1219 2592 1329 2661 jndicio,

541 2695 638 2752 ausnnto
657 2694 699 2739 cst
720 2684 897 2752 immundior,
913 2687 971 2756 ipse
983 2701 1111 2759 passurus
1124 2704 1133 2742 s
1148 2695 1330 2741 verumtamen

540 2777 680 2845 atquibus
699 2777 725 2831 iu
744 2779 788 2832 itta
808 2779 981 2837 damnatione
1001 2780 1165 2836 tolerabilius
1185 2780 1252 2845 erit,
1268 2778 1330 2833 lmic

539 2873 598 2921 snat
616 2866 716 2922 subditi
730 2867 804 2923 reiut
825 2869 935 2939 principi
950 2874 1106 2941 auctorique
1127 2870 1246 2940 peccati;
1266 2869 1328 2939 quia

539 2956 608 3011 nulla
622 2958 674 3011 crit
687 2957 865 3014 damnationis
878 2976 976 3029 eausa,
990 2961 1040 3018 uisi
1056 2968 1204 3031 peecatum.

569 3045 686 3104 carui
706 3047 800 3116 litt,
810 3080 846 3091 -
855 3050 901 3107 tt.
914 3051 965 3107 Per
975 3052 1104 3107 libidinem
1116 3052 1259 3107 traducitur
1272 3068 1330 3123 pee-

538 3148 619 3194 ratres
636 3140 771 3211 oripiaaic.
792 3140 900 3199 Peccata
917 3146 1026 3200 venialia
1043 3147 1241 3218 inconjupibaa.
1261 3146 1328 3203 Cau·

537 3232 688 3301 capisceutia
701 3234 800 3301 caesnia,
816 3236 911 3306 peccati
933 3235 1030 3306 plicet
1048 3248 1139 3293 auter.
1160 3238 1328 3309 Quapropter

538 3331 612 3376 natos
630 3338 684 3377 non
703 3338 737 3378 ex
755 3324 826 3379 bosso
847 3342 900 3397 quo
914 3327 992 3383 bonae
1011 3336 1074 3384 sum
1093 3330 1200 3398 nuptias,
1224 3331 1271 3383 sed
1292 3342 1328 3383 ea

527 3412 605 3466 vmato
617 3415 858 3485 mamistenum,
873 3433 927 3488 quo
945 3417 1013 3474 bcoe
1026 3419 1132 3490 quidem
1146 3428 1256 3474 utuntur
1275 3433 1327 3473 uu·

536 3507 608 3576 ptine,
624 3506 660 3562 de
673 3522 728 3578 qno
740 3518 829 3565 tamen
845 3512 1007 3567 erubescunt
1020 3522 1048 3567 et
1062 3512 1176 3582 nuptiae,
1192 3526 1254 3567 reos
1265 3510 1326 3565 dia·

535 3594 611 3651 bolus
631 3598 758 3668 psuutm
771 3607 854 3657 tenet.
876 3601 943 3670 Quia
965 3617 1025 3658 curn
1047 3603 1101 3657 sint
1123 3603 1188 3674 ipsae
1209 3601 1327 3657 bonora-

535 3688 600 3746 bilcs
613 3691 640 3747 in
662 3693 786 3748 omnibus
803 3693 837 3749 ad
851 3709 897 3749 eas
909 3695 1016 3766 proprie
1029 3695 1223 3765 pertinentibus
1236 3693 1325 3761 bonis,

534 3781 637 3835 etiamsi
652 3779 758 3837 tborum
772 3782 888 3839 babeant
901 3785 1098 3840 immaculatum
1109 3783 1201 3855 (liebr.
1215 3801 1272 3852 anst,
1282 3783 1323 3855 l),

535 3886 590 3925 uon
602 3873 722 3928 solnma
741 3872 962 3933 fornicationibus
975 3886 1004 3933 et
1018 3877 1171 3944 adulteriis,
1185 3893 1246 3949 qssae
1262 3887 1327 3935 snut

534 3958 630 4032 tapsus
650 3961 830 4032 damnabilia,
844 3981 936 4022 uerum
954 3968 1035 4024 etiarn
1055 3968 1090 4024 ab
1105 3968 1158 4025 iliis
1170 3968 1324 4033 excemibus

534 4055 744 4124 usncumbendi‚
758 4059 804 4129 qnni
822 4073 877 4115 oon
899 4059 966 4115 liunt
986 4075 1066 4116 eausa
1088 4061 1172 4134 prolis
1189 4062 1325 4118 voluntate

533 4143 703 4214 dominante,
723 4148 771 4202 sed
791 4163 871 4204 cansa
891 4151 1035 4221 uoluptatis
1055 4152 1180 4208 uincente
1201 4153 1321 4220 libidine,

533 4249 590 4303 auus
603 4244 668 4290 sunt
681 4237 707 4291 iu
720 4237 878 4308 conjugibus
892 4252 999 4310 peccata
1011 4242 1125 4297 venialia
1140 4259 1147 4296 ι
1160 4252 1248 4300 tameo
1261 4258 1322 4298 enm

533 4335 672 4378 venturum
687 4325 766 4381 tuerit
779 4329 813 4383 ad
829 4344 896 4398 opus
921 4331 1076 4400 generandi,
1093 4333 1151 4401 ipse
1172 4332 1215 4387 itte
1235 4332 1324 4387 licitus

532 4409 714 4485 bosnestusquc
726 4418 895 4486 concubitus,
911 4435 963 4475 uon
977 4429 1139 4492 potestesse
1153 4423 1212 4478 sine
1225 4424 1322 4479 ardore

532 4500 658 4567 libidinis,
675 4514 703 4561 ut
714 4509 805 4579 peragi
825 4512 909 4579 possit
920 4512 990 4582 quod
1006 4515 1118 4570 rationis
1129 4524 1181 4582 cst,
1196 4532 1248 4570 non
1262 4515 1322 4571 libi·

531 4593 609 4649 dinis.
629 4596 679 4662 Qui
694 4605 767 4653 certe
779 4599 870 4665 ardor,
885 4603 942 4657 sis-e
956 4615 1093 4675 sequatur,
1109 4606 1164 4661 sire
1179 4608 1323 4676 praeacuiat

530 4688 708 4755 tdnatsnm,
723 4705 776 4746 nou
791 4701 877 4750 unteu
892 4690 1022 4767 uisi'ipse
1040 4698 1155 4768 qnnnmam
1175 4700 1251 4769 quasi
1273 4714 1322 4754 suo

531 4777 643 4856 imperio
663 4793 753 4838 moret
767 4786 894 4852 membra,
910 4803 970 4857 quas
990 4792 1090 4845 moueri
1112 4790 1249 4848 rolurstato
1267 4808 1320 4848 uon

530 4879 642 4937 possum
655 4888 663 4927 a
676 4882 756 4943 atque
774 4876 809 4929 ita
828 4891 859 4932 se
880 4877 979 4933 indicat
997 4895 1050 4934 non
1065 4883 1222 4950 imperantis
1234 4884 1321 4937 tamu-

530 4959 601 5029 lum,
626 4962 676 5018 scd
702 4963 880 5023 inobedientis
905 4972 1063 5042 supplicium
1088 4973 1244 5042 sotnnuatis,
1270 4988 1321 5032 nec

529 5046 613 5107 libero
635 5052 756 5122 arbitrio,
775 5057 823 5112 sed
844 5059 1000 5117 illecebroso
1015 5063 1102 5134 alique
1121 5065 1229 5120 stimulo
1246 5081 1321 5122 com-

529 5143 699 5212 monendam,
713 5157 740 5204 ει
753 5147 815 5204 idco
827 5151 989 5220 podendum.
1006 5155 1044 5210 Es
1059 5155 1110 5213 bae
1121 5158 1210 5214 earnis
1222 5174 1320 5215 corneu-

513 5228 739 5310 priscarumque
751 5239 814 5295 lieet
825 5241 852 5297 in
867 5246 1031 5314 regeneratis
1042 5246 1097 5319 jam
1111 5264 1163 5306 nors
1177 5250 1320 5321 deputetur

529 5321 555 5383 in
576 5337 734 5397 peceatum,
754 5337 843 5389 ιειιιειι
874 5345 977 5395 naturae
1004 5355 1056 5396 uon
1086 5341 1184 5399 accidit
1205 5345 1258 5401 nisi
1282 5345 1319 5402 de

461 5469 466 5478 .
529 5423 638 5482 ructato
657 5433 666 5471 t
688 5432 722 5476 ex
747 5421 814 5487 bac,
836 5424 957 5497 inquam,
980 5432 1193 5504 concupiscentia
1216 5439 1316 5505 caruis,

529 5510 652 5579 nunqnam
667 5509 727 5567 *utta
745 5518 867 5586 peccati,
881 5523 909 5575 ει
922 5523 1029 5592 quando
1050 5521 1086 5580 iiii
1099 5527 1133 5582 ad
1151 5531 1235 5599 turpia
1250 5545 1317 5585 con·

527 5596 656 5666 murm,
672 5602 753 5657 ctiam
773 5617 941 5676 peccatorum
960 5624 1047 5670 matre
1068 5618 1222 5687 multorum,
1244 5637 1317 5690 qna-

525 5700 638 5759 mmspte
649 5695 768 5750 nascitur
776 5699 876 5768 protes,
887 5703 1008 5773 originali
1019 5716 1059 5761 εει
1068 5709 1183 5779 obligata
1195 5721 1313 5781 peceato,

527 5777 574 5833 uisi
587 5779 617 5833 ia
631 5781 677 5836 illa
689 5798 859 5856 renascatur,
874 5808 953 5862 quens
966 5794 1025 5851 sine
1038 5778 1088 5852 tui
1101 5801 1315 5870 concuspiscentia

531 5865 605 5940 Virgo
619 5875 743 5944 concepus
757 5897 764 5933 :
782 5893 922 5950 propterea
938 5887 1044 5955 quando
1057 5891 1129 5947 nasci
1142 5902 1183 5948 εει
1197 5893 1223 5948 in
1235 5911 1315 5952 carne

526 5959 661 6031 diganum,
677 5955 735 6024 sirie
750 5984 859 6039 peceato
873 5977 946 6033 solas
959 5990 1000 6035 εει
1014 5993 1101 6039 ιιιιιε.

558 6053 672 6113 CAPUT
691 6059 774 6118 xxv.
788 6090 824 6104 -
836 6065 882 6122 28.
903 6067 1110 6142 Concupiscentia
1128 6087 1239 6133 remanet
1259 6090 1316 6148 post

528 6139 685 6214 baptismam
700 6154 766 6207 uelut
787 6154 894 6227 innpuor
910 6170 965 6229 post
978 6173 1095 6217 cassatum
1108 6167 1231 6221 assarium.
1245 6169 1315 6225 uon-

529 6241 677 6306 rtrpiscentia
697 6245 722 6299 in
741 6249 927 6316 proficientibus
942 6255 1080 6325 minuitur,
1095 6258 1121 6312 in
1135 6258 1314 6318 iracouts'uentl-

528 6325 568 6385 ins
581 6345 697 6404 capatus.
716 6337 742 6394 Si
766 6349 853 6397 autem
868 6348 1011 6417 spinositas,
1026 6351 1159 6421 quomodo
1180 6354 1228 6410 ists
1249 6372 1312 6413 con·

1240 914 1340 972 trouu
1361 911 1495 971 rutilus

1678 824 1688 833 .
1742 837 1802 872 434⁶·

2129 918 2182 974 iiii

1392 1025 1554 1096 cupiseemia
1580 1028 1667 1084 carnis
1695 1043 1800 1089 mancat
1825 1034 1851 1090 in
1876 1040 2042 1107 regenerato,
2078 1038 2104 1098 in
2131 1057 2185 1116 quo

1392 1121 1577 1176 universorum
1596 1121 1663 1179 iacta
1683 1134 1724 1180 est
1741 1126 1863 1183 rcnnsissio
1890 1140 2077 1200 peccaturum
2096 1150 2182 1204 psan-

1390 1210 1532 1282 doquidcm
1550 1230 1597 1285 pcr
1610 1216 1693 1286 ipsam
1708 1218 1865 1289 seminatur,
1880 1232 1980 1280 etcum
1995 1224 2051 1295 ipso
2066 1227 2185 1283 causalis

1389 1302 1508 1373 gignitur
1529 1308 1619 1377 proles
1643 1312 1759 1379 parentis
1779 1312 1859 1367 etiam
1882 1315 2025 1384 baptizati;
2049 1328 2182 1375 annaneane

1390 1394 1412 1447 si
1428 1393 1454 1447 in
1474 1406 1585 1465 parente
1606 1398 1738 1467 baptizato
1753 1411 1840 1471 potest
1858 1420 1918 1460 csse
1932 1418 1958 1461 et
1974 1420 2110 1477 peccantur
2127 1428 2179 1465 unu

1389 1497 1465 1550 esse,
1480 1502 1528 1541 cnr
1542 1489 1634 1543 eadem
1650 1492 1705 1561 ipsa
1720 1493 1746 1547 in
1762 1494 1835 1562 prnlc
1851 1510 1986 1565 peccatum
2001 1502 2035 1555 sit
2050 1519 2056 1554 :
2071 1504 2104 1555 ani
2126 1502 2183 1557 ins-c

1390 1577 1578 1644 respondetur,
1593 1579 1690 1638 dimitti
1713 1587 1954 1654 concupiscentiam
1974 1594 2062 1645 cannis
2082 1595 2107 1647 in
2132 1594 2182 1650 lla·

1390 1666 1499 1734 ptismo,
1524 1685 1577 1724 nou
1603 1681 1632 1725 ut
1654 1689 1705 1727 uon
1728 1676 1773 1741 sit,
1798 1677 1844 1732 scal
1867 1688 1896 1733 ut
1919 1681 1944 1734 iu
1968 1694 2104 1752 peccatum
2128 1702 2181 1740 uoss

1389 1755 1543 1828 imputetur.
1569 1763 1698 1831 stansris
1720 1778 1809 1823 autem
1835 1783 1910 1826 reatu
1933 1787 1982 1827 snus
2002 1774 2057 1845 jmn
2081 1780 2179 1841 saluto,

1388 1858 1478 1903 manet
1493 1860 1597 1920 tamen,
1613 1854 1699 1911 donscc
1713 1873 1822 1915 sarsemr
1835 1864 1922 1934 asrnnjs
1939 1866 2078 1921 iutiunstas
2091 1882 2182 1926 unstra

1388 1940 1546 2006 proliciente
1567 1946 1738 2003 consonatione
1760 1949 1892 2007 interioris
1907 1954 2022 2030 lnasminis
2041 1957 2075 2012 sic.
2091 1960 2134 2015 dne
2155 1963 2180 2016 in

1388 2027 1470 2095 diem,
1496 2047 1556 2086 eum
1581 2037 1699 2092 exterior
1724 2038 1838 2096 induerit
1862 2044 2097 2116 incorruptionum.
2124 2052 2181 2108 Nun

1386 2119 1458 2173 enim
1471 2122 1681 2180 substantialiter
1694 2139 1792 2194 ssnanet,
1809 2134 1877 2188 sicut
1892 2136 1998 2206 almund
2012 2152 2120 2209 cnnpns,
2135 2154 2182 2209 ant

1385 2210 1520 2278 spiritus:
1542 2215 1589 2270 sed
1612 2219 1773 2275 allectioest
1789 2227 1909 2291 npnnncntam
1932 2230 2008 2283 urata:
2032 2234 2180 2303 npnsnnlumis,

1384 2300 1454 2355 sicut
1469 2303 1589 2372 languor.
1611 2306 1668 2362 lion
1688 2324 1753 2381 ergo
1766 2313 1863 2384 alispsinl
1885 2329 2021 2385 aestuasset,
2037 2326 2107 2393 qnnnul
2122 2322 2177 2382 uon

1385 2396 1556 2462 renuuntur,
1580 2413 1640 2453 csnn
1666 2400 1704 2466 tit,
1729 2405 1798 2458 sicat
1820 2407 1947 2476 scriptum
1971 2422 2029 2474 est,
2054 2420 2179 2484 propitias

1383 2482 1510 2540 Dorsninus
1522 2491 1639 2544 nnnnibus
1657 2493 1830 2563 iniquitatibus
1848 2503 1940 2556 nostris
1952 2519 1963 2557 .·
1975 2504 2022 2559 sed
2035 2506 2119 2562 dssucc
2134 2513 2180 2568 liat

1382 2586 1410 2631 et
1430 2578 1501 2647 quod
1523 2583 1653 2651 seipsitur,
1679 2583 1729 2651 Qui
1750 2598 1824 2642 ansrut
1844 2606 1931 2646 orrsstea
1956 2593 2089 2666 innpuorcs
2110 2613 2177 2667 tunna,

1382 2668 1426 2737 qai
1438 2670 1537 2725 redimit
1549 2673 1581 2727 cte
1591 2678 1753 2744 corruptione
1766 2680 1841 2734 eitam
1854 2693 1924 2737 tuum
1937 2685 2022 2753 tl'sai.
2035 2705 2080 2754 cu,
2092 2693 2119 2753 ὅ,
2129 2691 2176 2763 i);

1383 2770 1475 2815 manet
1500 2762 1526 2816 in
1549 2779 1662 2831 cssrpore
1686 2770 1781 2823 nunnus
1805 2771 1882 2841 bajus
1906 2779 2021 2834 carinatis·
2048 2787 2177 2853 cumcupi-

1381 2852 1494 2906 scannia.
1517 2852 1601 2924 cujas
1622 2857 1723 2913 rintnsts
1744 2860 1885 2919 desideriis
1905 2867 1938 2923 ad
1962 2870 2054 2927 illicita
2079 2890 2176 2945 peram·

1382 2945 1475 2998 trancla
1490 2960 1543 3001 nou
1557 2949 1667 3006 obedire
1684 2955 1870 3024 psrcccipimur,
1883 2974 1919 3015 nc
1931 2973 2023 3032 regum
2037 2980 2176 3034 pceemum

1381 3032 1408 3087 iu
1422 3046 1515 3091 nostro
1529 3037 1633 3094 nnnsrtati
1647 3056 1771 3111 corpore.
1785 3046 1849 3113 Qnsae
1860 3058 1948 3106 tasssco
1960 3059 2176 3125 concupiscentia

1381 3127 1500 3197 quotidie
1518 3130 1646 3187 subsuitur
1664 3134 1691 3188 in
1707 3137 1907 3206 proficientibus
1927 3153 1953 3199 et
1966 3150 2174 3216 constinentibns,

1380 3216 1527 3273 accedente
1547 3220 1626 3275 ctiam
1643 3235 1780 3281 senectute
1798 3230 1882 3286 multo
1900 3235 2025 3293 maxinnne.
2045 3240 2095 3306 (ini
2111 3259 2175 3297 sero

1380 3304 1405 3360 εἰ
1423 3309 1546 3377 tteqniter
1565 3311 1702 3378 seruiunt,
1718 3324 1805 3372 tacitas
1824 3319 1849 3372 in
1871 3320 1909 3375 eis
1930 3325 1999 3381 sires
2017 3332 2131 3399 accipit,
2145 3346 2172 3388 ut

1379 3395 1536 3469 plerumque
1556 3399 1612 3472 iam
1636 3413 1714 3459 aetate
1737 3406 1923 3468 deficientibus
1946 3419 2090 3485 membris,
2117 3425 2170 3477 eis·
2212 3409 2214 3413 ¹

1378 3487 1493 3560 densque
1520 3493 1639 3561 partibus
1665 3500 1787 3568 corporis
1814 3501 1848 3558 ad
1877 3506 1943 3563 illud
1973 3526 2041 3582 opus
2070 3518 2172 3574 nnnsreri

1379 3578 1468 3635 missus
1479 3580 1639 3653 ualentibus,
1661 3590 1765 3659 turpius
1781 3601 1809 3647 et
1826 3597 1965 3662 procacius
1983 3601 2100 3660 irnsasnire
2117 3624 2171 3664 ssuu

1379 3667 1493 3727 desinat.

1414 3759 1528 3819 CAPUT
1546 3764 1641 3824 xxtt.
1656 3799 1692 3812 -
1704 3771 1749 3829 29.
1770 3773 1904 3844 Quomodo
1921 3785 2126 3855 conscsnpisrentia
2143 3793 2171 3848 ta

1378 3846 1513 3923 tapetum
1533 3867 1635 3913 suessent
1655 3871 1724 3927 aeta,
1745 3876 1876 3934 pretereat
1894 3885 1976 3928 reatu.
2000 3875 2028 3930 ln
2048 3879 2089 3934 cis
2106 3896 2171 3953 ergo

1378 3942 1423 4013 qui
1438 3959 1630 4016 recesseramus
1649 3950 1676 4006 iu
1690 3953 1796 4012 Ciuisto
1815 3973 1877 4015 cum
1898 3965 2083 4025 rcsnissioncm
2098 3975 2170 4030 acci·

1376 4034 1454 4104 piuut
1473 4052 1584 4107 prorsus
1605 4043 1723 4098 ounsium
1745 4059 1931 4118 peccatorum,
1948 4056 2038 4127 utique
2060 4076 2171 4122 necesse

1376 4133 1419 4179 est
1433 4134 1463 4181 ιιι
1475 4138 1566 4183 reatus
1580 4130 1661 4186 etiarn
1682 4131 1760 4204 lnujus
1779 4136 1840 4193 licet
1859 4141 1946 4198 adbuc
1959 4153 2091 4205 manentis
2105 4169 2171 4209 con·
2186 4173 2188 4176 ’

1375 4215 1547 4284 cupiscentire
1560 4220 1727 4288 remittatur,
1743 4234 1772 4278 ut
1795 4227 1822 4282 in
1845 4242 1981 4300 peccatam
1992 4276 2000 4300 ,
2013 4239 2082 4295 sicut
2102 4244 2168 4310 nissi,

1375 4320 1429 4359 nou
1445 4305 1599 4389 imputetur.
1623 4311 1690 4367 llam
1710 4315 1780 4371 sicot
1800 4333 1894 4376 eorum
1918 4337 2086 4394 peccatoram
2109 4351 2169 4403 spirae

1374 4412 1484 4453 manere
1497 4415 1549 4454 non
1563 4412 1684 4473 possum,
1698 4408 1824 4478 quostiam
1837 4426 1897 4466 cum
1913 4415 1978 4470 inum
1995 4430 2167 4491 praetereant,

1374 4499 1466 4545 reatus
1480 4501 1568 4548 tamen
1582 4506 1688 4563 snsauct,
1707 4510 1734 4554 ct
1749 4499 1799 4555 uisi
1815 4505 1980 4569 renuuntur,
1996 4509 2023 4564 in
2036 4523 2168 4571 aeternum

1373 4583 1493 4637 mauebit
1517 4600 1524 4637 ε
1550 4585 1590 4641 εἰε
1617 4587 1688 4643 iltius
1706 4590 1735 4655 ¹,
1755 4593 1862 4662 quaudo
1889 4598 2050 4667 rensnintinur,
2077 4616 2168 4661 raatnsa

1373 4673 1502 4729 auicrtur.
1518 4676 1574 4732 lloc
1584 4687 1627 4732 est
1641 4680 1728 4747 enim,
1744 4696 1798 4737 tran
1815 4684 1912 4740 tsaberc
1926 4700 2072 4757 peccatum.
2090 4710 2166 4753 reum
2217 4765 2221 4771 ¹

1374 4779 1428 4819 nou
1448 4780 1509 4821 esse
1530 4770 1642 4836 pcccati.
1666 4770 1776 4827 limosi
1800 4776 1950 4847 quisquam,
1974 4784 2046 4838 rerbi
2070 4786 2164 4855 gratia,

1372 4855 1467 4913 iecerit
1478 4859 1650 4925 adulterium,
1662 4865 1767 4921 etiamsi
1786 4883 1920 4937 nunquam
1936 4872 2062 4946 deinceps
2075 4881 2164 4950 lactat,

1372 4962 1436 5003 reus
1455 4957 1498 5004 εει
1518 4950 1657 5018 adulterii,
1676 4955 1763 5012 donee
1785 4969 1875 5015 reatus
1896 4963 1979 5032 ipsius
2002 4966 2164 5041 iuntutpemia

1372 5039 1533 5095 remittatur.
1545 5040 1633 5098 tlatnet
1643 5057 1708 5116 crgo
1719 5059 1869 5118 peccatum,
1882 5060 2003 5123 quannrts
2014 5055 2079 5113 illud
2093 5064 2164 5130 spannnd

1371 5127 1479 5189 admisit
1494 5129 1551 5200 jaan
1567 5147 1622 5187 nou
1635 5134 1690 5199 sit;
1705 5140 1768 5206 quia
1787 5154 1848 5195 curn
1865 5149 1986 5215 ternpore
1999 5163 2052 5219 ano
2064 5155 2164 5208 tactum

1371 5228 1413 5274 est
1427 5223 1564 5290 praeteriit
1576 5222 1643 5281 llam
1656 5212 1707 5310 sia
1722 5231 1858 5299 peccando
1871 5234 2010 5306 desistere,
2029 5241 2078 5298 boc
2091 5259 2164 5302 essct

1370 5327 1425 5369 aon
1446 5313 1546 5372 babere
1567 5307 1685 5388 peccata,
1705 5320 1842 5381 subiceret
1859 5334 1889 5381 ut
1907 5326 1958 5385 bae
1975 5345 2023 5386 noa
2041 5348 2075 5388 nu
2088 5347 2164 5393 neret

1369 5401 1525 5474 Scriptura,
1541 5404 1610 5473 rsa,
1629 5412 1761 5478 peccasti!
1780 5430 1830 5469 nou
1852 5418 1960 5487 anijicias
1980 5422 2070 5477 itesam
2103 5426 2161 5480 u'an

1369 5505 1458 5552 animm
1477 5497 1586 5567 suideit,
1605 5501 1653 5557 scd
1665 5503 1776 5572 addidit,
1789 5505 1823 5560 lit
1836 5508 1868 5563 cte
1882 5509 1995 5580 pristinis
2014 5515 2159 5585 deprecere,

1369 5599 1396 5642 aa
1410 5589 1456 5644 tibi
1473 5592 1632 5647 suuinasstnr
1646 5593 1740 5665 (Ecelt.
1756 5613 1817 5667 sss,
1833 5599 1870 5670 l).
1892 5602 1999 5661 llancnt
2017 5621 2093 5680 ergo,
2109 5613 2162 5670 nisi

1368 5681 1549 5737 remittantur.
1578 5684 1631 5739 Seni
1660 5689 1794 5756 quomodo
1827 5704 1949 5759 manent,
1974 5696 1997 5751 si
2028 5705 2160 5767 praetenta

1368 5781 1450 5836 saum
1474 5773 1525 5828 uisi
1548 5777 1607 5840 arsia
1633 5779 1817 5846 preterierunt
1839 5792 1911 5852 actu,
1935 5798 2044 5845 manent
2064 5799 2162 5850 rratnt

1368 5860 1413 5916 Sic
1433 5862 1522 5933 itanpse
1544 5866 1600 5920 ieri
1620 5880 1636 5922 ε
1656 5870 1791 5925 contrario
1813 5882 1918 5946 potest,
1943 5887 1971 5934 ut
1990 5881 2070 5939 etiam
2094 5886 2159 5944 ittml

1369 5963 1476 6009 usaueat
1494 5965 1567 6023 aetna,
1587 5968 1728 6028 praetereat
1747 5970 1833 6018 sautu

1403 6045 1516 6105 CAPUT
1544 6048 1648 6104 Xill'll.
1667 6082 1706 6095 -
1731 6051 1775 6109 50.
1796 6052 2010 6130 Concupiscentia
2033 6066 2162 6127 desideria

1369 6138 1447 6192 osuin.
1465 6136 1499 6194 b't
1513 6156 1563 6192 non
1581 6141 1631 6194 sim
1653 6142 1719 6198 reite
1737 6145 1864 6202 deiesuna.
1888 6151 1949 6222 agn
1967 6154 2038 6212 enim
2058 6159 2159 6230 aliquid

1368 6231 1580 6299 concuspiscentia
1604 6235 1710 6303 caruis,
1727 6246 1753 6292 et
1774 6240 1880 6310 quando
1901 6244 1925 6300 ei
1947 6260 1999 6302 uon
2015 6250 2159 6308 cibabatur

1402 6374 1409 6399 ¹
1428 6367 1539 6430 sutanum,
1551 6353 1755 6436 ruttctnpt'snctiffoe.
