5592 7350
590 886 644 945 ὣς
707 944 711 957 ,
996 885 1131 941 conant
1151 886 1319 943 tdtlatttltl
1339 885 1570 962 monstrabit,
1590 897 1620 955 S.
1641 897 1823 958 ancdstltt
2179 914 2230 973 83

589 1017 651 1065 auo,
665 1000 686 1055 sl
699 999 846 1055 ornandis
861 1013 912 1053 ono
931 996 1009 1053 iuuerit
1027 1000 1198 1055 cirenmeims
1211 998 1292 1072 (Gen.
1308 1014 1375 1055 arn.
1432 1018 1527 1061 omncs
1550 1023 1629 1066 nosse
1644 980 1819 1071 Clrristianoa.
1831 1003 1833 1008 ’
1844 1016 1897 1074 Crur
1914 1030 2004 1076 antem
2025 1022 2105 1091 dicis,
2131 1044 2142 1080 ι
2155 1031 2226 1099 quod

590 1092 634 1156 ll,
648 1091 710 1163 ts),
725 1091 843 1145 irruenire
855 1088 987 1158 sublesta
997 1088 1088 1160 jndice
1101 1104 1148 1145 eur
1160 1099 1252 1161 pereat
1265 1104 1317 1145 nnn
1332 1103 1379 1161 po-
1434 1098 1587 1153 certaminis
1609 1100 1750 1172 singularis
1762 1104 1860 1161 obiitus
1873 1108 1899 1163 ln
1914 1111 2022 1182 t·nlgom
2036 1113 2202 1186 refugerim
2215 1140 2226 1173 ‚

589 1184 675 1250 testis,
691 1190 817 1252 negantes
830 1181 960 1252 originale
971 1190 1121 1253 peceatum.
1432 1185 1498 1253 Quis
1512 1187 1560 1243 tibi
1581 1192 1703 1260 promisit
1722 1209 1811 1250 meum
1832 1198 1966 1270 singulare
1986 1206 2142 1261 certameol
2160 1207 2228 1277 ilbi,

621 1272 666 1329 ll.
680 1272 872 1343 ilelirrouamus
881 1272 963 1327 sileas
977 1272 1165 1339 oleastrorum,
1180 1280 1207 1329 et
1219 1282 1323 1327 montes
1335 1270 1378 1327 rel
1434 1279 1554 1347 qnando,
1569 1283 1720 1353 quomodo,
1736 1281 1834 1357 quibos
1846 1294 2030 1361 presentibus,
2044 1296 2143 1368 quibos
2154 1300 2227 1357 amt-

587 1364 727 1421 Airicanos
752 1364 795 1419 rel
824 1363 904 1420 itales
931 1364 1080 1431 olivarom3
1108 1377 1158 1419 nee
1184 1363 1379 1433 interrogemus
1434 1368 1502 1425 t'risl
1525 1372 1657 1441 tobiano,
1677 1395 1686 1431 r
1706 1379 1776 1435 sicut
1798 1381 1935 1453 loqueris,
1961 1387 2083 1458 aplacmt
2101 1392 2227 1464 componi

586 1456 725 1528 agricolas,
748 1455 794 1527 qni
808 1470 868 1511 eom
885 1455 930 1511 tibi
954 1455 1046 1521 aliod,
1068 1453 1134 1510 milii
1154 1454 1226 1510 aliod
1248 1453 1316 1509 iorte
1331 1453 1378 1509 ro·
1432 1458 1531 1516 loedere
1546 1463 1671 1533 bellonis(
1681 1464 1886 1539 Vir·gil.AEneid.
1900 1471 2183 1553 lii.l2,oeri.ldd),a
2200 1492 2227 1540 ut

584 1546 760 1616 aponderiot,
781 1556 890 1603 neutros
909 1560 1050 1617 possumus
1069 1545 1148 1601 celeri
1168 1544 1350 1615 exploratione
1367 1544 1377 1577 ¹
1433 1563 1535 1619 pugnas
1552 1553 1670 1609 omnium
1686 1561 1826 1616 coratentio
1840 1572 1931 1619 nostra
1945 1567 2129 1625 dirimeretlr
2150 1572 2227 1629 illusit

584 1638 763 1705 convincere,
776 1641 798 1694 si
813 1639 846 1694 ad
861 1640 911 1694 lroe
924 1638 1114 1710 experiendam
1129 1638 1275 1692 seminetur
1286 1635 1374 1701 arbor,
1432 1647 1461 1692 ot
1476 1639 1541 1695 milii
1554 1641 1624 1713 apud
1638 1645 1792 1704 catholicos
1805 1665 1946 1725 arrogem,
1960 1658 2031 1727 qood
2047 1668 2074 1716 te
2090 1662 2137 1716 tibi
2156 1664 2225 1731 apud

587 1729 655 1785 seris
671 1730 769 1787 laretrrra
785 1731 927 1799 repentibus
950 1730 1069 1785 umbram
1086 1728 1198 1803 (lingit.
1220 1726 1313 1798 Georg.
1330 1727 1375 1780 lii.
1431 1727 1588 1801 Pelagianos
1600 1749 1726 1808 arrogare
1742 1755 1795 1795 oon
1814 1744 1905 1812 prodet.
1920 1742 1994 1802 Unus
2013 1764 2072 1804 snm
2088 1753 2224 1818 emuttis,

585 1820 614 1885 Ξ,
630 1836 695 1876 ocra.
712 1822 777 1892 58).
795 1821 929 1877 liabemus
942 1822 1048 1888 oleam,
1063 1836 1115 1875 non
1139 1820 1306 1886 Africanam,
1322 1834 1375 1874 noa
1431 1818 1475 1889 qtti
1500 1822 1626 1891 profanas
1644 1829 1748 1884 'uestras
1771 1833 1901 1889 noa-itales
1922 1845 1952 1891 ut
1969 1846 2112 1907 possennus
2125 1841 2225 1898 ‘rt-luta·

585 1915 688 1982 italam,
701 1916 746 1970 sed
761 1916 916 1982 liebraeam3
932 1915 974 1970 cari
1000 1929 1049 1969 nos
1072 1914 1116 1983 qni
1139 1913 1235 1967 luimus
1249 1912 1374 1976 oleaster,
1430 1923 1501 1976 mus,
1515 1911 1584 1968 sicut
1597 1915 1738 1988 unicnique
1752 1929 1873 1977 nostrnrn
1884 1923 1957 1979 Deus
1967 1929 2082 1996 partitos
2094 1940 2137 1986 est
2150 1947 2224 1988 mco-

584 2006 679 2061 insitos
694 2021 752 2062 esse
765 2006 920 2076 gandemus.
936 2006 973 2060 lili
987 2006 1054 2060 olem
1066 2003 1127 2058 data
1141 2012 1181 2058 est
1194 2004 1372 2066 eiectameislo,

583 2114 643 2167 qum
652 2098 727 2152 nobis
738 2099 818 2151 solvit
828 2098 904 2151 islam
916 2097 974 2151 sitle
983 2095 1177 2167 disceptatione
1186 2097 1372 2165 qtraestinnom.

583 2188 673 2242 'irabit
686 2188 842 2258 praeputium
853 2187 950 2257 proles,
961 2186 1031 2257 quod
1040 2186 1094 2256 jam
1104 2200 1156 2239 non
1166 2185 1245 2240 babet
1259 2199 1372 2253 parens:

581 2279 676 2344 canuit,
685 2287 711 2331 et
720 2286 808 2332 tamen
820 2277 942 2342 tradidit;
957 2276 1056 2342 aorisit,
1068 2284 1094 2330 et
1106 2285 1193 2357 tamtan
1206 2274 1369 2329 transnalsit:

581 2376 608 2421 et
620 2368 670 2422 boo
683 2366 839 2437 preputium
853 2375 991 2436 peceatum
1003 2364 1145 2437 signillcat.
1160 2362 1232 2433 Ergo
1245 2372 1272 2418 et
1285 2364 1370 2433 ipsum

582 2467 670 2528 potest
682 2459 708 2513 io
723 2459 877 2529 parentibus
889 2456 1018 2525 interire,
1033 2465 1062 2514 et
1076 2467 1164 2513 tameo
1179 2457 1213 2511 ad
1228 2456 1297 2511 lilios
1310 2471 1371 2527 per-

581 2552 705 2607 transire.
717 2554 864 2607 attestetur
875 2552 954 2607 etiam
963 2550 1020 2622 ipse
1029 2549 1127 2617 inians,
1139 2558 1166 2605 ct
1179 2557 1270 2605 tacens
1278 2548 1349 2604 dieat
1363 2565 1370 2601 a

582 2644 701 2699 Peritnra
717 2651 758 2698 est
770 2641 857 2698 anima
873 2657 932 2698 mea
947 2641 980 2697 de
995 2641 1092 2712 populo
1106 2653 1176 2706 meo,
1193 2639 1215 2694 si
1229 2654 1281 2693 non
1296 2639 1372 2693 luero

581 2737 755 2792 circumcisus
769 2746 863 2791 oetam
877 2734 920 2791 die
934 2753 941 2789 ι
956 2734 1000 2806 qui
1013 2742 1116 2805 ergoet
1129 2732 1258 2805 originale
1271 2733 1371 2788 malum

581 2826 741 2892 diffitemini,
758 2837 787 2883 et
801 2826 902 2898 justum
917 2826 1000 2881 Deum
1015 2824 1146 2889 fatemini,
1162 2824 1226 2895 quld
1242 2824 1371 2894 peceare·

582 2920 632 2973 rim
646 2919 735 2973 dieite.
756 2918 822 2972 llnic
837 2916 930 2971 inlartti
949 2916 1026 2971 ta'eite
1045 2915 1168 2970 clamanti
1188 2913 1312 2985 quonlam
1332 2911 1372 2968 Ιο-

581 3010 700 3080 qnaeitas
722 3020 809 3064 rostra
831 3010 841 3040 ¹
862 3009 931 3062 orella
957 3007 1107 3062 rationabili
1129 3022 1195 3062 unce
1216 3008 1368 3076 respondet,

579 3116 661 3156 noces
687 3100 776 3170 partios
799 3107 902 3154 vestras
925 3097 1077 3166 apostolicis
1103 3097 1239 3151 nobiscum
1262 3094 1370 3149 uocibus

578 3191 690 3262 jarrtgite.
703 3190 766 3258 Qnae
779 3190 832 3244 sirit
845 3190 915 3243 enim
929 3188 1145 3257 exponentibus,
1159 3188 1199 3242 rel
1213 3195 1301 3242 utrum
1316 3186 1370 3242 sint

578 3284 657 3337 etium
678 3283 728 3337 alia
747 3279 867 3350 coartagia
893 3290 1081 3348 preconiorum,
1097 3279 1208 3335 liberum
1232 3279 1308 3336 nobis
1328 3286 1370 3335 est

579 3387 716 3441 qtratrere;
728 3372 783 3426 sire
796 3370 829 3425 sit
843 3369 930 3437 lae-ile,
942 3370 999 3425 sire
1009 3369 1127 3437 difficile,
1138 3370 1192 3424 siue
1205 3370 1369 3441 impossibile

578 3466 695 3534 reperire
711 3482 718 3519 :
735 3478 875 3533 perunum
894 3472 981 3518 tauma
1002 3461 1136 3517 bominem
1158 3462 1185 3515 in
1204 3460 1275 3516 laone
1289 3477 1368 3516 mnn-

577 3557 639 3613 dnm
655 3556 767 3610 intrasse
780 3565 915 3624 precantum
929 3594 936 3621 ,
952 3561 980 3608 et
993 3568 1039 3622 per
1050 3561 1188 3624 peceatum
1202 3562 1328 3621 mortem,
1340 3559 1369 3608 et

536 3668 539 3673 ’
577 3647 612 3701 ita
637 3647 662 3701 ln
682 3660 775 3701 ottones
798 3644 919 3701 immines
942 3646 1135 3714 pertransisse,
1151 3643 1177 3698 in
1200 3660 1252 3715 quo
1274 3659 1367 3702 ornnes

577 3745 752 3806 praecaverunt
767 3733 864 3806 (liora.
882 3750 908 3797 r,
926 3734 991 3806 ll);
1007 3735 1084 3791 aliter
1099 3733 1226 3791 nobislas
1240 3750 1365 3791 essenon

576 3827 762 3880 existimemus
781 3825 919 3893 accipere,
935 3825 984 3879 rtisi
1009 3833 1037 3880 ut
1057 3841 1151 3881 omnes
1173 3838 1292 3881 mortuos
1307 3843 1367 3884 esso

576 3916 717 3972 credamus
729 3917 753 3970 in
769 3914 846 3986 primi
862 3914 979 3971 bominis
993 3925 1112 3986 peceato,
1127 3931 1175 3986 pro
1188 3917 1284 3989 quilius
1295 3921 1367 3973 luror-

576 4020 637 4064 tnus
648 4019 690 4066 est
703 4007 834 4071 Cirr-istos,
849 4016 875 4061 et
889 4023 983 4063 ornnes
999 4006 1067 4062 morl
1083 4015 1191 4078 peceato
1207 4009 1366 4081 quicumque

575 4101 744 4172 baptizantur
758 4099 783 4154 in
798 4096 914 4153 Cltristo.

611 4188 723 4248 catum
732 4188 784 4245 titt
796 4187 844 4261 (a).
855 4188 940 4243 -22
949 4187 1002 4244 Sed
1011 4188 1037 4243 ln
1045 4188 1105 4245 aliis
1120 4191 1208 4247 uerbis
1220 4192 1299 4259 meis,
1306 4208 1366 4264 quoae

575 4281 647 4337 volnt
660 4278 801 4338 refellenda
812 4279 959 4351 interponis
972 4279 1143 4351 disputationi
1155 4282 1366 4351 tum,dieis,rms

574 4371 679 4444 uolgum
688 4371 733 4425 tibi
746 4371 991 4427 excitareeooatnm
1004 4385 1012 4436 ;
1025 4370 1170 4442 iunoniam
1183 4372 1236 4428 diui
1246 4371 1298 4446 (oe
1307 4371 1365 4429 Nn-

574 4465 634 4535 ptiir
646 4475 670 4519 et
682 4461 898 4535 Concupiscentia,
912 4463 956 4517 lii.
972 4462 999 4528 l,
1013 4479 1039 4516 n.
1052 4460 1108 4533 22),
1125 4481 1135 4515 a
1151 4463 1230 4520 iidem
1246 4482 1298 4529 noo
1313 4466 1364 4521 da·

573 4556 659 4610 lritare
673 4553 863 4620 ebristianam,
888 4568 969 4623 quam
990 4553 1052 4608 noni
1073 4555 1190 4610 lamretiei
1211 4572 1365 4628 oppugnare

573 4655 711 4716 eoeperont
723 4685 730 4712 ,
744 4653 772 4700 ot
785 4642 888 4714 eosqui
903 4639 1010 4698 lavaero
1030 4646 1239 4714 regenerationis
1252 4646 1365 4704 abluun-

574 4747 627 4803 tnr,
640 4736 735 4792 reditui
748 4735 782 4790 de
796 4733 892 4790 diaboii
907 4744 1051 4804 potestate,
1071 4742 1098 4790 et
1119 4751 1165 4790 eos
1180 4740 1225 4809 qni
1245 4740 1364 4796 nondum

574 4829 620 4884 tali
634 4829 836 4899 regeneratione
849 4827 978 4898 redempti
987 4838 1060 4893 snart,
1072 4830 1150 4883 etiarn
1162 4829 1286 4899 parrulos
1296 4832 1364 4888 illios

572 4919 786 4988 redemptorum,
813 4917 862 4973 sub
884 4918 1003 4989 ejusdem
1027 4920 1125 4975 diaboli
1148 4936 1208 4977 esso
1234 4932 1372 4993 potestate·

572 5009 702 5080 captiuos,
718 5008 768 5063 nisi
781 5020 809 5063 et
820 5008 870 5079 ipsi
883 5010 975 5065 eadem
985 5012 1069 5081 gratia
1080 5010 1253 5070 redimantur.
1264 5028 1274 5068 ι
1287 5008 1362 5086 Quod

573 5110 603 5153 nt
617 5085 763 5170 apostolico
787 5096 940 5155 testimonio
958 5102 1174 5171 comprobarem,
1201 5107 1255 5162 ead
1270 5124 1363 5165 omines

572 5201 685 5248 aetates»
702 5191 756 5247 dixi
774 5191 926 5262 «pertinere
947 5192 1021 5259 illud,
1042 5193 1075 5250 de
1087 5208 1140 5264 qrro
1153 5197 1295 5266 Apostolos
1322 5201 1362 5255 lo·

572 5284 671 5354 quitur,
699 5281 855 5337 beneficium
882 5283 927 5336 liei
940 5298 947 5338 a
960 5281 1011 5351 Qui
1031 5285 1096 5338 eruit
1121 5303 1166 5342 nor
1188 5287 1221 5343 de
1242 5301 1363 5358 potestate

572 5376 740 5441 tenebrarum,
754 5383 777 5430 et
790 5373 917 5428 transtulit
926 5373 952 5428 t'n
965 5390 1069 5445 regnunt
1079 5374 1358 5436 Filiielmritotismoer

572 5466 681 5536 (liubasa
695 5483 715 5525 ι.
726 5466 780 5537 ld).
795 5462 823 5520 Si
839 5463 1125 5521 lincsenteotiaeontra
1135 5483 1183 5523 ros
1197 5470 1290 5541 rolgns
1305 5488 1362 5526 mo·

571 5569 665 5628 retain
688 5575 775 5614 nortae
794 5556 857 5613 binc
878 5569 903 5613 te
923 5557 1011 5628 potins
1029 5568 1134 5629 operrtct
1148 5560 1300 5632 advertere,
1326 5563 1361 5618 ita

572 5668 634 5711 esse
646 5653 778 5722 uolgatam
791 5658 821 5704 et
834 5644 902 5720 apud
917 5663 1011 5703 narrares
1025 5649 1207 5705 coinfirmatam
1220 5653 1296 5708 istam
1315 5669 1360 5710 ca·

488 5765 502 5780 ··
573 5745 697 5799 tlrolieam
713 5742 811 5808 ludetur,
835 5750 862 5795 ut
878 5755 925 5794 nec
938 5741 1057 5794 notitiam
1074 5743 1157 5811 possit
1171 5741 1261 5814 ingere
1275 5760 1360 5814 popo·

573 5833 675 5891 larem?
693 5833 808 5891 Necesse
822 5831 920 5902 quiippe
934 5829 1037 5898 linerat,
1058 5833 1184 5903 qtridqnid
1200 5834 1224 5888 io
1245 5836 1361 5906 parvulis

570 5926 629 5980 auis
652 5923 767 5994 ageret⁸,
790 5923 858 5995 quod
881 5923 976 5979 attinet
995 5922 1027 5978 ad
1051 5923 1174 5995 mysteria
1198 5924 1359 5996 christiana,

607 6077 616 6109 ¹
701 6094 703 6100 ’
753 6075 772 6124 s‘
789 6089 834 6126 m.
1027 6076 1033 6083 ⁴

536 6083 1361 6201 ·ffiffifflmmmmmwmn

571 6198 687 6264 grmrdom
709 6198 839 6258 monocitas
856 6205 942 6248 oestro.
957 6204 993 6246 tr.
1013 6205 1081 6248 earet
1099 6200 1231 6260 gemmula,
1253 6209 1295 6263 et:
1316 6203 1361 6253 sed

570 6272 627 6309 carm
643 6267 697 6309 tor.
712 6261 795 6315 babet,
807 6257 950 6316 peremerit.
961 6259 1123 6310 :mendanmr
1138 6274 1170 6310 ex
1184 6266 1360 6328 mamscriptis.

602 6324 679 6372 taor.
695 6328 721 6371 et
740 6319 826 6380 plures
854 6321 920 6382 lisa,
933 6318 1053 6382 pttttlntdd
1074 6321 1180 6374 porto&
1190 6324 1240 6375 nm
1260 6334 1361 6391 agerem

1428 2011 1519 2053 suram
1541 2001 1602 2057 lidei
1624 2003 1712 2074 (liena
1733 2023 1786 2074 ιιι,
1801 2011 1841 2081 5).
1865 2014 2013 2085 Antequam
2035 2034 2125 2076 essem
2148 2028 2223 2079 natus

1428 2087 1618 2159 boiamundo,
1632 2105 1659 2150 et
1670 2106 1811 2170 antennam
1826 2116 1913 2158 essem
1927 2114 2036 2163 renatus
2051 2109 2123 2176 lieo,
2138 2108 2220 2169 mutia

1427 2167 1557 2236 eatltoliea
1566 2178 1666 2239 lomina
1680 2184 1783 2243 uestras
1796 2189 1898 2246 laturas
1907 2196 2030 2251 tenebras
2036 2199 2223 2271 redarguenda

1426 2283 1614 2340 prevenerunt
1630 2293 1638 2330 :
1652 2276 1687 2332 de
1708 2279 1805 2348 quibus
1829 2281 1885 2351 jaon
1909 2284 2013 2343 dnobus
2036 2292 2222 2361 superioribus

1428 2362 1503 2417 libris
1511 2364 1680 2435 meisquanta
1691 2368 1764 2437 potui
1774 2372 1989 2433 manifestatione
1997 2377 2123 2435 disserul.
2134 2381 2221 2439 liabet

1426 2463 1479 2520 quio
1492 2460 1518 2508 te
1530 2468 1637 2522 avoces,
1651 2458 1673 2511 ai
1687 2469 1712 2513 te
1724 2459 1852 2516 aduersus
1865 2464 2024 2521 catholicam
2038 2467 2120 2525 fldem
2133 2461 2220 2530 rabat

1427 2540 1543 2597 insanire
1555 2542 1680 2600 delectata

1460 2632 1505 2688 25.
1517 2634 1571 2690 Nee
1583 2638 1691 2694 nomine
1707 2639 1921 2701 tsellularioronr
1935 2648 2083 2719 ‹pilaeom
2097 2651 2219 2713 deridere

1425 2724 1545 2779 membra
1558 2726 1658 2784 Christi
1670 2745 1678 2785 a
1690 2742 1826 2789 monento
1838 2736 1898 2806 qnia
1916 2737 2020 2793 inllrora
2035 2743 2130 2798 mundi
2140 2745 2219 2817 cleg‘t

1425 2812 1506 2881 Dens,
1521 2822 1551 2870 ut
1564 2817 1709 2876 confundat
1721 2822 1798 2878 lortia
1810 2824 1831 2893 (Ι
1846 2824 1905 2880 Cor.
1920 2828 1952 2896 l,
1968 2828 2023 2897 st).
2034 2830 2106 2899 Quid
2119 2844 2162 2889 est
2172 2850 2217 2890 aa·

1425 2912 1499 2971 tem,
1515 2907 1606 2976 equod
1618 2910 1658 2965 eis
1675 2925 1736 2967 carm
1751 2914 1893 2971 ostendere
1904 2921 2031 2990 emperia,
2046 2923 2134 2977 inme
2146 2931 2217 2980 auor*

1424 2993 2216 3088 mmmmmmnmwmmw

1423 3087 1494 3139 enim
1507 3102 1560 3142 nnn
1576 3106 1655 3157 aeos,
1670 3111 1681 3145 ι
1696 3096 1767 3149 sicut
1779 3096 1960 3166 calunnriaris,
1977 3119 2217 3177 ‹asserentem-

1423 3177 1486 3231 linm
1496 3178 1606 3247 diaboli,
1618 3201 1627 3234 ι
1639 3199 1706 3253 quos
1717 3185 1976 3257 redeuptnsctrmi
1986 3197 2119 3265 sauguine
2128 3197 2217 3255 setam

1426 3287 1435 3320 ι
1447 3285 1497 3325 uec
1517 3272 1625 3328 diabolo
1638 3278 1771 3347 coniugia,
1784 3297 1795 3332 ι
1813 3280 1839 3335 in
1854 3294 1982 3352 quantam
1995 3289 2122 3358 eonjrtgia
2137 3301 2215 3359 sunta

1425 3380 1434 3413 ι
1449 3364 1500 3417 nlla
1515 3357 1666 3421 transcribo
1674 3385 1682 3431 ;
1698 3388 1707 3421 ι
1725 3385 1776 3426 neo
1790 3388 1870 3428 terrm
1881 3377 2035 3445 genitailuru
2050 3376 2216 3439 cornamentor

1421 3456 1567 3522 amineam,
1589 3473 1666 3514 onec
1681 3479 1692 3513 ι
1705 3464 1880 3519 monitorem
1896 3468 2013 3524 rirorrar
2035 3472 2087 3525 nisi
2110 3473 2145 3527 ad
2167 3474 2217 3530 iili·

1420 3546 1499 3612 eita,r
1514 3563 1565 3602 nec
1579 3566 1590 3600 r
1602 3547 1800 3608 fecundatarum
1815 3556 1984 3624 mmmmm.»
2002 3574 2052 3615 nee
2069 3579 2080 3613 ι
2093 3563 2216 3618 ουιιιΙίιιι-

1420 3647 1499 3692 remr
1513 3650 1606 3695 assero
1622 3643 1850 3712 ‹moratorum›
1874 3647 1937 3703 linc
1957 3663 2023 3720 ergo
2046 3665 2110 3722 goa
2132 3667 2149 3708 a
2173 3668 2217 3713 ato

1419 3729 1504 3785 atiena
1525 3744 1605 3800 sunt,
1627 3733 1653 3788 si
1672 3734 1759 3791 eisde
1773 3751 1817 3793 me
1830 3737 1963 3806 diaerls⁸,
1983 3745 2215 3801 nreetlorisaetsi

1419 3820 1558 3889 quisnamne
1571 3836 1664 3877 eornm
1686 3824 1734 3878 tibi
1746 3827 1860 3882 medeas
1879 3829 2002 3884 acerbior
2021 3832 2048 3886 ia
2070 3849 2116 3889 me
2136 3833 2216 3892 luerit

1419 3907 1514 3976 iactus,
1527 3909 1655 3982 deeeptus
1669 3918 1765 3984 poterit
1776 3931 1847 3985 esse,
1859 3934 1913 3974 noa
1923 3921 2042 3979 doctas&
2059 3924 2080 3979 ti
2090 3940 2156 3981 mro
2168 3928 2214 3999 qui

1419 4013 1445 4056 et
1470 4012 1613 4074 emurque
1634 4016 1775 4074 motura,
1795 4019 1823 4065 et
1837 4011 1917 4067 idem
1931 4013 2094 4071 catlnlicata
2107 4018 2213 4085 adnot,

1418 4093 1521 4150 discere
1532 4096 1581 4151 abs
1594 4105 1620 4152 tc
1632 4096 1731 4167 aliquid
1745 4100 1854 4167 aelurum
1869 4103 1917 4158 aad
1937 4109 2034 4160 ornem
2049 4107 2159 4177 mins,
2180 4117 2215 4166 ιι

1419 4185 1525 4240 anienis
1535 4187 1606 4256 qood
1621 4199 1764 4244 normano.
1778 4191 1853 4247 liniri
1866 4194 1964 4265 quiippe
1977 4205 2044 4250 suant
2058 4197 2086 4251 in
2099 4200 2156 4267 cis,
2169 4201 2212 4272 ῃΙ

1419 4289 1471 4328 non
1491 4276 1578 4331 aotam
1593 4288 1691 4347 proter
1704 4293 1766 4344 ma,
1789 4295 1882 4336 mrum
1894 4284 1975 4338 unm
1990 4286 2097 4355 priores
2108 4302 2154 4345 tac
2166 4291 2212 4345 ln

1418 4364 1587 4432 didicerant,
1609 4382 1670 4439 gare
1689 4380 1780 4426 restem
1795 4382 1883 4427 nonna
1896 4389 1972 4428 error
1983 4388 2132 4448 oppugnet.
2146 4379 2212 4435 Gan

1418 4469 1482 4525 ergo
1495 4469 1549 4511 noa
1559 4471 1608 4513 eos
1616 4458 1676 4530 ipse
1687 4459 1808 4530 moerim,
1821 4462 1868 4518 sed
1880 4464 2026 4521 invenerim
2040 4467 2123 4539 liujus
2134 4475 2211 4542 quau

1419 4547 1521 4616 negatis
1531 4551 1619 4605 meter
1631 4553 1772 4621 veritatis,
1785 4556 1920 4622 ammodo
1930 4556 1971 4612 eia
1982 4572 2034 4628 oga
2046 4572 2108 4615 atur
2120 4566 2212 4618 auotoe'

1418 4635 1496 4708 baina
1510 4652 1588 4710 mem
1602 4643 1699 4710 petatis
1710 4643 1833 4700 errorlai

1451 4727 1565 4786 CAPUT
1578 4730 1723 4791 lte-u
1743 4736 1886 4806 «Explica,
1899 4754 1910 4791 ι
1927 4739 2036 4810 ingrn's,
2055 4746 2212 4817 equom

1417 4829 1554 4887 proeotma
1570 4834 1691 4892 persona
1705 4825 1741 4880 illl
1752 4825 1826 4895 justa
1839 4828 1924 4898 possit
1937 4830 2055 4888 roseam
2067 4868 2076 4902 ,
2089 4850 2153 4906 gnae
2164 4851 2211 4894 aar

1417 4911 1501 4966 rolult
1526 4926 1647 4983 perure,
1671 4930 1721 4972 nec
1743 4917 1862 4987 potuita
1885 4920 1963 4977 Aliud
1984 4931 2028 4978 ert
2049 4926 2211 4997 perpetratio

1417 5003 1605 5072 proprium,
1626 5005 1697 5060 aliod
1719 5007 1868 5064 alienorum
1881 5014 2004 5083 contagio
2019 5026 2207 5084 peceatum,

1416 5104 1542 5164 guanmm
1555 5095 1662 5165 quidem
1675 5097 1708 5152 ad
1722 5113 1778 5154 sum
1788 5100 1989 5172 cariemqueritoe
1998 5106 2206 5173 pcrtinetaotio·

1417 5200 1489 5241 nem.
1504 5186 1571 5241 llam
1584 5188 1607 5242 si
1622 5201 1670 5243 ros
1683 5194 1842 5246 senitentiam
1857 5203 1958 5248 rectam
1973 5195 2001 5250 ia
2017 5209 2139 5254 restrnm
2153 5209 2205 5256 tar·

1416 5288 1473 5333 tuna
1488 5292 1594 5335 sensnm
1615 5290 1740 5352 mrgoere
1761 5284 1883 5354 noletis,
1906 5287 2038 5344 nummis
2049 5291 2208 5361 Apostoln

1416 5370 1467 5426 lroe
1488 5371 1604 5427 breuiter
1617 5373 1816 5442 explicantem,
1840 5377 1884 5446 qul
1906 5393 1987 5433 unum
2001 5380 2072 5436 diait
2086 5383 2205 5440 lolsrc‘n

1415 5476 1468 5531 gno
1491 5475 1584 5516 omnes
1607 5474 1793 5531 necaverunt.
1821 5465 1850 5521 lo
1872 5466 1919 5522 ilio
1943 5483 1998 5525 troo
2022 5473 2125 5528 montel
2148 5481 2204 5529 sut

1415 5564 1525 5618 omnes,
1544 5560 1573 5606 nt
1591 5562 1740 5610 enumeretur
1751 5555 1819 5611 alios
1837 5571 1907 5613 unm
1918 5571 1969 5629 pro
1979 5562 2118 5618 omnibns
2135 5562 2204 5621 oasa

1414 5641 1485 5695 enirn
1504 5656 1551 5711 pro
1573 5642 1687 5696 orrrniiua
1711 5653 1825 5700 motum
1846 5654 1981 5718 estange
2000 5665 2089 5708 mea
2115 5653 2203 5708 martel

1414 5747 1471 5789 aunt
1485 5737 1494 5804 (
1499 5734 1518 5790 ΙΙ
1528 5735 1586 5791 Cor.
1605 5753 1628 5802 u,
1647 5735 1701 5809 il),
1715 5755 1763 5808 pro
1774 5741 1870 5811 galbas
1881 5741 2004 5800 Christos
2019 5757 2143 5806 mortuus
2154 5756 2200 5805 eat

1414 5825 1483 5897 liega
1505 5826 1584 5896 igitur
1595 5826 1731 5882 Christum
1750 5831 1830 5884 etiam
1850 5846 1898 5902 paro
1918 5835 2037 5903 parrulls
2049 5849 2199 5902 mennam.

1412 5963 1516 6020 mne,
1533 5959 1572 6032 ,iat
1595 5961 1806 6032 messmam
1825 5976 1881 6014 eran
1899 5965 2009 6029 ραι-ιώ
2027 5968 2197 6036 adamat

1412 6022 1933 6165 wilst'adruiageud'mfflpffinnffloi,
1942 6100 2002 6152 oran
2013 6089 2119 6145 renum
2132 6087 2197 6144 clm

1413 6152 1945 6262 '‘iffi'ffif'd'eoenammtwta

1446 6267 1457 6298 ⁸
1474 6276 1523 6316 nra.
1536 6274 1574 6316 rr.
1584 6274 1610 6317 et
1626 6264 1718 6329 ιιιιιιοι
1729 6270 1951 6328 temnendum«.
1961 6278 2091 6339 tamtan
2101 6269 2196 6329 W·

1417 6337 1445 6380 at
1456 6327 1572 6380 meliores
1581 6334 1645 6389 tiss„
1657 6340 1703 6377 noar
1715 6328 1807 6380 emtas.
