5592 7350
669 910 722 967 337

671 1027 710 1078 eis
725 1017 823 1083 audiri,
837 1013 882 1086 qui
899 1012 989 1082 utique
1002 1009 1028 1065 iu
1044 1006 1163 1064 Ecclesia
1177 1003 1307 1060 catlmlica
1327 998 1463 1055 constituti

671 1119 733 1167 suut
748 1105 906 1181 presbyteri.
919 1102 1045 1159 Paulinus
1059 1099 1096 1170 (ιι)
1112 1097 1240 1153 diaeonus
1254 1093 1320 1148 dixit
1337 1090 1403 1147 :bic
1417 1102 1465 1142 uo·

673 1205 712 1257 bis
731 1199 840 1255 uorrrina
862 1196 989 1265 ipsorum.
1007 1189 1149 1246 Caelestius
1170 1186 1236 1240 dixit
1251 1202 1258 1235 ε
1272 1184 1386 1237 Sanctus
1401 1193 1464 1249 pre·

672 1292 764 1363 sbytcr
776 1287 887 1343 Rufinus
898 1283 934 1355 (b)
947 1284 1039 1337 Romae
1051 1280 1095 1350 qui
1110 1276 1208 1331 mansit
1219 1289 1279 1329 cum
1289 1282 1380 1327 saneto
1388 1270 1467 1326 Pam·

672 1379 778 1436 maelriu
804 1396 811 1432 ε
833 1391 883 1448 ego
906 1374 992 1430 audiri
1014 1372 1088 1427 illum
1111 1368 1264 1433 dicentem,
1287 1365 1347 1432 quia
1370 1360 1465 1417 tradux

673 1472 775 1542 peceati
791 1485 843 1524 non
858 1468 902 1523 sit.
917 1466 1042 1522 Paulinus
1056 1461 1184 1516 diaeonus
1197 1459 1265 1514 dixit
1280 1474 1286 1508 :
1310 1456 1356 1509 Est
1370 1454 1466 1523 aliquis

674 1563 763 1619 alius?
776 1560 917 1617 Coelestius
930 1556 999 1611 dixit
1014 1599 1018 1605 ,
1037 1552 1131 1608 audiri
1144 1559 1170 1606 et
1184 1550 1274 1619 plures
1286 1547 1386 1603 dicere.
1399 1543 1468 1598 Pau·

675 1655 746 1710 liuns
759 1653 886 1709 diaeonus
900 1649 967 1704 dixit
981 1666 987 1701 :
1004 1647 1051 1702 llic
1064 1645 1169 1700 nomina
1182 1644 1309 1714 ipsorum.
1325 1636 1467 1694 lecstius

676 1744 743 1802 dixit
758 1764 765 1801 ε
780 1745 837 1800 Noa
853 1742 898 1797 tibi
909 1739 1008 1796 sulsrrit
1023 1752 1091 1792 uirus
1104 1733 1248 1791 sacerdos?
1266 1752 1275 1785 r
1297 1730 1330 1786 Et
1344 1738 1403 1799 pust
1418 1728 1467 1781 ali·

679 1855 729 1910 qna
750 1837 803 1891 alio
826 1836 884 1889 loeo
903 1850 910 1887 ε
935 1830 1084 1886 «Aurelius
1097 1827 1236 1896 episcopus
1253 1823 1340 1877 dixit:
1358 1819 1467 1888 lleliqna

678 1932 759 1988 libelli
773 1932 903 1999 legantur.
921 1924 954 1981 lit
969 1923 1107 1978 recitatum
1129 1927 1181 1984 est,
1199 1915 1274 1985 Qirtnl
1290 1913 1404 1967 inlantes
1424 1908 1469 1979 qui

677 2029 840 2085 nascuntur,
863 2019 889 2071 in
910 2031 943 2071 co
964 2022 1034 2068 statu
1048 2012 1115 2073 sint,
1131 2009 1158 2062 in
1173 2022 1225 2078 qno
1241 2004 1289 2060 luit
1304 2002 1387 2057 aldam
1407 2009 1470 2055 aute

678 2110 915 2180 transgressionem
931 2122 937 2157 :
953 2117 1037 2174 usque
1056 2102 1082 2155 in
1101 2099 1180 2154 daem
1199 2095 1278 2151 libelli
1295 2093 1406 2149 minoris
1425 2105 1471 2146 su·

678 2205 768 2274 periur
782 2197 883 2254 inserti.

714 2290 826 2346 CAPUT
844 2287 939 2342 lV.-‹
951 2284 1073 2339 burellus
1084 2281 1224 2351 episcopus
1236 2276 1302 2331 dixit
1318 2292 1324 2329 :
1342 2273 1469 2340 lloenisti,

678 2379 796 2446 Coelcsti,
812 2376 961 2448 aliqnando,
977 2382 1006 2428 nt
1025 2372 1092 2427 dixit
1104 2371 1230 2426 diaeonus
1250 2367 1384 2431 Paulinus,
1400 2363 1470 2435 qnod

679 2473 792 2529 iulantcs
806 2470 850 2540 qui
869 2474 1028 2530 naseuntur,
1046 2464 1201 2518 incestata
1219 2460 1290 2526 sint,
1312 2459 1337 2511 in
1355 2471 1408 2526 quo
1423 2453 1472 2509 luit

678 2563 763 2619 Adam
781 2570 842 2617 ante
855 2549 1109 2629 transgressionem!
1129 2553 1269 2609 Coelcstius
1290 2550 1371 2605 dixit:
1382 2548 1471 2617 Expo-

679 2664 725 2710 nat
746 2653 807 2724 qnid
822 2651 901 2714 dixit,
924 2652 994 2704 Ante
1014 2646 1263 2717 transgressionem.
1277 2640 1401 2696 Paulinus
1415 2637 1472 2691 dia·

679 2760 762 2799 conus
775 2743 840 2798 dixit
857 2758 863 2795 :
879 2740 919 2795 Tu
933 2754 999 2809 nega
1018 2737 1069 2792 lruc
1089 2743 1117 2791 te
1139 2734 1272 2789 docuisse.
1292 2730 1378 2788 llrrrnn
1395 2737 1436 2785 est
1455 2743 1471 2785 e

678 2836 791 2898 duobus,
808 2843 851 2888 aut
867 2840 944 2903 neget
956 2845 986 2886 se
998 2829 1130 2892 docuisse,
1142 2836 1187 2881 aut
1198 2827 1253 2896 iam
1265 2824 1373 2879 damnet
1388 2820 1470 2876 istud.

679 2925 818 2983 celestius
831 2923 898 2978 dixit
911 2939 918 2976 ι
933 2920 991 2977 lam
1005 2920 1070 2986 dixi,
1093 2927 1208 2989 exportat
1228 2914 1361 2985 quomodo
1381 2912 1470 2990 dixit,

680 3019 748 3074 Ante
761 3016 1010 3085 transgressionem.
1024 3010 1152 3066 Paulinus
1166 3009 1292 3064 diaeonus
1302 3006 1387 3061 dixit:
1400 3003 1471 3076 Nega

678 3119 707 3164 tc
728 3108 771 3161 illa
791 3105 923 3160 docuisse.
946 3102 1069 3157 aurelius
1092 3101 1233 3169 episeopus
1257 3096 1323 3152 dixit
1346 3114 1353 3148 ε
1377 3096 1470 3166 llogo,

679 3197 741 3268 quid
767 3196 919 3264 collegerim
942 3208 991 3264 ego
1016 3209 1048 3246 ex
1072 3190 1150 3260 buJus
1173 3190 1180 3221 ¹
1200 3188 1372 3256 objectione,
1392 3179 1470 3252 dieo,

679 3288 764 3344 Adam
778 3289 937 3343 comtitutus
951 3284 977 3339 in
991 3284 1132 3355 paradiso,
1148 3280 1220 3353 quod
1236 3290 1297 3335 ante
1312 3280 1413 3334 dicatur
1429 3279 1471 3332 in·

679 3379 887 3437 exterminabilis
911 3376 1016 3444 lactus,
1044 3384 1134 3447 postca
1160 3388 1209 3445 per
1235 3373 1471 3443 transgressionem

679 3472 804 3543 precepti
831 3470 915 3525 laetus
939 3470 973 3524 sit
996 3467 1184 3537 corruptibilis.
1210 3467 1266 3521 lloe
1289 3465 1363 3530 dicis,
1389 3464 1474 3518 irater

680 3561 807 3617 Paulinel
820 3561 945 3615 Paulinus
958 3559 1085 3612 diaeonus
1098 3557 1163 3611 dixit
1180 3575 1186 3610 :
1202 3557 1267 3622 lluc,
1283 3555 1400 3610 domine.
1416 3556 1472 3609 Au-

679 3652 761 3707 relius
781 3650 922 3722 episcopus
943 3648 1009 3703 dixit
1028 3666 1034 3703 :
1053 3648 1144 3702 Status
1163 3657 1235 3702 certe
1251 3646 1378 3701 inlautum
1393 3644 1472 3701 bodie

679 3742 907 3813 baptizandorum,
922 3751 1009 3794 utrum
1024 3740 1083 3794 tntis
1097 3739 1142 3804 sit,
1156 3739 1242 3807 qualis
1255 3739 1302 3792 luit
1313 3749 1374 3793 ante
1387 3747 1472 3792 trans·

679 3835 843 3907 gressioncm
854 3833 933 3898 dele,
949 3847 982 3885 an
997 3840 1069 3885 certe
1084 3829 1221 3885 decadem
1233 3831 1336 3900 origine
1351 3830 1468 3901 peccati,

679 3927 713 3982 de
726 3942 776 3997 qna
789 3925 915 3989 nascitur,
932 3922 1150 3992 transgressionis
1170 3922 1274 3990 eulpam
1295 3922 1400 3987 traltat;
1421 3921 1472 3976 boc

680 4019 733 4071 rudi
762 4017 889 4070 diaconus
910 4014 1036 4069 Paulinus
1069 4011 1170 4067 audire.
1196 4010 1321 4067 Paulinus
1343 4011 1471 4067 diaeonus

679 4107 766 4162 dixit:
783 4104 877 4160 Utrum
896 4104 986 4159 docuit
1005 4104 1070 4170 boc,
1094 4117 1128 4157 an
1143 4117 1196 4157 non
1211 4103 1310 4173 negetl
1330 4103 1471 4158 Caelestius

678 4198 746 4254 dixit
761 4195 839 4252 :lam
852 4195 885 4250 de
899 4195 1006 4251 traduce
1020 4195 1121 4265 peceati
1133 4193 1200 4257 dixi,
1215 4194 1275 4263 qnia
1290 4194 1357 4247 intra
1371 4193 1470 4248 Catlro·

679 4287 757 4343 licam
771 4287 929 4342 constitutos
941 4286 1032 4356 plnres
1049 4284 1138 4339 audiri
1159 4284 1313 4350 destruere,
1329 4299 1433 4339 necnon
1445 4293 1472 4340 et

678 4377 745 4432 alios
764 4385 884 4430 astruere
899 4392 906 4428 :
922 4375 983 4430 lieet
995 4374 1149 4444 questionis
1167 4388 1211 4430 res
1226 4374 1260 4430 sit
1273 4375 1334 4441 istu,
1350 4388 1403 4429 nou
1415 4374 1473 4431 ba-

678 4468 755 4524 resis.
769 4466 885 4521 infantes
897 4480 1003 4534 semper
1012 4465 1065 4518 dixi
1080 4478 1162 4534 egere
1175 4464 1320 4534 baptismo,
1331 4479 1363 4519 ae
1372 4464 1472 4521 debere

679 4557 807 4629 baptizari
823 4575 830 4610 :
845 4555 906 4626 quid
921 4554 1016 4625 quan-it
1027 4552 1118 4609 alindl
1132 4573 1141 4607 r

714 4651 741 4705 i.
757 4648 858 4717 Nempe
873 4646 984 4701 cernitis
1001 4645 1040 4700 sic
1053 4643 1207 4699 Coelcstium
1228 4645 1393 4700 concessisse
1411 4653 1472 4716 par-

678 4740 747 4795 rutis
761 4739 935 4808 baptismum,
956 4744 985 4791 ut
1008 4735 1035 4791 in
1058 4751 1105 4790 cos
1126 4736 1238 4791 transire
1258 4737 1335 4806 primi
1354 4735 1471 4792 bonrinis

679 4839 828 4903 peceatum,
844 4827 914 4900 quud
932 4828 1038 4882 lamere
1057 4828 1268 4898 regenerationis
1282 4829 1409 4897 abluitur,
1423 4844 1472 4886 uo·

709 4984 720 5018 ¹
732 4984 768 5033 sle
777 4990 832 5033 tiss.
845 4987 873 5032 ιιι
885 4981 953 5041 editi,
967 4980 1113 5043 luqusrrtodt'.

710 5045 747 5107 (ul
763 5043 876 5094 Paulinus
888 5041 1011 5099 ille‚teste
1019 5049 1151 5092 ttereatore
1163 5044 1187 5092 ia
1198 5046 1383 5096 commonitorio
1394 5061 1470 5111 super

678 5106 777 5156 ιιοιιιίιιι
791 5103 904 5160 exolescit,
916 5103 1032 5152 diaeonus
1043 5106 1157 5153 amirmsii
1170 5104 1352 5157 itediolanensls
1364 5110 1470 5172 episcopi

677 5168 731 5224 ent,
745 5161 930 5220 erudelitas,
951 5164 967 5211 b
983 5171 1063 5212 rtante
1078 5166 1224 5227 tergestino,
1246 5169 1364 5230 scriptor,
1387 5173 1470 5233 quise

678 5235 801 5279 tersatum
813 5237 869 5275 esse
880 5225 904 5273 in
916 5222 1108 5296 tiricatestatur,
1122 5234 1148 5275 ιι
1160 5227 1232 5276 litam
1243 5230 1368 5291 scripsisse
1378 5238 1471 5283 teauue

679 5292 795 5353 praelecto
811 5286 940 5349 praetorio,
957 5285 981 5334 rd
992 5293 1039 5342 est,
1051 5299 1113 5335 auno
1124 5285 1179 5344 llil,
1190 5296 1232 5337 aut
1242 5289 1297 5348 415,
1309 5300 1350 5340 ant
1361 5292 1415 5341 iai.
1428 5302 1470 5342 tu·

676 5350 766 5399 dicium
778 5359 850 5409 porro
861 5346 894 5395 de
909 5359 958 5409 quo
976 5349 1225 5411 agitur,card1agiue
1241 5351 1348 5400 habitum
1361 5356 1405 5404 tuit
1424 5356 1471 5404 sub

579 5431 586 5441 ’
677 5412 773 5461 britium
783 5410 839 5458 anni
850 5406 911 5469 lla,
928 5421 959 5457 ex
969 5407 1071 5470 epistola
1081 5410 1111 5458 ad
1121 5414 1302 5472 innocentium,
1315 5414 1379 5464 iuter
1391 5423 1471 5479 nugu-

677 5474 794 5580 stipiauas
804 5469 864 5580 lig,
877 5483 919 5519 uu.
932 5468 943 5519 l
957 5476 983 5520 ct
993 5469 1017 5518 d.
1029 5471 1114 5521 coul'er
1125 5484 1216 5536 supra,
1239 5475 1328 5524 librum
1348 5476 1380 5526 de
1391 5480 1470 5528 Gestis

676 5540 709 5583 Pe
750 5545 775 5589 ιι,
788 5544 812 5580 u.
858 5567 864 5580 .
935 5570 938 5575 s

709 5593 734 5666 (b
762 5599 877 5643 iterrator
896 5593 921 5642 iu
931 5595 1113 5645 comnruuitorio
1129 5596 1245 5646 aduersus
1255 5597 1368 5647 baeresim
1379 5599 1470 5664 Pelagii

676 5657 776 5713 scribit,
800 5653 907 5704 itudnum
925 5655 1053 5718 quenulam
1073 5658 1170 5707 natione
1190 5666 1271 5721 aprum
1289 5661 1335 5708 sub
1353 5664 1469 5713 anastasii

676 5716 814 5777 poutitleatu
826 5723 919 5765 itomam
938 5718 1042 5778 primum
1062 5717 1186 5768 inuexisse
1223 5723 1366 5772 uaestloncm
1386 5731 1469 5775 eontra

676 5777 801 5827 traducem
809 5779 910 5839 pcccati.
921 5784 942 5827 ts
951 5786 997 5839 cst,
1006 5779 1060 5828 aliis
1066 5780 1166 5842 quidem
1177 5787 1207 5828 tut
1242 5796 1271 5831 us
1281 5783 1468 5847 aquilegiensis,

676 5839 718 5901 qui
741 5837 853 5898 t‘clario,
877 5841 956 5902 quoad
980 5842 1319 5906 erroremdeuncmurte‘st'o,
1343 5847 1469 5906 praeivisse

677 5907 773 5948 notatur
789 5877 820 5949 alr
838 5901 982 5964 itierouymo
1004 5902 1028 5949 in
1046 5902 1148 5964 epistola
1159 5905 1189 5952 ad
1205 5906 1402 5967 ctesiphontem:
1416 5907 1470 5959 aliis

677 5967 736 6009 tero
747 5960 842 6010 auduus
852 5961 929 6020 alter,
942 5975 975 6012 ex
993 5961 1025 6011 (lb
1035 5965 1172 6025 uteremini
1185 5966 1284 6028 epistola
1298 5976 1386 6027 notus,
1403 5970 1469 6020 idem

676 6018 719 6069 ille
730 6020 792 6072 lorte
804 6024 845 6086 qui
859 6024 950 6094 pcccati
962 6023 1085 6075 traducem
1100 6027 1179 6089 rejicit
1197 6029 1220 6077 in
1233 6041 1263 6077 eo
1277 6027 1341 6080 libro
1352 6031 1383 6079 de
1395 6031 1467 6093 fide,

676 6093 752 6153 quem
762 6088 862 6133 lacobus
874 6087 1012 6134 strrnomlus
1031 6089 1129 6136 nominc
1141 6088 1214 6138 uullni
1227 6089 1358 6142 palestine
1370 6093 1468 6155 puerin-

675 6154 721 6214 erae
738 6144 873 6206 presbyteri
882 6147 1027 6255 publicauit.
1040 6154 1111 6199 certe
1130 6147 1309 6213 aquilegiensis
1316 6155 1357 6202 rix
1368 6189 1375 6212 ,
1387 6167 1416 6204 ac
1437 6167 1468 6204 oc

676 6212 717 6252 nx
730 6204 832 6278 quidem
839 6219 882 6278 ere
900 6209 906 6256 i
923 6211 1014 6270 possit,
1025 6218 1067 6260 aut
1079 6217 1172 6262 nomam
1188 6213 1260 6266 luisse
1277 6214 1390 6267 uoatibee
1407 6223 1468 6266 tna-

675 6271 814 6328 ttasrqaut
827 6269 926 6320 dueum
935 6272 1214 6327 camnacuiomaosisse
1281 6273 1286 6281 '

1286 887 1305 944 ι.
1334 880 1519 942 auuusrtxt
1541 865 1692 935 eriscurl

2260 867 2307 928 dli

1515 994 1594 1050 luerit
1606 990 1747 1056 confiteri,
1767 986 1888 1060 qnarnxis
1902 998 1929 1043 ιι
1943 1002 2042 1060 negare
2053 1002 2106 1042 uon
2120 1002 2202 1044 ausus
2216 990 2253 1043 sit
2266 1007 2273 1043 :
2286 1000 2310 1045 ιι

1516 1093 1625 1155 propter
1639 1082 1708 1137 bane
1720 1079 1911 1136 dubitationem
1923 1094 1998 1134 suam
2013 1095 2066 1135 nou
2078 1079 2249 1138 damuaverit
2267 1096 2310 1138 eut

1515 1175 1560 1245 qui
1575 1173 1675 1237 dieunt,
1695 1191 1704 1224 ι
1722 1170 1798 1238 Quod
1815 1180 1951 1241 peceatum
1973 1170 2038 1226 lide
2058 1171 2145 1243 ipsum
2159 1172 2248 1230 solum
2269 1173 2312 1231 le·

1517 1265 1599 1330 serit,
1619 1274 1646 1319 ιι
1664 1278 1716 1318 non
1737 1278 1822 1334 genus
1836 1261 1995 1327 bunranum;
2008 1270 2035 1318 et
2049 1262 2121 1334 quod
2141 1263 2258 1324 inlautct
2269 1269 2312 1338 qul

1517 1364 1672 1417 nascuntur,
1697 1354 1723 1407 in
1748 1367 1780 1407 eo
1801 1359 1872 1407 statu
1891 1352 1962 1420 siut,
1978 1352 2003 1408 iu
2019 1353 2171 1425 quoddam
2190 1354 2314 1412 luitaut'o

1518 1448 1772 1516 prevaricationem.
1793 1461 1802 1498 r

1554 1558 1666 1616 CAPUT
1685 1558 1718 1613 v.
1735 1588 1771 1599 -
1793 1558 1821 1613 5.
1851 1557 1880 1614 lu
1906 1558 1998 1614 libello
2021 1569 2111 1615 autem
2126 1570 2208 1630 quem
2220 1560 2313 1618 Roma

1519 1649 1612 1718 edidit,
1628 1650 1673 1719 qui
1684 1650 1767 1720 gestis
1781 1649 1817 1704 ibi
1831 1650 2017 1706 ecclesiasticis
2029 1651 2159 1721 allegatus
2168 1660 2221 1720 est,
2233 1653 2313 1710 itade

1520 1739 1571 1795 lrac
1584 1756 1614 1794 re
1630 1739 1757 1809 loquitur,
1771 1749 1800 1794 ut
1815 1738 1866 1795 boc
1878 1754 1907 1795 se
1919 1740 2030 1796 eredere
2041 1742 2175 1809 ostendat,
2189 1744 2259 1800 uude
2269 1744 2314 1800 laic

1520 1831 1641 1888 dubitare
1654 1847 1684 1888 se
1698 1832 1810 1887 dixerat.
1823 1832 1890 1886 Nam
1904 1832 1985 1887 rerba
2004 1834 2063 1900 eius
2078 1837 2127 1888 ista
2143 1844 2228 1891 suut:
2244 1853 2255 1886 ι
2273 1834 2330 1918 1ιι·“Ι

1521 1925 1606 1979 lantes
1617 1932 1718 1986 autem,
1734 1942 1744 1977 r
1759 1923 1855 1993 iuquit,
1872 1941 1881 1975 ι
1898 1923 1996 1978 debere
2016 1922 2145 1992 baptizari
2166 1925 2194 1980 in
2217 1925 2316 1981 remis·

1520 2014 1624 2070 sionem
1647 2022 1828 2084 peccatorum,
1852 2013 2000 2068 seeundum
2021 2014 2139 2083 regulam
2158 2015 2317 2071 universalia

1521 2104 1659 2171 Ecclesiae,
1672 2112 1701 2159 et
1712 2104 1859 2159 seeundum
1871 2103 2008 2174 Evangelii
2023 2106 2193 2172 santernum,
2206 2108 2318 2163 eorrlite-

1522 2212 1582 2250 mur
1594 2214 1602 2251 ε
1616 2198 1679 2268 qnia
1691 2196 1819 2251 Dominus
1831 2195 1924 2264 statuit
1939 2211 2048 2266 riguum
2066 2196 2196 2252 culorum
2210 2199 2317 2255 nourrisl

1522 2286 1663 2356 baptizatis
1674 2301 1752 2356 posse
1767 2285 1881 2341 conferri
1895 2283 2037 2358 (locusta,
2053 2287 2081 2357 5)
2092 2304 2100 2356 z,
2113 2287 2185 2357 quod
2203 2287 2265 2358 quia
2280 2289 2317 2341 ri·

1522 2386 1687 2432 reseraturus
1709 2391 1761 2431 ιιοιι
1786 2376 1895 2441 babent,
1918 2377 2031 2432 conlerri
2050 2377 2059 2409 ¹
2077 2391 2187 2434 neeesse
2206 2387 2245 2434 est
2270 2392 2318 2448 per

1521 2469 1614 2539 gratim
1630 2468 1781 2525 libertatem
1794 2470 1815 2519 ¹.
1834 2486 1843 2520 r
1856 2468 1884 2523 Si
1898 2468 1961 2522 nillil
1977 2467 2010 2523 de
2023 2467 2073 2523 bac
2090 2483 2120 2525 re
2138 2469 2266 2541 deinceps
2275 2470 2317 2525 di·

1522 2565 1616 2625 cerel,
1637 2557 1697 2628 quis
1709 2573 1761 2612 non
1776 2572 1839 2613 eum
1853 2557 1975 2613 erederet
1987 2558 2121 2627 confiteri,
2135 2560 2216 2614 etiam
2230 2558 2317 2615 inlau-

1524 2633 1594 2705 tibu'⁸s
1611 2650 1638 2704 iu
1658 2649 1794 2720 baptismo
1808 2649 1946 2721 originalia
1960 2657 2067 2719 peccato
2080 2649 2190 2718 dimitti,
2203 2651 2317 2706 dicendo

1522 2754 1569 2796 eos
1583 2742 1609 2795 in
1633 2741 1816 2797 renriesionem
1838 2750 2008 2810 peecatorum
2031 2742 2159 2810 baptizari
2174 2743 2317 2812 oportere?

1523 2832 1591 2889 lline
1602 2847 1665 2903 crgo
1678 2841 1718 2888 est
1731 2842 1758 2888 et
1776 2831 1841 2887 iilud
1858 2831 1927 2902 quod
1944 2831 2097 2901 scripsistis,
2118 2833 2159 2892 sie
2179 2832 2257 2889 robis
2276 2850 2317 2892 re

1523 2922 1664 2994 spondiese
1686 2923 1832 2994 Pelagium,
1851 2940 1861 2975 ι
1877 2922 1948 2992 quod
1961 2924 2063 2978 eisdem
2082 2923 2179 2991 «quibis
2192 2934 2221 2980 et
2235 2924 2318 2997 majo·

1524 3029 1567 3070 ies
1583 3012 1747 3069 &iuramenti
1759 3012 1848 3068 serbis
1860 3012 2026 3083 baptizantur
2039 3013 2173 3081 inlrrutes;
2191 3033 2203 3067 ι
2218 3029 2318 3086 rosque

1523 3106 1605 3160 luisse
1619 3106 1731 3170 laeuos,
1747 3105 1773 3160 id
1794 3105 1863 3175 quod
1882 3105 2029 3175 cupiebatis
2049 3106 2166 3171 audisse,
2188 3116 2215 3161 ct
2229 3118 2316 3164 tauma

1523 3197 1610 3253 adbuc
1622 3198 1656 3252 dc
1671 3197 1758 3251 verbis
1773 3198 1831 3267 ejtrs
1845 3212 1894 3251 rios
1907 3199 2031 3253 maluisse
2040 3200 2191 3255 consulere.

1557 3307 1673 3363 CAPUT
1693 3307 1738 3362 t'i:
1759 3337 1793 3348 -
1807 3308 1834 3362 b.
1850 3306 1986 3363 Attendite
2000 3309 2087 3379 itaque
2099 3309 2163 3379 qnid
2175 3308 2317 3365 celestius

1523 3400 1691 3470 apertissime
1708 3398 1816 3466 dixerit,
1838 3407 1866 3454 et
1881 3399 1915 3453 ibi
1930 3399 2053 3455 ridebitis
2071 3400 2135 3471 quid
2150 3401 2226 3455 robis
2242 3401 2317 3456 Pela·

1522 3489 1582 3559 gius
1595 3469 1776 3545 o'eeultarerit.
1792 3490 1933 3545 Coelestius
1946 3491 2043 3561 quippe
2055 3491 2185 3562 adjungit,
2198 3501 2226 3548 et
2235 3483 2317 3548 dicit‘:

1526 3599 1536 3635 ι
1552 3580 1581 3637 Ιιι
1594 3582 1779 3637 rerrrissiuuem
1795 3591 1881 3637 autem
1903 3593 2071 3652 peccatoria!
2087 3584 2263 3654 baptizandos
2279 3587 2322 3641 iu*

1524 3674 1626 3736 lantes,
1642 3687 1694 3727 rron
1711 3673 1810 3727 ideireo
1823 3673 1948 3740 diximus,
1964 3684 1994 3727 ιιι
2011 3683 2148 3744 peccatum
2162 3692 2195 3731 ex
2209 3676 2321 3732 traduce

1524 3762 1630 3818 llrmare
1641 3763 1778 3817 uideamur
1793 3763 1881 3833 :quod
1895 3763 1972 3834 longe
1985 3781 2000 3818 a
2013 3764 2145 3821 catholico
2155 3780 2237 3821 seusu
2251 3767 2321 3824 alie·

1523 3870 1586 3910 uurn
1607 3865 1657 3910 est.
1673 3855 1739 3923 Quia
1754 3865 1892 3924 peecatum
1914 3870 1967 3910 non
1980 3871 2040 3911 cum
2056 3857 2164 3912 bomine
2176 3859 2320 3926 nascitur,

1524 3946 1594 4016 qnod
1607 3945 1775 4015 postmodnm
1790 3956 1930 4002 exercetur
1939 3947 1973 4000 ab
1983 3947 2091 4002 bomine
2107 3966 2113 4001 :
2128 3950 2188 4018 quia
2205 3966 2260 4003 nint
2272 3965 2322 4003 naa

1524 4047 1591 4092 tnrae
1618 4038 1760 4100 delictum.
1775 4038 1822 4092 scd
1838 4038 1983 4094 uoluntatis
2001 4054 2061 4095 esse
2087 4050 2262 4096 trionstratur.
2287 4042 2324 4097 Ει

1524 4128 1587 4183 illud
1599 4143 1661 4198 ergo
1674 4129 1795 4184 conliteri
1808 4144 1965 4200 congruum,
1980 4145 2014 4185 ne
2025 4131 2131 4186 diuersa
2145 4132 2321 4202 baptismatis

1522 4232 1621 4290 genera
1641 4220 1728 4277 lacere
1744 4221 1899 4286 videamur,
1916 4231 1942 4278 ct
1957 4223 2007 4278 boe
2021 4226 2181 4292 praemunire
2194 4240 2323 4280 necessa·

1524 4312 1593 4367 rium
1610 4323 1660 4378 est,
1678 4326 1712 4368 ne
1727 4327 1774 4383 per
1788 4316 1907 4386 mysterii
1929 4315 2110 4382 occasionem,
2130 4314 2164 4370 ad
2181 4314 2324 4374 creatoris

1524 4401 1646 4471 injunam
1661 4404 1758 4457 arulum
1771 4415 1911 4475 antequam
1925 4406 1973 4460 liat
1988 4406 2023 4462 ab
2043 4407 2167 4474 bomine,
2189 4409 2259 4464 tradi
2279 4409 2326 4464 di·

1524 4505 1599 4548 eatur
1613 4495 1712 4549 lrumini
1727 4511 1775 4566 per
1788 4505 1920 4552 naturam.
1940 4515 1950 4550 ι
1967 4497 2043 4554 Hunc
2057 4512 2167 4555 sensum
2179 4513 2259 4555 suum
2273 4516 2325 4557 ro·

1524 4588 1565 4641 bis
1585 4588 1690 4656 aperire
1710 4588 1833 4658 Pelagius
1852 4588 1895 4644 rol
1916 4590 2020 4655 deuexit,
2036 4591 2076 4645 rel
2092 4589 2216 4658 erubuit,
2238 4606 2323 4662 quem

1524 4676 1673 4748 discipulus
1693 4677 1751 4746 ejus
1775 4679 1861 4748 palam
1876 4679 1934 4734 sine
1948 4681 2027 4735 ullius
2039 4680 2212 4738 obscuritatis
2224 4684 2322 4739 amla-

1523 4767 1600 4837 gibus
1612 4769 1681 4836 apud
1695 4767 1792 4823 Sedent
1812 4770 1993 4838 apostoticam
2013 4773 2132 4842 proliteri
2145 4788 2196 4829 nee
2210 4774 2321 4842 timuit.

1524 4873 1574 4912 nec
1585 4858 1700 4912 erubuit.

1560 4949 1586 5003 7.
1602 4948 1653 5004 Sed
1662 4950 1773 5005 multum
1787 4951 1938 5008 misericors
1949 4963 2102 5029 qrenrorate
2110 4954 2319 5025 Sedisautistes,

1523 5038 1568 5094 ubi
1580 5055 1641 5094 eum
1657 5040 1722 5094 sidit
1743 5041 1806 5096 lcrri
1825 5051 1895 5096 tanta
1912 5045 2117 5114 praestunptione
2131 5047 2316 5117 precipitem,

1524 5138 1647 5201 tanquam
1662 5130 1805 5199 furentem,
1819 5132 1905 5188 donce
1919 5133 1940 5187 si
1956 5144 2044 5203 posset
2062 5135 2119 5190 lieri
2137 5138 2315 5208 resipisceret,

1524 5222 1617 5274 natiuit
1635 5236 1696 5276 oum
1720 5223 1820 5277 sensim
1844 5224 1901 5278 suis
1921 5224 2173 5296 interrogationibus
2194 5239 2222 5284 et
2247 5230 2317 5286 illius

1522 5313 1741 5382 responsionibus
1750 5314 1885 5385 colligare,
1896 5330 1974 5386 quarn
1990 5315 2109 5373 districta
2121 5319 2242 5376 feriendo
2255 5336 2316 5376 sea·

1525 5405 1618 5471 tentia,
1635 5405 1660 5458 iu
1676 5403 1741 5459 illud
1756 5405 1910 5475 abruptum,
1924 5407 2043 5476 quoiam
2058 5409 2229 5480 propendere
2243 5411 2318 5467 ride-

1522 5493 1610 5560 batur,
1628 5495 1775 5564 impellere.
1793 5496 1855 5551 ldco
1866 5507 1954 5552 autem
1969 5513 2021 5554 non
2036 5499 2102 5566 dixi,
2126 5504 2228 5570 Aperte
2245 5505 2319 5560 cecl-

1522 5584 1607 5651 derat,
1632 5585 1690 5652 sed,
1714 5587 1882 5656 propendere
1904 5589 2058 5655 ridebatur;
2075 5592 2277 5663 quiasuperius
2292 5595 2319 5651 iu

1522 5678 2319 5753 codemlibellosuodeinrjusmodiquestionibusloeuturur

1521 5777 1584 5823 ante
1600 5769 1777 5838 predixerat:
1798 5791 1807 5822 ι
1830 5769 1858 5826 Si
1880 5771 1949 5828 furto
1966 5784 1998 5828 ιιι
2014 5775 2167 5833 Ιιιιιιιὶιιιιιιιι
2184 5779 2318 5848 quispiam

1522 5857 2314 5939 ignorantiaeerrorubrcpsit,vestraseutentiaeorrigstnr.r

1557 5970 1669 6028 CAPUT
1688 5971 1828 6030 llll-8.
1843 5974 1983 6046 llaneejus
1996 5978 2216 6046 praelocutionem
2237 5996 2321 6037 scuc-

1521 6063 1612 6119 rabilis
1624 6078 1691 6134 papa
1705 6064 1830 6122 Zosimus
1844 6075 1946 6134 tenens,
1960 6069 2014 6139 egit
2027 6084 2087 6124 curn
2102 6070 2222 6139 boariae,
2236 6088 2318 6144 quem

1552 6219 1560 6249 ¹
1575 6224 1607 6268 ita
1617 6219 1802 6289 cggiranucnsis
1811 6228 1852 6270 its.
1863 6228 1891 6272 at
1902 6222 1971 6283 editi,
1984 6225 2103 6288 conferre.

1553 6280 1653 6341 ’rorte
1665 6281 1845 6343 eternitatem,
1858 6284 1907 6345 rel,
1920 6284 2063 6350 deplorent.
