5592 7350
1325 888 1517 947 enarrata.
2205 886 2237 939 :a
2274 855 2287 872 ⁸

611 1011 734 1086 generisi
746 1004 914 1067 collatione
926 1015 1055 1061 causam
1070 1013 1159 1057 suam
1173 995 1294 1057 adruitti
1312 1000 1470 1073 petebant,
1484 997 1561 1057 nihil
1575 996 1661 1059 aliud
1671 998 1846 1075 cupientes,
1859 998 1919 1058 nisi
1931 997 2237 1078 exiguitatemsuanr

615 1085 744 1145 nomine
759 1084 870 1145 saltem
884 1076 1065 1140 certaminis
1092 1075 1267 1148 consolari,
1283 1084 1313 1136 et
1338 1076 1410 1136 inde
1426 1076 1524 1136 videri
1538 1076 1657 1152 aliquid
1674 1076 1759 1154 aprrd
1772 1093 1826 1134 eos
1842 1077 1958 1152 quibus
1984 1078 2237 1155 contemptibiles

611 1167 713 1230 erant,
725 1162 810 1239 quod
825 1161 906 1219 inire
919 1175 990 1217 cunr
1004 1154 1173 1216 Catholicis
1189 1155 1372 1214 sinerentur
1384 1170 1520 1215 examen
1532 1152 1652 1232 (iufra,
1667 1163 1777 1213 contra
1788 1156 1959 1221 laliacum,
1976 1153 2030 1216 lib.
2047 1155 2077 1227 3,
2092 1174 2124 1216 a.
2136 1155 2180 1234 5).

613 1242 684 1301 XX.
709 1240 830 1317 Pelagii
843 1235 984 1317 fallacias
995 1232 1085 1294 iihris
1100 1233 1135 1291 dr
1149 1231 1256 1293 Gratia
1267 1232 1383 1293 Christi
1398 1239 1426 1291 et
1440 1231 1477 1292 tie
1489 1232 1619 1292 Peccata
1634 1232 1796 1309 Originali
1807 1233 1897 1292 editis
1906 1234 2017 1311 retegit
2030 1235 2234 1312 Augustinus.

943 1312 1029 1373 idem
1042 1310 1082 1371 ad
1093 1311 1241 1389 Opratam
1258 1309 1378 1376 scribit,
1395 1308 1436 1369 ati
1447 1310 1655 1371 Mercatorem
1670 1320 1696 1370 et
1712 1310 1752 1369 ad
1764 1311 1900 1371 Statum.

651 1396 820 1473 Pelagiuna
837 1392 948 1453 liaresi
962 1408 1034 1449 cum
1052 1391 1118 1448 suis
1133 1390 1347 1451 auctoribusa
1362 1388 1488 1448 Zosimo
1500 1388 1567 1466 jam
1581 1388 1805 1460 condemnata,
1828 1406 1900 1449 cum
1922 1388 2116 1466 Carthagine
2134 1391 2238 1453 adbuc

615 1483 683 1554 gost
699 1474 878 1552 plenarium
889 1470 965 1531 anni
981 1467 1285 1546 quadringentesimi
1306 1465 1419 1527 decimi
1435 1466 1538 1527 octavi
1557 1467 1728 1526 concilium
1744 1471 1852 1544 ageret
1872 1467 2079 1543 Augustinus,
2094 1471 2239 1529 conseri·
2313 1534 2315 1538 ,

614 1556 675 1634 psit
690 1555 720 1612 in
734 1550 875 1629 ejusdcm
889 1548 1018 1609 haeresis
1030 1551 1177 1607 auctores
1190 1546 1289 1605 libros
1304 1545 1396 1615 duos,
1412 1545 1444 1603 in
1460 1545 1589 1620 quibus,
1601 1545 1755 1621 quidquid
1771 1544 1907 1603 africani
1924 1546 2081 1607 antistites
2098 1547 2130 1607 in
2146 1548 2237 1610 litte·

614 1635 656 1694 ris
670 1632 708 1691 ad
725 1630 897 1696 Zosimum,
914 1642 1052 1703 quarum
1062 1624 1219 1702 jacturam
1235 1623 1390 1692 dolemus,
1407 1622 1446 1683 ad
1459 1621 1645 1700 retegendas
1657 1622 1793 1682 eclesia
1812 1624 1860 1683 rel
1875 1622 1990 1702 Pelagii
2012 1623 2138 1685 fraudes
2153 1625 2238 1687 alle--

614 1713 738 1779 rebant,
754 1706 887 1785 reperiri
903 1721 997 1781 posse
1010 1703 1191 1780 opinamur.
1209 1702 1264 1761 His
1281 1702 1370 1761 libris
1385 1700 1585 1762 occasionem
1601 1702 1736 1777 prebuit
1753 1701 1948 1775 colloquium
1962 1702 2098 1775 Piniani,
2115 1704 2238 1765 Albinae

615 1791 680 1869 ejus
695 1805 819 1855 socrus,
836 1783 1047 1862 conjugisque
1062 1781 1206 1841 Melania
1220 1798 1292 1839 cum
1306 1779 1445 1857 Pelagio,
1459 1779 1602 1838 habitum
1615 1777 1694 1838 lorte
1710 1779 1742 1837 in
1753 1779 1920 1839 Palaestina
1936 1800 1944 1838 :
1958 1798 2031 1840 nam
2047 1781 2100 1842 ille
2110 1783 2235 1858 quidem

613 1885 699 1929 anno
719 1859 1177 1944 quadringentesimodecima
1200 1858 1313 1935 quinto
1336 1858 1379 1917 ibi
1405 1859 1607 1927 versabatur,
1629 1863 1659 1917 et
1677 1874 1763 1917 anno
1778 1856 2093 1936 quadringentesimo
2114 1860 2238 1922 decimo

612 1946 747 2024 septimo
761 1939 1045 2019 ierosolymitanus
1059 1938 1226 2015 episcopus
1239 1935 1384 2014 Praylius
1401 1937 1533 1995 Romam
1550 1951 1702 1996 unacum
1724 1934 1793 2011 ipso
1813 1941 1910 2011 alque
1930 1936 1963 1995 in
1987 1936 2086 2013 ipsius
2102 1941 2237 2015 gratiam

613 2026 733 2085 litteras
747 2021 832 2082 misit
846 2040 853 2079 :
868 2016 983 2078 hlbinu
996 2021 1114 2087 autem,
1131 2014 1281 2076 Pinianus
1301 2019 1332 2074 et
1346 2013 1484 2074 Melania
1502 2013 1575 2072 inde
1592 2029 1677 2073 anno
1690 2013 2004 2091 quadringentesimo
2015 2015 2136 2076 decimo
2152 2035 2238 2077 ncnn

615 2098 867 2182 perliicronymi
881 2097 1001 2157 litteras
1017 2094 1231 2173 augustinum
1246 2092 1439 2153 salutarunt.
1458 2093 1493 2151 ln
1508 2108 1546 2150 en
1558 2090 1720 2167 colloquio
1733 2097 1864 2167 egerant
1885 2091 1930 2151 illi
1946 2110 2019 2153 cum
2039 2094 2181 2172 Pelagio,
2203 2104 2239 2155 ut
2336 2114 2338 2118 ’

613 2199 738 2242 errores
753 2194 876 2247 omnes,
890 2191 1029 2252 querum
1044 2170 1668 2247 insimulabatur,calamoprcscriberet.
1681 2169 1750 2242 Qua
1763 2169 1843 2229 dere
1853 2169 1998 2249 Pelagius
2018 2172 2094 2248 ipsis
2107 2190 2238 2249 respon.

613 2261 711 2322 derat·
725 2256 874 2335 primum,
900 2270 969 2314 ase
990 2249 1189 2316 anathemari,
1205 2248 1259 2328 qai
1273 2247 1319 2308 cei
1333 2249 1437 2316 scatit,
1460 2248 1506 2308 eei
1529 2247 1621 2313 dicit,
1662 2247 1774 2306 ratium
1792 2248 1857 2309 Dei.
1875 2265 1936 2325 qua
1950 2249 2089 2310 Christus
2107 2254 2188 2311 mg
2207 2252 2239 2309 ἡ,

610 2338 693 2399 hauc
703 2335 1032 2410 muhdampeccateres
1049 2328 1150 2389 salvas
1164 2329 1272 2408 facere,
1287 2344 1351 2386 aare
1363 2328 1464 2388 seiam
1472 2343 1529 2404 per
1542 2325 1569 2385 si
1615 2264 1682 2384 agas
1695 2324 1798 2390 horas,
1812 2335 1867 2383 eut
1875 2343 1931 2401 per
1940 2328 2063 2404 singula
2076 2340 2236 2395 retamenta,

613 2417 666 2478 reti
679 2416 769 2477 etiam
777 2430 835 2493 per
848 2409 988 2488 singalas
998 2414 1219 2468 aetusaostros
1229 2422 1293 2465 aaa
1307 2342 1707 2541 esseaecessariamzlhsra,
1722 2403 1758 2463 de
1776 2402 1888 2463 Gratia
1904 2404 2023 2466 Christi
2028 2452 2035 2470 .
2051 2424 2083 2465 a.
2100 2408 2141 2484 P),
2155 2409 2237 2466 'lum

616 2514 663 2573 sc,
680 2504 707 2555 et
718 2491 877 2571 Baptisma
890 2506 985 2548 atnam
1003 2495 1113 2553 tenere,
1127 2484 1211 2563 qaod
1224 2483 1332 2545 iisdem
1344 2482 1529 2542 sacramenti
1539 2499 1592 2541 uer
1612 2481 1681 2541 isia
1691 2480 1874 2571 iemalibus,
1885 2482 2093 2559 qaihasetr‘am
2103 2485 2134 2543 iu
2144 2487 2239 2563 rnrrjo.

613 2574 700 2635 ribus
714 2572 827 2633 diceret
838 2586 898 2627 esse
910 2562 1120 2626 celebrantium
1132 2583 1142 2621 .·
1155 2567 1271 2622 etcum
1283 2561 1418 2622 ulterius
1433 2561 1703 2638 interrogaretur;
1722 2560 1855 2639 infantes
1866 2560 2115 2623 inremissionem
2124 2581 2239 2641 pecca—

615 2660 718 2711 toram
727 2648 885 2729 percipere
896 2642 1103 2722 Baptismam‚
1120 2657 1176 2700 ore
1196 2640 1325 2717 proprio
1345 2637 1509 2700 confessus
1530 2642 1598 2699 erut
1614 2637 1720 2717 (ibid,
1737 2656 1770 2698 a.
1789 2636 1853 2715 35).
1874 2638 1955 2715 Ipsis
1979 2641 2074 2701 etiam
2096 2642 2239 2703 recitavit

614 2730 769 2798 libellum,
787 2743 883 2803 quem
899 2724 1033 2783 Romam
1046 2720 1085 2781 ad
1102 2720 1324 2779 Innocentium
1336 2718 1468 2779 miserat
1482 2715 1602 2797 (iufra,
1618 2716 1654 2776 de
1671 2716 1801 2777 Peccata
1824 2715 1998 2794 Oripiaaii,
2022 2736 2054 2778 h.
2070 2720 2099 2798 1)
2115 2739 2122 2777 ε
2137 2721 2241 2797 acque

615 2808 676 2868 hoc
689 2805 773 2885 apud
786 2802 914 2864 eosdem
930 2805 1063 2877 questus
1076 2802 1135 2868 est,
1152 2796 1237 2874 quod
1250 2796 1283 2856 in
1294 2794 1432 2857 Coeiestii
1447 2795 1664 2863 damnatione,
1679 2811 1743 2855 non
1759 2795 1888 2871 quidem
1904 2812 1922 2856 a
1936 2796 2073 2868 Zosimo,
2085 2799 2239 2859 necenim

617 2886 727 2965 idjam
741 2884 780 2945 ad
801 2881 869 2960 ejus
889 2895 984 2941 aures
1004 2876 1189 2955 pervenisse
1202 2874 1448 2944 crediderimus,
1468 2873 1522 2934 scd
1546 2874 1587 2934 ab
1608 2873 1795 2933 innocentio
1816 2872 1965 2951 dirisque
1987 2876 2143 2953 episcopis
2159 2883 2242 2937 esset

615 2982 685 3026 com
710 2961 940 3098 rebensusbzdat
954 2954 1144 3111 ccggtrario
1158 2969 1282 3014 suuma
1299 2952 1521 3030 Diospolitana
1540 2951 1662 3030 synodo
1684 2951 1901 3013 innocentiam
1924 2952 2117 3016 declaratam
2142 2954 2242 3016 luisse

637 3043 815 3103 lorrubatur
839 3038 856 3099 1
878 3036 889 3097 i
915 3078 937 3103 .,
950 3052 984 3095 a.
1034 3076 1042 3092 .

615 3062 635 3123 g
654 3038 850 3182 Veteratoris
865 3113 960 3192 hujus
971 3111 1062 3172 dolos
1075 3114 1106 3171 et
1116 3108 1360 3188 ambiguitatum
1372 3107 1473 3169 nodos
1490 3125 1595 3184 neque
1612 3107 1776 3179 Pinianus,
1791 3114 2077 3186 nequcprasentes
2088 3115 2244 3173 matrona

615 3199 780 3277 pervidere
792 3195 973 3259 valuerunt.
989 3190 1190 3267 Quapropter
1203 3204 1242 3248 eo
1258 3186 1370 3259 modo,
1389 3203 1455 3264 quo
1477 3185 1509 3245 in
1529 3186 1609 3246 votis
1630 3186 1804 3256 habebant,
1830 3188 2013 3264 loquentem
2037 3189 2126 3250 illum
2146 3192 2244 3251 audi-

617 3278 711 3351 visse,
726 3275 803 3368 ipsis
817 3271 945 3351 quidem
959 3267 1176 3348 gratissimum
1191 3264 1321 3337 accidit;
1345 3282 1411 3325 non
1426 3264 1496 3326 ausi
1518 3267 1624 3323 tanrcn
1648 3264 1680 3323 iu
1703 3282 1737 3323 re
1760 3268 1848 3325 tanta
1869 3265 2077 3344 ingeniosae
2102 3269 2243 3338 credere,

616 3360 831 3436 augustinum
843 3356 996 3426 tanquam
1012 3344 1267 3408 oculatissimum
1281 3344 1451 3404 consulere
1466 3343 1505 3402 de
1516 3342 1602 3401 illius
1623 3342 1725 3402 verbis
1738 3344 1934 3404 maluerunt.
1949 3345 2035 3405 Datis
2051 3347 2148 3426 igilur
2159 3364 2244 3407 com-

616 3436 705 3496 muni
720 3431 849 3494 nomine
863 3427 990 3497 litteris,
1006 3425 1106 3486 cidem
1124 3438 1305 3484 sermonem
1321 3440 1418 3498 qucm
1433 3438 1505 3481 cum
1521 3420 1648 3499 Pelagio
1663 3422 1884 3493 contulerant,
1910 3422 2151 3501 significavere3
2167 3427 2244 3503 quid

616 3532 714 3591 super
726 3529 765 3573 eo
777 3507 920 3576 sentiret,
935 3503 1142 3567 sciscitantes.
1159 3502 1282 3562 Harum
1295 3501 1474 3562 litterarum
1487 3499 1629 3578 perlator
1639 3503 1785 3560 sanctum
1800 3502 1982 3572 Praesulem,
1995 3507 2031 3563 ut
2042 3502 2108 3582 iam
2125 3504 2243 3565 dictum

616 3597 723 3663 antea
739 3587 860 3665 reperit
872 3583 1086 3662 Carthagines
1103 3579 1158 3641 ubi
1172 3579 1319 3656 quamvis
1337 3578 1473 3658 negotiis
1489 3578 1589 3637 multo
1601 3594 1699 3653 quam
1712 3577 1788 3638 alibi
1802 3577 2004 3641 densioribus
2020 3589 2244 3660 occuparetur,

618 3674 804 3732 nontamen
820 3680 1010 3742 responsum
1024 3658 1147 3720 distulit
1161 3658 1292 3729 diutius,
1308 3676 1367 3717 nec
1381 3656 1487 3717 minus
1502 3655 1652 3723 reddidit,
1675 3658 1950 3733 quamcotumina
1972 3659 2051 3732 duo,
2076 3659 2115 3721 de
2134 3661 2245 3724 Gratia

617 3747 733 3810 Christi
745 3762 858 3814 unum,
874 3742 1010 3804 alterum
1024 3739 1063 3800 de
1076 3739 1209 3798 Peccata
1224 3735 1390 3815 Originali.
1409 3737 1445 3796 ln
1467 3735 1516 3796 bis
1537 3751 1685 3813 quanam
1702 3741 1786 3795 essct
1804 3738 1922 3814 Pelagii
1948 3755 2024 3799 vcra
2047 3757 2136 3799 niens
2159 3743 2245 3802 circa

618 3828 677 3889 boc
693 3829 867 3899 utrumque
884 3822 991 3897 caput,
1005 3816 1121 3878 axillis
1137 3816 1214 3892 ipsis
1232 3814 1383 3892 operibus
1398 3814 1500 3886 docet,
1514 3830 1586 3891 quas
1599 3812 1813 3875 haeresiarcha
1835 3815 1887 3875 ille
1906 3817 1955 3876 sui
1972 3817 2127 3895 purgandi
2145 3835 2246 3880 causa

619 3907 651 3966 in
664 3903 799 3983 epiSlOld
812 3899 852 3961 «td
868 3897 1091 3959 lnn⁰⁰enlium
1103 3894 1237 3958 citabat;
1252 3892 1392 3953 maxime
1412 3909 1486 3953 vcro
1502 3910 1541 3953 ex
1557 3891 1626 3969 ejus
1641 3890 1731 3952 libris
1750 3890 1787 3950 de
1802 3892 1904 3953 libero
1919 3895 2064 3967 arbitrio,
2081 3895 2246 3974 inquibus

617 3983 771 4062 quonium
784 3977 930 4057 Pelagius
946 3973 1106 4036 Ambrosii
1119 3988 1274 4049 perquam
1289 3969 1499 4032 honorificam
1513 3969 1649 4031 laciehat
1663 3970 1869 4036 mentionem,
1885 3989 1922 4033 ac
1937 3973 2005 4052 ejus
2021 3972 2114 4033 fidem
2127 3975 2246 4036 mmm

618 4057 892 4123 commendatione
906 4052 1110 4132 predicabat,
1124 4050 1170 4110 illi
1185 4049 1385 4129 Augustinus
1404 4048 1437 4108 in
1453 4049 1624 4125 utriusque
1644 4048 1814 4108 voluminis
1834 4050 1885 4110 sui
1897 4052 1984 4112 calce
1999 4051 2139 4130 ejusdem
2161 4055 2247 4114 anri.

618 4140 699 4200 stitis
717 4137 840 4200 variao
864 4133 954 4212 ponit
966 4129 1159 4192 testimonia.

657 4217 763 4281 Primo
779 4153 907 4292 quidem
923 4209 1084 4272 volumine
1099 4205 1236 4267 ostendit
1249 4203 1414 4284 Pelagium
1429 4203 1563 4283 gratiam
1580 4203 1628 4265 vel
1645 4203 1678 4265 iu
1696 4209 1811 4266 natura
1827 4209 1859 4265 et
1873 4206 1974 4266 libero
1989 4208 2134 4277 arbitrio,
2149 4210 2197 4268 vel
2214 4210 2246 4269 in

619 4297 688 4378 lege
703 4312 741 4357 ac
754 4292 898 4354 doctrina
914 4289 1089 4358 collocare;
1106 4289 1323 4363 praetereaque
1340 4285 1445 4360 ipsum
1460 4283 1540 4343 velle
1555 4283 1657 4360 gratia
1672 4283 1775 4344 solum
1792 4283 1964 4345 voluntatis
1977 4293 2008 4347 et
2020 4287 2154 4347 actionis
2171 4305 2246 4364 pos-

619 4375 820 4443 sibilitatem,
836 4375 873 4430 ut
890 4369 1041 4436 vocabat,
1059 4381 1123 4423 non
1145 4364 1247 4441 ipsam
1270 4363 1466 4422 voluntatem
1485 4367 1516 4421 ct
1535 4361 1692 4421 actionem
1711 4361 1876 4440 adjuvari:
1892 4367 1922 4422 et
1938 4364 2025 4425 illam
2043 4365 2175 4442 insuper
2189 4365 2249 4426 aa.

618 4453 782 4534 jurantem
800 4448 935 4526 gratiam
952 4442 1126 4504 secundum
1147 4442 1259 4502 merita
1277 4440 1364 4509 dari,
1385 4445 1482 4516 atquc
1499 4439 1537 4499 ad
1558 4438 1587 4498 id
1607 4439 1710 4499 solum
1726 4439 1841 4519 juvare
1861 4442 2024 4512 homines,
2042 4449 2076 4502 ut
2091 4449 2247 4521 praecepta

622 4531 746 4593 lucilius
759 4527 883 4606 possint
896 4523 1039 4601 implere.
1056 4521 1167 4596 ltaque
1181 4521 1267 4580 locos
1283 4535 1393 4578 omnes
1410 4518 1638 4595 opusculorum
1654 4517 1859 4595 ejus,quibus
1875 4521 1929 4579 illc
1944 4521 2079 4600 gratiam
2097 4521 2213 4583 diserte
2229 4543 2247 4584 ἃ

620 4629 653 4671 se
666 4605 917 4675 commendatam
928 4600 1105 4680 lectitabat,
1119 4598 1156 4659 dc
1170 4599 1238 4676 lege
1250 4614 1288 4658 ac
1298 4595 1453 4663 doctrina,
1466 4614 1523 4656 scu
1535 4596 1572 4656 de
1583 4595 1691 4657 divina
1704 4597 1899 4658 revelatione
1912 4617 1949 4659 ac
1961 4598 1998 4660 de
2011 4598 2126 4661 Christi
2141 4620 2249 4661 exem.

621 4692 689 4766 plo,
706 4702 778 4764 qua
797 4683 835 4747 ad
855 4680 1032 4742 doctrinam
1048 4695 1139 4754 mque
1155 4680 1362 4746 revocantur,
1379 4677 1435 4735 aut
1451 4673 1488 4734 dc
1509 4678 1711 4750 peccatorum
1731 4675 1919 4737 remissione
1936 4678 2137 4754 interpretari
2153 4697 2250 4755 posse

620 4767 834 4835 demonstrat3
850 4776 955 4838 neque
970 4773 1125 4834 apparere
1144 4753 1274 4814 omnino
1295 4771 1335 4815 un
1355 4770 1430 4813 vere
1444 4752 1651 4814 christianam
1666 4753 1819 4830 gratiam,
1836 4755 1942 4824 idest,
1958 4755 2151 4834 adjutorium
2166 4758 2249 4817 benc

621 4842 734 4925 agendi
748 4840 934 4920 adjunctum
948 4840 1070 4896 naturae
1081 4839 1178 4909 atquc
1191 4831 1342 4893 doctrinm
1355 4810 1666 4908 pedinspirationem
1679 4828 1934 4910 flagrantissimas
1947 4838 1977 4894 et
1990 4834 2248 4896 luminosissimae

593 4927 595 4930 ⁴
621 4921 785 4984 charitatis
804 4919 958 4996 agnoscat
977 4912 1121 4990 Pelagius
1138 4912 1262 4991 (Infra,
1279 4910 1314 4970 dc
1329 4910 1441 4970 Gratia
1457 4908 1589 4977 Christi,
1608 4927 1640 4968 a.
1657 4908 1711 4987 38)
1740 4910 1840 4983 Quem
1856 4913 1951 4971 titiam
1972 4913 2003 4971 in
2043 4913 2249 4975 rusticando

622 4997 771 5079 originali
786 4998 916 5073 peccato
930 5009 968 5053 ac
981 4990 1019 5051 dc
1034 4990 1241 5066 parvulorum
1262 4989 1453 5064 baptismate
1473 4987 1551 5046 nihil
1572 4989 1676 5063 reipsa
1694 5003 1711 5047 a
1728 4987 1884 5065 discipulo
1904 4990 2004 5066 ipsius
2018 4930 2163 5052 Calestio
2178 4991 2248 5052 dis-

622 5077 753 5148 sentire,
770 5071 911 5133 secando
925 5069 1088 5129 volumine
1103 5067 1258 5128 ostendit:
1272 5065 1447 5144 postcujus
1460 5065 1599 5124 medium
1614 5065 1727 5125 relellit
1743 5084 1858 5125 norrun
1874 5068 1960 5128 illam
1976 5068 2128 5130 adversus
2144 5071 2250 5160 origi-

624 5157 696 5218 nale
710 5155 875 5232 peccatum
890 5146 1217 5226 argumentationem,
1233 5144 1312 5206 lorte
1329 5160 1349 5204 a
1366 5142 1533 5204 Theodoro
1549 5144 1775 5221 llicpsucstcno
1790 5145 2002 5222 excogitatam
2019 5148 2142 5226 :Erpa
2158 5150 2251 5227 objc-

623 5236 753 5297 ciabant
762 5227 948 5297 adversarii,
961 5224 1074 5285 maiam
1085 5233 1158 5283 sant
1171 5223 1300 5300 uttptioe,
1311 5232 1339 5281 rt
1351 5239 1415 5281 aaa
1426 5229 1469 5280 est
1483 5239 1559 5299 opas
1572 5223 1629 5284 Dei
1637 5220 1726 5280 home
1737 5239 1823 5313 quem
1833 5232 1980 5301 perierunt
1992 5226 2108 5303 ariptioe
2120 5226 2250 5304 (Supra,

623 5330 691 5393 cap.
707 5309 768 5391 11).
786 5309 853 5369 Hoc
867 5321 998 5366 rursum
1013 5303 1045 5362 in
1062 5301 1235 5370 volumine,
1250 5301 1459 5378 questionem
1472 5297 1511 5360 de
1525 5299 1673 5379 originali
1691 5300 1767 5359 vitro
1783 5318 1846 5360 non
1861 5319 1972 5362 earum
1987 5321 2069 5374 csse,
2087 5305 2117 5363 in
2132 5306 2251 5381 quibus

623 5395 739 5470 prater
752 5383 1018 5525 lidei‘periculum
1033 5398 1141 5442 errare
1157 5379 1330 5458 contingit,
1345 5377 1431 5455 quod
1447 5378 1625 5457 Pelagiani,
1647 5396 1687 5439 ne
1707 5377 1845 5439 haeretici
1865 5379 2062 5449 dicerentur,
2082 5383 2251 5451 volebant,

624 5471 677 5530 sed
692 5487 763 5530 eam
778 5465 817 5528 ad
852 5463 901 5524 dei
915 5466 1010 5539 caput
1023 5461 1195 5537 pertinere,
1211 5457 1417 5519 demonstrat.
1432 5455 1528 5517 isthic
1541 5457 1635 5517 etium
1651 5463 1846 5535 narratque
1861 5461 1921 5518 sub
1935 5459 2049 5519 Zosimi
2065 5461 2252 5539 pontificatu

626 5552 731 5610 itamar
745 5548 830 5607 circa
845 5542 1006 5620 Pelagium
1020 5555 1057 5600 ac
1067 5538 1247 5599 Coelcstinm
1264 5535 1390 5596 iuerrrnt
1406 5540 1506 5613 gesta,
1521 5541 1551 5594 el
1564 5551 1629 5613 quo
1645 5535 1777 5596 tandem
1787 5543 1878 5611 pacto
1891 5543 2024 5614 uterque
2037 5540 2252 5600 damnationis

625 5625 782 5688 sententia
798 5627 926 5683 notatus
941 5623 1025 5679 essct
1039 5615 1159 5696 (lasea,
1176 5615 1211 5676 de
1227 5615 1357 5676 Peccata
1374 5613 1543 5691 Oripiaati.
1562 5631 1594 5672 a.
1610 5614 1640 5679 7,
1658 5613 1748 5692 sqq).
1766 5614 1848 5686 Quin
1865 5621 1895 5674 et
1910 5615 1996 5678 hisce
2013 5617 2136 5678 duobus
2153 5618 2252 5678 volt}-

625 5706 763 5765 minibus
779 5701 921 5763 libellum
936 5696 956 5760 d
970 5695 1116 5757 Coelestic
1130 5693 1271 5755 Pontifici
1287 5692 1429 5754 oblatum
1443 5691 1551 5769 junxit
1565 5693 1678 5771 (Iusta,
1694 5693 1730 5751 de
1743 5691 1855 5751 Gratia
1868 5693 1994 5759 Christi.
2011 5714 2043 5754 a.
2059 5695 2123 5773 (H),
2138 5696 2253 5758 additis

626 5783 774 5843 omnibus
795 5780 832 5841 iis
854 5795 926 5858 qum
947 5773 1024 5836 illud
1048 5774 1128 5834 idem
1151 5772 1313 5851 negotium
1334 5772 1535 5846 spectabunt;
1551 5777 1647 5848 atquc
1666 5769 1749 5830 haud
1772 5772 1889 5832 scimus
1906 5790 1948 5832 an
1966 5791 2029 5832 non
2043 5774 2253 5835 decretoriam

627 5877 755 5938 quoquc
778 5858 893 5919 Zosimi
913 5854 1098 5933 epistolam,
1122 5850 1160 5913 ad
1185 5868 1282 5928 quam
1306 5849 1473 5919 Albinam,
1493 5848 1662 5910 Pinianum
1683 5855 1714 5910 et
1733 5849 1904 5910 Melaniam
1922 5852 2052 5912 remittit
2073 5851 2200 5932 (Infra,
2219 5856 2256 5914 dr

629 5942 756 6000 Peccata
771 5935 941 6015 originali,
957 5951 989 5993 h.
1005 5929 1069 6010 hl),
1086 5928 1316 5991 annectendam
1332 5927 1504 5988 curaverit.

666 6021 752 6079 later
768 6015 798 6074 id
814 6013 965 6089 temporis
982 6011 1046 6072 ulia
1062 6014 1173 6069 sancto
1192 6006 1323 6068 Prasali
1343 6005 1488 6073 occasio,
1508 6009 1542 6064 ut
1560 6004 1651 6065 nocis
1669 6006 1824 6083 susceptis
1841 6006 2005 6068 laboribus
2020 6024 2163 6068 amorem
2179 6029 2255 6088 erga

629 6095 801 6158 licclcsiam
817 6109 911 6153 suum
925 6091 1119 6150 testatiorcm
1136 6086 1261 6152 laceret,
1276 6084 1383 6144 oblata
1396 6089 1444 6144 est
1458 6099 1477 6144 u
1493 6084 1617 6144 Zosimo
1630 6099 1726 6161 papa,
1740 6085 1795 6160 qui
1811 6089 1877 6145 tum
1892 6086 2008 6162 ipsum,
2024 6091 2089 6146 tum
2103 6089 2184 6148 altos
2199 6092 2257 6151 aq.

593 6232 596 6237 .
627 6179 705 6254 claret
726 6169 911 6250 episcopos.
934 6168 1111 6229 Caesaream
1133 6165 1333 6226 Mauritania
1351 6163 1392 6220 ob
1411 6161 1659 6223 ecclesiasticam
1677 6162 1819 6238 aliquam
1839 6164 2059 6224 necessitatem
2078 6167 2255 6242 proticisci,

628 6254 732 6315 missis
748 6268 785 6311 ea
801 6249 839 6308 de
854 6267 888 6307 re
904 6247 1016 6306 litteris
1033 6246 1186 6320 corripulit
1200 6243 1320 6321 (Epist.
1338 6241 1406 6308 teo,
1421 6258 1454 6300 a.
1471 6241 1507 6312 13
1522 6240 1695 6308 Possidias.
1714 6242 1746 6301 ia
1767 6243 1837 6304 l'r'ta
1851 6244 1994 6317 dispari..
2013 6261 2080 6320 cap.
2099 6244 2160 6323 th).
2177 6245 2256 6307 Cum

621 6350 703 6405 ereo
716 6328 909 6406 Carthagine
923 6325 1085 6403 digressus
1099 6329 1157 6399 est,
1173 6323 1245 6384 lrinc
1260 6323 1290 6382 in
1304 6319 1775 6384 hlaurituniachesurecnsem
1789 6321 1929 6398 perrexit
1944 6321 2063 6400 (Epist.
2080 6324 2148 6397 1953,
2163 6345 2193 6384 a.
2212 6328 2256 6392 ’,ἔς
