5592 7350
527 984 538 1018 r
552 977 602 1022 cur
614 958 743 1032 usquead
757 958 809 1015 boc
822 956 970 1013 mortalitas
984 954 1150 1027 deliquisset,
1167 963 1196 1010 nt
1208 967 1320 1009 excussa

525 1058 561 1112 de
574 1052 786 1127 perennitatibus
802 1051 901 1106 iuleros
917 1049 1064 1105 adamaret.
1081 1047 1177 1103 Flebat
1189 1046 1321 1109 cbristus,

525 1146 600 1217 quod
611 1143 712 1213 eosqui
724 1141 888 1197 immortales
901 1155 962 1196 esse
977 1148 1109 1210 poterant,
1124 1137 1246 1194 diabolus
1259 1135 1324 1191 lecit

526 1250 588 1291 esse
602 1234 749 1289 mortales»
765 1230 892 1303 (Norttilitt
905 1232 936 1284 dc
952 1229 1051 1285 Lazaro
1071 1223 1239 1299 resuscitato).
1254 1225 1322 1295 Quid

526 1325 581 1395 dici
595 1334 687 1393 posset
704 1320 876 1392 expressius?
897 1319 965 1388 Quid
979 1320 1013 1374 ad
1035 1321 1085 1373 iata
1108 1316 1277 1387 respondes?
1296 1316 1325 1372 Si

528 1417 614 1471 Adam
629 1415 721 1483 prandi
743 1422 853 1483 peceato
871 1427 920 1467 suo
940 1428 1019 1467 otuue
1032 1426 1116 1482 genus
1134 1410 1278 1467 humanum
1298 1410 1325 1464 in

528 1521 672 1561 commune
685 1504 831 1571 damnarit,
845 1502 973 1574 numquid
984 1503 1035 1557 uisi
1044 1502 1186 1558 danrnatus
1198 1490 1325 1570 paruulus

528 1599 670 1655 nascituri
695 1597 729 1652 Et
751 1612 799 1667 por
821 1611 912 1666 quem,
927 1596 976 1651 nisi
996 1610 1045 1665 per
1064 1593 1211 1657 Cbrisutm,
1223 1593 1258 1647 ab
1275 1590 1325 1646 ista

529 1690 702 1746 damnatione
716 1686 859 1743 liberaturi
875 1686 903 1743 Si
916 1695 944 1741 et
956 1687 982 1740 in
993 1685 1095 1740 Lazaro
1109 1683 1204 1738 dicitur
1214 1696 1325 1738 excussa

529 1781 565 1836 de
586 1777 796 1850 perennitatibus
816 1776 964 1832 mortalitas
984 1775 1084 1831 interos
1097 1774 1251 1837 adamasset
1266 1773 1327 1842 quis

531 1872 684 1929 mortalium
697 1885 751 1926 non
764 1868 798 1925 ad
809 1870 886 1924 istam
896 1868 1000 1939 culpam
1009 1881 1153 1937 casumque
1163 1866 1295 1936 pertineat
1304 1865 1325 1931 ¹,

530 1980 587 2036 quo
599 1963 697 2019 cecidit
710 1962 811 2032 primus
829 1961 911 2017 bomo
927 1959 962 2016 de
976 1961 1038 2015 ritae
1055 1959 1232 2030 perennitate,
1246 1972 1325 2025 (quam

532 2056 555 2109 si
568 2070 621 2109 nou
635 2061 759 2121 peccaret
768 2051 925 2122 acceperat?
938 2049 965 2106 Si
978 2049 1100 2105 diabolus
1112 2049 1263 2120 omnesqui
1275 2048 1327 2103 im-

532 2145 661 2201 mortales
681 2159 742 2199 esse
766 2150 898 2212 poterant,
925 2141 986 2197 lecit
1009 2154 1069 2196 esse
1090 2139 1236 2202 mortales;
1256 2136 1327 2193 urule

531 2237 613 2291 etiam
634 2235 737 2306 parvuli
758 2234 919 2299 moriuntur,
942 2233 966 2290 si
987 2232 1095 2290 obnoxii
1120 2242 1229 2301 peccate
1248 2229 1328 2299 primi

533 2326 606 2382 illius
619 2326 735 2381 bominis
746 2341 801 2380 non
812 2324 894 2380 eunti
910 2323 1043 2394 Numquid
1053 2338 1128 2394 erqo,
1143 2324 1192 2378 nisi
1205 2338 1252 2392 per
1264 2337 1327 2377 eum

534 2419 561 2474 iu
575 2434 629 2490 quo
641 2433 736 2474 omnes
751 2417 972 2484 virtteabuutur,
986 2413 1068 2474 etiam
1082 2415 1183 2487 patruli
1197 2416 1232 2471 de
1245 2429 1329 2486 reguo

533 2510 630 2565 mortis
639 2510 787 2564 emuntml

569 2600 616 2655 25.
635 2599 742 2654 Tractat
755 2598 824 2654 idem
835 2598 951 2655 loannes
964 2599 990 2653 iu
1004 2613 1129 2655 sermone
1142 2597 1257 2669 quodam
1278 2597 1329 2652 bu-

535 2689 649 2760 jusmodi
662 2690 847 2760 quaestionem,
864 2706 912 2746 cur
923 2690 1016 2745 bestias
1028 2690 1070 2745 rel
1087 2690 1183 2745 laulaut
1195 2689 1328 2757 ltomittes,

536 2784 579 2839 rel
592 2783 756 2848 interimant,
771 2798 833 2838 cunr
853 2784 984 2839 sententia
1004 2783 1109 2838 borttiui
1131 2782 1269 2837 manifesta
1282 2781 1328 2848 sit,

536 2890 588 2945 qna
602 2890 647 2931 eas
665 2874 766 2929 bomini
785 2875 911 2941 subdidit,
932 2886 962 2931 ut
977 2890 1069 2931 earum
1093 2876 1190 2931 babeat
1212 2884 1331 2945 potesta·

537 2975 591 3021 tem
606 2964 681 3038 (Gen.
696 2981 716 3030 r,
728 2965 764 3021 28
775 2965 794 3036 l.
809 2966 894 3034 Quam
908 2968 1083 3037 questionem
1096 2966 1135 3022 sie
1145 2966 1234 3033 soluit,
1248 2975 1277 3021 ut
1289 2965 1331 3021 di·

536 3064 591 3123 cat,
604 3064 665 3111 autc
679 3065 816 3126 peccatum
831 3071 925 3113 omnes
944 3057 1041 3117 bestias
1054 3058 1154 3114 bomini
1171 3058 1251 3113 luisse
1265 3059 1331 3114 sub·

535 3146 637 3217 jactas,
652 3146 723 3216 quud
737 3156 825 3202 autem
841 3162 913 3202 nuuc
927 3146 1077 3203 bominibus
1090 3156 1202 3213 nocent,
1225 3164 1330 3219 poenam

536 3236 617 3309 primi
637 3251 697 3293 esse
718 3236 828 3307 peccati.
852 3237 957 3293 Probra
979 3238 1100 3293 tractatio
1121 3248 1179 3305 est,
1196 3239 1255 3295 itleo
1270 3239 1332 3296 buic

537 3327 613 3398 aperi
634 3344 686 3382 uon
707 3343 780 3383 amc
804 3328 950 3383 inseritur:
971 3327 1019 3384 sed
1041 3329 1139 3397 aliquid
1161 3338 1247 3386 tanten
1270 3330 1333 3386 inde

536 3426 645 3489 oportet
658 3425 686 3472 ut
699 3433 805 3487 ponam.
823 3437 833 3471 ι
851 3419 998 3484 liniemus,
1016 3437 1026 3472 r
1043 3419 1137 3490 iuquit,
1152 3438 1164 3473 t
1182 3418 1291 3487 bestias,
1303 3428 1332 3476 et

537 3522 668 3579 paremus
679 3525 685 3562 :
698 3524 751 3563 non
763 3508 926 3565 contradico.
938 3509 972 3565 Et
984 3524 998 3563 a
1010 3510 1158 3581 principatu
1167 3509 1330 3566 decidimus:

537 3609 567 3655 et
582 3599 633 3655 boc
644 3600 704 3656 dico
721 3600 778 3669 ipse
792 3600 882 3656 etlam.
904 3599 957 3658 Sed
975 3615 1027 3654 nou
1042 3600 1094 3655 boe
1112 3600 1228 3655 ostendit
1246 3600 1331 3670 legem

539 3689 588 3744 ilci
603 3704 663 3746 esse
676 3689 830 3747 mendacem
846 3707 853 3743 t
867 3690 901 3746 ab
915 3690 990 3745 iuitio
1002 3691 1074 3745 euim
1087 3705 1139 3745 non
1152 3689 1188 3745 ita
1201 3705 1244 3745 res
1256 3699 1333 3746 erant

537 3781 692 3850 dispositam
706 3781 754 3835 sed
769 3781 906 3845 timebant,
929 3788 958 3837 et
976 3782 1135 3846 tremebant,
1160 3791 1187 3835 ιι
1208 3780 1333 3850 subjicie-

539 3870 637 3926 bantur
650 3871 769 3926 domino.
783 3873 817 3927 Et
829 3872 982 3942 quoniame
998 3873 1090 3928 liducia
1104 3872 1261 3934 decidimus,
1275 3886 1335 3942 pro·

539 3962 611 4018 lecto
624 3971 652 4018 et
665 3964 699 4017 ab
714 3963 827 4019 bonore.
843 3962 920 4020 Unde
941 3965 994 4020 boc
1015 3964 1185 4019 nurnilestum
1199 3964 1256 4020 esti
1275 3963 1331 4019 bd·

538 4051 616 4107 duxit
635 4051 735 4108 bestias
752 4052 786 4108 ad
806 4054 902 4121 Adam,
917 4054 1007 4110 ridere
1023 4055 1087 4125 quid
1101 4070 1148 4111 eas
1161 4064 1284 4123 tricaret,
1306 4062 1334 4112 ct

540 4156 595 4196 mm
610 4143 711 4197 resiluit
723 4143 807 4197 balam
824 4153 948 4215 tanquam
963 4144 1069 4200 timens.
1089 4165 1099 4199 ι
1114 4145 1147 4201 Et
1160 4145 1240 4218 paulo
1255 4154 1331 4216 posta

543 4249 555 4282 ι
573 4230 628 4287 iloc
640 4246 733 4296 utrum,
751 4249 761 4283 a
779 4232 873 4303 inquil,
890 4252 902 4287 ι
919 4233 1046 4305 siguum,
1068 4234 1138 4306 quod
1160 4251 1213 4290 nort
1236 4234 1335 4292 lileritti

542 4319 643 4375 bomini
664 4322 698 4376 ab
720 4323 795 4377 initio
815 4324 946 4379 terribiles
966 4325 1076 4391 bestice;
1096 4325 1242 4382 seetrndum
1260 4325 1334 4382 aliud

541 4413 595 4467 leto
611 4413 788 4480 tuauuilestlos,
808 4431 866 4486 qum
882 4415 928 4471 luit
949 4417 981 4473 ad
1002 4418 1142 4473 mulierem
1163 4434 1333 4490 perserpen·

541 4511 597 4558 tem
611 4505 763 4576 disputatio.
779 4506 807 4563 Si
826 4508 897 4562 enim
920 4516 1012 4564 essent
1034 4510 1163 4565 terribiles
1183 4511 1334 4566 bominibus

542 4593 652 4662 bestiae,
669 4612 720 4650 nun
741 4598 830 4668 utique
844 4600 940 4655 mulier
958 4599 1015 4655 riso
1029 4610 1154 4670 serpente
1173 4601 1332 4667 mansisset;

543 4701 598 4740 uon
611 4688 758 4758 accepisset
770 4691 921 4755 eonsilium,
938 4708 990 4747 nou
1009 4693 1034 4748 ei
1048 4680 1113 4748 ¹cum
1135 4702 1207 4748 tauta
1229 4708 1334 4749 sermo·

540 4778 677 4834 cinarctur
691 4779 797 4850 fiducia,
813 4783 859 4838 sed
874 4786 961 4840 statim
976 4785 1009 4840 ad
1032 4788 1118 4856 ipsum
1139 4797 1167 4843 et
1184 4788 1335 4858 expauisset

541 4877 571 4924 et
584 4870 732 4928 resiluisset
745 4885 882 4945 aspectum
896 4895 902 4932 :
918 4893 989 4934 nuuc
1002 4887 1090 4934 autern
1110 4889 1138 4934 ιι
1152 4879 1287 4950 disputat,
1307 4889 1335 4937 et

542 4975 595 5014 non
613 4962 697 5018 timet.
715 4963 836 5021 Nondum
857 4970 927 5024 euim
947 4979 1005 5025 erat
1025 4970 1104 5024 timor
1121 4970 1249 5026 iste:sed
1273 4973 1335 5042 quta

543 5060 682 5119 peceatum
698 5053 847 5122 ingressum
862 5068 912 5123 cst,
928 5059 1015 5115 ablata
1030 5069 1089 5115 suut
1105 5076 1210 5132 eaquae
1226 5063 1334 5119 bonoris

542 5150 629 5194 erant.
641 5141 777 5224 »itemque
786 5156 846 5217 post
860 5150 992 5218 patrlultun
1003 5167 1010 5202 :
1023 5168 1032 5202 ι
1046 5150 1177 5219 Quamdiu
1190 5152 1308 5222 quidem,
1321 5171 1332 5206 ι

542 5230 639 5301 inquit,
654 5250 664 5284 t
682 5233 796 5291 babebat
810 5237 842 5291 ad
859 5239 939 5294 bourn
953 5239 1088 5308 fiduciam,
1104 5243 1229 5299 terribilis
1243 5244 1336 5301 bestiis

544 5331 616 5389 erat;
629 5324 675 5379 sed
691 5328 750 5396 quia
765 5328 884 5395 olleudit,
902 5342 1036 5388 extremos
1050 5335 1130 5390 etiam
1143 5350 1334 5393 conservorum

542 5427 652 5469 atrorum
666 5417 720 5486 jum
743 5428 830 5488 paret.
846 5420 922 5489 Qtrod
936 5425 958 5477 si
979 5423 1030 5479 boe
1048 5441 1100 5480 uon
1121 5436 1182 5495 est,
1200 5446 1210 5481 ι
1226 5428 1333 5499 iuquit:

546 5513 603 5560 utu
626 5506 691 5560 mibi
714 5511 846 5576 ostende,
869 5522 931 5568 ante
951 5524 1088 5584 peecatum
1110 5517 1180 5586 quod
1203 5519 1334 5575 terribiles

542 5604 619 5648 erant
634 5595 785 5655 bominibus
798 5601 909 5658 bestiae:
925 5604 972 5659 seul
987 5620 1039 5660 nou
1059 5606 1180 5663 babebis.
1195 5609 1222 5666 Si
1244 5595 1334 5666 autem

542 5694 604 5755 post
617 5695 689 5740 tauta
704 5688 838 5759 ingressas
853 5702 895 5748 est
907 5693 1001 5762 timor;
1022 5707 1048 5751 ιι
1061 5696 1113 5753 boo
1125 5698 1214 5754 tutelae
1229 5701 1333 5756 lloruiui

542 5784 586 5831 cst
594 5777 615 5830 ¹.
632 5777 660 5832 Si
674 5780 746 5835 enirn
760 5782 885 5838 mandato
899 5785 970 5856 qnod
984 5785 1074 5842 datum
1087 5798 1139 5856 est,
1154 5799 1227 5846 tuoto
1239 5792 1273 5847 ab
1286 5792 1335 5848 bo-

540 5866 615 5920 mine
627 5878 653 5921 et
666 5871 765 5937 soluto,
781 5870 866 5928 bonor
877 5877 921 5944 qui
935 5877 959 5931 ei
972 5876 1049 5933 datus
1063 5890 1146 5936 erata
1160 5882 1233 5948 Deo,
1257 5901 1333 5939 mnn-

540 5957 623 6014 sisset
635 5960 791 6030 inunobilis,
802 5982 854 6048 non
869 5966 947 6025 facile
960 5975 1153 6030 resurrexisset
1164 5975 1304 6048 aliloutiliu
1317 5980 1334 6036 9

540 6066 760 6178 ιἱῃὶιέιιιτἰιιιιιιίι
779 6079 841 6137 ιιι,
863 6089 910 6128 nou
929 6077 1000 6130 istem
1019 6083 1115 6146 cttlpcm
1133 6097 1261 6152 conumque
1278 6100 1334 6152 per·

574 6189 584 6218 ·
601 6191 638 6240 stc
650 6198 718 6254 ates„
736 6194 806 6256 iaxta
823 6211 936 6262 graccum.
951 6210 977 6254 ,ιι
989 6210 1024 6254 tr,
1038 6214 1064 6256 et
1075 6214 1141 6268 tou,
1154 6209 1228 6261 tutelo
1240 6211 1344 6268 trorttiui.

538 6255 594 6306 eat:
606 6262 704 6316 οιιιιιιο,
721 6262 745 6307 ιι
755 6256 808 6308 lter.

1203 838 1303 897 ttltsstt
1324 836 1462 895 tblttt'S.

2115 835 2170 897 658

1379 955 1406 1008 in
1421 952 1559 1025 Gmeairu).
1581 953 1682 1023 Nempe
1706 952 1877 1011 manilcstunr
1889 960 1941 1018 ost,
1952 962 2072 1009 mamam
2085 952 2170 1010 loan-

1379 1060 1440 1100 uem
1463 1044 1513 1100 bac
1534 1044 1713 1114 disputatione
1733 1057 1914 1111 monstrasse,
1936 1044 2002 1099 illutl
2023 1043 2096 1114 quod
2121 1059 2172 1113 por

1378 1151 1460 1190 uuum
1475 1136 1609 1191 bominem
1622 1136 1631 1167 ¹
1647 1136 1796 1206 ingressum
1817 1145 1869 1201 ost,
1884 1151 2025 1190 comnmnc
2046 1134 2172 1189 ontnibtts

1380 1226 1478 1282 lactum
1498 1240 1561 1282 esse
1580 1236 1734 1297 peccatum,
1747 1227 1960 1299 quandoquidem
1976 1226 2100 1282 omuibus
2119 1238 2173 1281 ter·

1378 1334 1424 1373 ror
1435 1320 1584 1374 eommunis
1598 1329 1639 1375 est
1653 1321 1818 1377 bestiarum:
1834 1337 1893 1391 quae
1906 1322 1998 1391 utique
2012 1335 2062 1375 uec
2082 1319 2154 1374 iuiau

1379 1410 1450 1465 tibus
1465 1418 1592 1480 parcuut;
1612 1427 1680 1482 quos
1694 1412 1825 1483 proiecto,
1850 1413 1997 1468 secuudum
2023 1413 2103 1468 istum
2119 1421 2177 1465 tra·

1378 1500 1609 1569 etatumtoanuts,
1620 1503 1693 1558 nullo
1707 1504 1787 1559 modo
1798 1505 1934 1572 lederent,
1947 1505 2005 1560 sire
2019 1513 2150 1560 terrerent
2168 1530 2175 1563 t

1379 1593 1431 1647 uisi
1443 1600 1535 1647 essent
1543 1594 1642 1649 ueteris
1655 1593 1726 1651 illius
1738 1596 1839 1665 peccati
1853 1595 2013 1665 obligatione
2022 1596 2172 1650 constricti.

1415 1684 1461 1739 bb.
1483 1685 1541 1751 llio,
1555 1684 1670 1752 iuliane,
1684 1686 1729 1742 dic
1746 1688 1826 1741 etiam
1843 1688 1923 1742 istum
1937 1686 2021 1758 (quid
2035 1688 2105 1741 euim
2116 1686 2169 1756 iarn
2246 1695 2265 1752 ᾗ

1379 1775 1485 1831 dubitas
1496 1775 1625 1847 diecret)
1640 1776 1835 1843 Nanicbntuu,
1859 1778 1904 1848 qni
1929 1785 2028 1832 totilam
2051 1788 2152 1832 namna
2163 1804 2179 1841 ,·

1379 1868 1457 1943 eujus
1472 1868 1651 1923 innocentiam
1665 1868 1817 1936 deienditis,
1836 1868 1899 1925 lecit
1918 1869 2052 1939 iujuriam,
2068 1880 2094 1925 et
2109 1886 2173 1940 pro·

1382 1957 1549 2027 pagationem
1562 1958 1740 2014 damnationis
1754 1959 1878 2015 asseruit.
1893 1958 1950 2014 bno
1961 1976 2026 2016 vero
2039 1960 2135 2016 cobibe
2148 1970 2176 2015 te

1381 2048 1481 2118 ipsum,
1494 2050 1516 2104 si
1529 2050 1592 2120 quitl
1605 2050 1650 2106 tibi
1664 2060 1705 2106 est
1717 2051 1843 2107 sanabilis
1854 2053 1962 2121 mentis,
1974 2063 2001 2109 et
2013 2053 2133 2124 corrige3
2147 2064 2176 2111 et

1380 2138 1524 2209 aliquando
1538 2140 1665 2209 intellige,
1688 2140 1821 2211 quomodo
1843 2143 1961 2211 potuerit
1981 2143 2070 2198 dicere
2093 2144 2179 2198 loeu-¹

1381 2245 1442 2296 nes,
1457 2232 1584 2299 parrulos
1596 2246 1648 2287 non
1662 2231 1761 2288 tulere
1773 2244 1899 2303 peccata;
1913 2250 1966 2289 non
1979 2234 2049 2305 quod
2063 2246 2176 2305 peccato

1382 2324 1530 2390 primortnu
1556 2321 1692 2376 botuiuum
1716 2338 1769 2377 uon
1799 2331 1941 2379 teneantur
1960 2325 2100 2390 obstricti,
2126 2325 2175 2382 scd

1381 2410 1452 2480 qaod
1467 2425 1515 2465 sua
1532 2411 1603 2467 nulla
1620 2413 1815 2469 ttomtuiseriut.
1830 2415 1863 2469 Et
1882 2414 1934 2470 boc
1952 2415 2058 2485 quidem
2076 2419 2105 2470 lu
2126 2433 2175 2473 ea·

1381 2503 1443 2557 dem
1453 2503 1510 2573 ipsa
1521 2503 1643 2571 bomilia,
1654 2504 1677 2560 si
1689 2514 1770 2560 totam
1781 2504 1902 2575 legisses,
1914 2506 2034 2563 iuvenire
2044 2508 2153 2577 potuisti
2166 2519 2182 2563 ε·

1381 2603 1429 2648 aut
1440 2594 1463 2649 si
1476 2594 1575 2664 legisti,
1601 2595 1693 2651 nescio
1705 2596 1931 2665 quemadmodum
1949 2607 1976 2653 te
1993 2599 2083 2677 potuit
2104 2615 2176 2669 praa·

1383 2685 1465 2739 terire
1479 2702 1486 2740 :
1502 2694 1548 2739 aut
1560 2686 1582 2739 si
1596 2686 1732 2756 praeterire
1747 2702 1800 2742 non
1814 2688 1910 2758 potuit,
1924 2688 2007 2744 miror
2020 2705 2069 2745 cur
2082 2698 2109 2745 tc
2122 2705 2175 2745 uou

1382 2776 1545 2840 correxerim
1555 2776 1578 2830 si
1589 2757 1788 2848 tamen'aliquid
1800 2778 1870 2849 apud
1885 2790 1910 2835 te
1917 2781 1988 2836 valet
2000 2780 2111 2837 loannis
2123 2797 2175 2837 au·

1382 2866 1501 2921 ctoritas.
1516 2866 1569 2922 dut
1581 2866 1604 2923 si
1618 2867 1662 2923 illo
1675 2882 1800 2924 sermone
1812 2870 1941 2939 perlecto,
1949 2885 2036 2942 eoque
2046 2871 2106 2927 loco
2118 2871 2187 2941 eius

1382 2973 1461 3028 quom
1477 2970 1734 3015 commemoraturus
1753 2975 1824 3028 sum,
1845 2964 1952 3034 coquito
1965 2974 2046 3034 atque
2063 2979 2176 3035 perspe-

1383 3058 1438 3115 cto,
1454 3046 1481 3103 in
1495 3049 1623 3120 opinione
1636 3059 1681 3105 tua
1696 3051 1858 3107 manendum
1874 3054 1989 3122 putasti;
2008 3054 2100 3125 utquid
2116 3053 2179 3110 iude

1384 3139 1466 3195 rerba
1479 3140 1606 3211 quaelibet
1619 3141 1754 3197 inseruisti
1774 3142 1848 3212 operi
1865 3143 1927 3199 tao?
1943 3142 2071 3199 Attiou-te
2084 3154 2115 3199 ut
2128 3160 2179 3200 rues

1385 3238 1471 3285 totum
1492 3231 1603 3301 legere·
1624 3247 1821 3299 commoneres,
1836 3243 1864 3289 et
1885 3234 2005 3291 inuenire
2026 3235 2097 3290 nude
2119 3244 2179 3292 tras

1384 3321 1650 3392 deprehenderemus
1665 3331 1694 3378 et
1711 3325 1932 3380 convinceremus
1955 3325 2087 3379 insidias?
2108 3327 2178 3392 Quid

1383 3412 1455 3467 ettiut
1469 3412 1597 3482 apertiuS,
1611 3427 1691 3483 quatu
1707 3412 1733 3468 id
1746 3412 1817 3483 quod
1831 3413 1866 3468 ibi
1880 3412 1957 3481 dixit,
1971 3432 1983 3468 t
2002 3414 2081 3470 Venit
2093 3416 2179 3471 semel

1383 3501 1517 3569 Cbristus,
1539 3510 1567 3557 et
1582 3503 1701 3573 paternis
1718 3516 1768 3557 nos
1788 3503 1957 3568 cautionibus
1975 3504 2076 3561 inuenit
2095 3505 2177 3561 astri·

1383 3602 1453 3666 ctos,
1469 3607 1535 3663 quas
1548 3593 1707 3662 conseripsit
1719 3593 1813 3648 Adam.
1829 3593 1876 3649 ille
1888 3594 1992 3650 initium
2007 3596 2177 3668 obligationis

1383 3683 1511 3748 ostendit,
1526 3684 1643 3753 peccatis
1657 3683 1757 3739 nostris
1770 3685 1845 3740 lenus
1859 3685 1978 3757 accrevit
1987 3686 2130 3760 ›liloutilitt
2142 3689 2178 3744 ad

1384 3771 1574 3848 Neopbptosll
1597 3774 1715 3831 ludisne
1728 3775 1864 3832 bominem
1880 3777 1906 3831 iu
1929 3777 1982 3834 tlde
2006 3779 2136 3836 catbolica
2149 3789 2178 3837 et

1384 3869 1518 3923 eruditum
1531 3878 1560 3924 et
1571 3868 1756 3936 erudientem,
1773 3869 1981 3942 distinguentem
1995 3872 2113 3929 debitum
2128 3889 2177 3944 pt-

1386 3962 1456 4018 terni
1469 3961 1649 4032 chirograpbi,
1665 3961 1736 4032 quod
1752 3962 1949 4019 bereditarium
1963 3964 2041 4023 nobis
2054 3965 2180 4033 iubaesit,

1384 4053 1419 4109 ab
1431 4052 1471 4108 cis
1482 4051 1591 4119 debitis,
1605 4067 1719 4122 quorum
1734 4066 1781 4122 per
1799 4063 1890 4111 nostra
1905 4064 2011 4124 peecata
2031 4054 2109 4111 lenus
2129 4071 2176 4113 ae·

1384 4142 1487 4199 creriti
1502 4141 1584 4198 Audis
1605 4141 1668 4212 quid
1689 4143 1807 4214 paruulis
1826 4143 1855 4198 in
1874 4143 2011 4215 baptismo
2031 4145 2176 4216 relaxetur,

1384 4233 1432 4304 qai
1444 4230 1562 4288 noudum
1577 4231 1685 4303 propria
1698 4232 1787 4290 debita
1801 4243 2003 4303 contraxerunt,
2021 4251 2072 4292 nec
2087 4247 2177 4297 tamen

1385 4342 1400 4380 a
1428 4330 1539 4397 paterno
1565 4323 1743 4396 clriroqtapbo
1770 4325 1904 4383 immunes
1927 4342 1988 4384 esse
2014 4330 2176 4399 potuerunt?

1385 4419 1474 4476 Verba
1491 4418 1588 4490 quippe
1603 4409 1662 4488 ejus
1680 4434 1732 4473 nou
1747 4419 1919 4488 interpretata
1941 4419 1979 4474 sic
2001 4419 2124 4489 leguntur
2146 4423 2174 4477 bt

1384 4526 1488 4581 ssl'aeffl:
1500 4528 1510 4562 ι
1526 4494 1631 4581 ὲρχιται
1642 4514 1709 4577 ἅπαξ
1720 4516 1733 4564 ὁ
1744 4517 1859 4581 Χριστὸς,
1871 4512 1935 4582 ιῧριι
1949 4518 2015 4579 irad-r
2026 4520 2184 4583 χειρόγραφον-

1385 4613 1502 4673 πατρόιι,
1515 4607 1529 4655 ὅ
1544 4627 1568 4657 τι
1578 4607 1693 4674 ιγριφιιό
1706 4591 1784 4670 disp.
1806 4590 1899 4664 liariter
1913 4614 1957 4663 raia
1969 4604 2045 4672 ἀρχὴν
2059 4611 2180 4669 rirbpapsr

1385 4701 1428 4747 τοῦ
1439 4699 1541 4762 χριιιυς,
1556 4702 1622 4761 ἡμᾶς
1636 4703 1675 4747 τὸν
1686 4698 1807 4761 dunrupit
1820 4699 1952 4762 q'aldratprt
1962 4709 2013 4756 ταῖς
2020 4704 2178 4762 marmari·

1385 4805 1439 4852 μις
1450 4787 1589 4855 &peperere
1601 4803 1611 4836 ι
1622 4784 1803 4852 Ουιιιιιιιιιιι
1815 4800 1831 4840 e
1843 4784 1941 4840 rerbo⁸
1952 4786 2122 4854 interpretata
2137 4789 2177 4844 sic

1386 4888 1416 4926 se
1438 4870 1554 4927 babent:
1577 4890 1587 4924 t
1604 4873 1682 4928 Vertit
1695 4874 1778 4930 semel
1793 4871 1925 4942 Christus,
1941 4875 2042 4931 inuenit
2055 4887 2175 4934 nostrum

1385 4966 1589 5037 cbirograpbum
1601 4976 1751 5038 paternum,
1761 4969 1833 5039 quotl
1854 4970 1960 5040 scripsit
1971 4970 2066 5026 Adam.
2076 4970 2122 5027 ille
2134 4972 2178 5026 iu·

1386 5058 1463 5113 itiam
1478 5058 1680 5124 buluxitdebiti,
1699 5075 1748 5115 nos
1760 5059 1837 5116 lenus
1849 5062 1972 5118 antimus
1987 5065 2178 5133 posterioribus

1387 5148 1527 5219 pcccatis.»
1544 5148 1676 5220 Numquid
1688 5159 1829 5207 contentus
1843 5150 1891 5207 t'uit
1902 5151 2003 5219 dicere,
2020 5164 2176 5224 ‹paternutrt

1386 5239 1609 5310 ettiroqrapbum,
1623 5259 1633 5293 ι
1646 5240 1697 5296 nisi
1711 5241 1832 5308 adderet,
1847 5261 1857 5295 t
1870 5245 2010 5299 nostrum?
2024 5264 2034 5298 r
2047 5245 2080 5302 Ut
2094 5248 2178 5302 scire-

1386 5347 1456 5399 mus,
1469 5342 1611 5403 antequam
1631 5333 1708 5389 letius
1730 5336 1847 5405 pcccatis
1867 5337 1968 5393 nostris
1986 5340 2178 5407 posterioribus

1387 5437 1557 5493 augeremus,
1568 5423 1624 5493 jam
1639 5425 1709 5480 illius
1721 5426 1890 5498 chirographi
1905 5428 2008 5500 paterni
2023 5428 2056 5483 ad
2072 5444 2121 5485 nos
2133 5431 2180 5485 tle·

1387 5513 1470 5569 bitum
1488 5515 1630 5584 pertinere.

1421 5603 1468 5659 bi.
1487 5605 1558 5676 Leqe
1571 5606 1652 5662 etiam
1666 5607 1890 5677 quemadmodum
1905 5618 2021 5679 exponat
2034 5608 2105 5665 irlem
2121 5610 2179 5680 ipse

1387 5695 1427 5750 rir
1439 5706 1546 5752 sanetus
1560 5697 1685 5753 eumdem
1699 5698 1787 5768 ipsum
1801 5700 1923 5769 Apostoli
1939 5701 2038 5767 locutu,
2052 5702 2096 5754 alti
2109 5703 2177 5756 scri-

1387 5798 1461 5858 ptutu
1484 5796 1535 5853 est,
1558 5786 1611 5842 Per
1629 5805 1707 5843 ιιιιιιιιι
1730 5789 1855 5844 terdena
1876 5803 2004 5860 peccatum
2029 5792 2131 5844 intrarit
2152 5793 2185 5844 ire

1387 5879 1518 5934 arraudum.
1533 5879 1571 5934 lbi
1591 5881 1662 5934 eninr
1678 5879 1738 5936 luce
1750 5881 1848 5936 clarius
1863 5881 1888 5936 in
1910 5881 1990 5952 lartius
2008 5882 2068 5937 blei
2088 5886 2180 5938 ctrtlur-

1420 6031 1432 6100 ¹·
1446 6030 1488 6101 nie
1505 6030 1529 6078 bt
1541 6028 1613 6079 edltls
1623 6029 1736 6091 additur,
1755 6037 1896 6094 peccabam
1914 6031 1978 6096 quod
1991 6032 2059 6082 abest
2071 6044 2085 6082 a
2097 6047 2181 6083 triatru-

1387 6099 1509 6212 8Ὗῃιξὶιδιίι]
1518 6157 1583 6211 ιιι,
1596 6164 1639 6201 rtos
1650 6159 1729 6203 tarum
1740 6152 1828 6218 lepore.

1420 6214 1518 6272 ⁸ratiti,
1538 6222 1596 6273 <rte
1623 6214 1695 6264 uerbo
1715 6230 1729 6267 e
1752 6215 1829 6267 terto.
1845 6217 1988 6268 concinnius
2009 6216 2178 6277 manuscriptis

1388 6285 1444 6335 (ιιι
1455 6275 1551 6324 retdtuu
1566 6288 1579 6324 e
1592 6277 1670 6326 serbo.
