5592 7350
602 908 654 965 219

603 1037 665 1076 rain
689 1019 715 1073 in
742 1016 838 1074 taluilis
862 1015 1105 1082 scribunturopcrn
1128 1011 1281 1074 charitatis,
1299 1010 1395 1063 teresi

601 1125 731 1180 operum,
749 1118 777 1163 et
800 1110 886 1163 littera
907 1102 1031 1160 occidens
1051 1102 1283 1173 prmiarimtarcm
1307 1119 1313 1154 :
1334 1115 1395 1153 ciun

600 1212 690 1259 antem
715 1204 771 1271 ipsa
794 1201 912 1256 charitas
936 1198 1094 1254 diffunditur
1120 1200 1146 1254 in
1178 1197 1260 1253 corde
1284 1195 1396 1252 creden-

603 1295 687 1362 tinin,
709 1295 751 1349 lex
771 1302 812 1349 est
834 1291 911 1360 lidci,
932 1299 958 1348 et
986 1290 1096 1362 spiritns
1121 1290 1259 1345 tiiillcans
1284 1288 1396 1345 dilecta-

601 1400 669 1441 rein.

572 1541 576 1550 ‚
636 1479 681 1534 30.
703 1477 768 1532 vioe
782 1491 852 1532 nnnc
874 1475 1099 1547 quemadmodum
1114 1482 1245 1530 consonet
1271 1474 1321 1528 ista
1338 1472 1395 1527 dis·

601 1569 686 1624 cretio
708 1568 761 1623 illis
783 1567 937 1637 apostolicis
958 1565 1063 1635 ieritis,
1097 1581 1157 1637 qne
1182 1565 1262 1635 paulo
1284 1571 1346 1619 ante
1361 1561 1397 1616 oh

602 1656 672 1712 alind
685 1664 892 1712 commemorata
905 1665 932 1711 et
945 1656 1097 1726 diligentius
1113 1654 1297 1725 pertractanda
1313 1653 1398 1707 distu-

555 1799 557 1803 ,
604 1746 697 1801 leram.
720 1746 886 1815 liauih‘smti,
901 1747 995 1815 inquit,
1006 1746 1126 1816 quoniam
1139 1745 1197 1799 citii
1207 1744 1314 1815 epistola
1326 1742 1396 1797 Chri-

602 1837 644 1902 ιιι,
660 1838 800 1891 ministrata
820 1854 864 1907 per
877 1854 922 1891 rios
934 1838 1027 1907 scripta
1045 1854 1095 1891 nan
1110 1846 1259 1900 atramenta,
1274 1836 1318 1890 sed
1332 1834 1397 1905 Spi-

602 1930 652 1982 ritu
661 1927 710 1982 Dei
721 1929 784 1993 i·ini;
796 1945 845 1983 uait
857 1929 883 1982 in
891 1928 982 1983 tributii
993 1929 1108 1997 hipideie,
1120 1929 1164 1982 sed
1175 1930 1201 1981 in
1214 1927 1305 1981 tabulis
1315 1926 1397 1979 cardis

602 2016 755 2071 rariiahhiii.
777 2018 845 2073 Ecce
860 2016 1083 2085 quemadmodum
1107 2016 1233 2084 ostendit,
1250 2016 1311 2087 qaia
1332 2014 1396 2069 illud

601 2115 677 2161 estre
694 2108 827 2163 hominem
842 2107 975 2173 scribitur,
999 2115 1028 2161 ut
1043 2123 1104 2162 enm
1128 2106 1275 2162 lorinsecus
1297 2105 1396 2160 territi·

600 2207 663 2263 est;
680 2198 730 2254 lioc
745 2200 772 2254 in
786 2202 842 2270 ipso
855 2199 973 2263 linmine,
997 2210 1026 2254 ut
1039 2215 1100 2255 curn
1116 2201 1278 2255 intrinsecas
1297 2198 1396 2267 iustih-

602 2296 654 2345 cet.
669 2290 891 2345 Carnalesanteiu
906 2291 1007 2345 tabulas
1021 2291 1110 2346 cordis
1122 2291 1198 2356 dixit,
1214 2307 1266 2345 non
1281 2290 1396 2345 carnalis

602 2376 758 2448 prudentias.
769 2379 816 2434 sed
829 2390 953 2450 tanquam
968 2381 1081 2435 virentis
1091 2395 1251 2451 sensumque
1263 2380 1396 2444 lialieniis,

603 2470 630 2525 in
660 2473 858 2540 comparatione
891 2472 987 2541 lapidis
1017 2474 1060 2545 qni
1091 2474 1149 2529 sine
1181 2489 1261 2530 sensu
1288 2482 1338 2529 est.
1364 2473 1397 2527 m

603 2562 674 2631 quod
700 2564 777 2632 paulo
805 2574 866 2634 post
884 2563 967 2631 dicit,
994 2564 1065 2636 qunil
1084 2580 1137 2620 non
1163 2574 1287 2637 poterant
1311 2567 1397 2620 inten-

603 2651 668 2707 dere
688 2653 733 2707 lilii
768 2651 847 2709 lsrael
866 2669 950 2725 usqne
975 2656 1000 2710 in
1023 2657 1102 2711 hnein
1129 2657 1217 2711 vultus
1242 2655 1345 2727 Moysi,
1370 2665 1397 2710 et

603 2742 663 2798 idea
677 2744 716 2799 eis
728 2759 775 2814 per
788 2746 876 2801 velunt
895 2746 1073 2817 loquebntnr3
1089 2748 1140 2803 hoe
1159 2749 1291 2818 signihcat
1305 2792 1311 2817 ,
1335 2750 1396 2819 qnia

603 2833 691 2893 littera
703 2838 771 2908 legis
785 2838 916 2894 nerninem
928 2840 1070 2909 justificat,
1083 2840 1128 2896 sed
1144 2840 1265 2895 uelamen
1281 2842 1396 2911 positiiru

603 2935 645 2981 ast
667 2927 692 2981 iii
707 2927 821 2983 lectione
845 2928 949 2984 Veteris
963 2930 1144 2996 Testamenti,
1161 2931 1248 3000 donec
1269 2931 1302 2985 ad
1317 2932 1396 2986 Cirri-

603 3025 674 3071 stnui
691 3026 855 3085 transeatur,
870 3027 897 3073 et
909 3018 1170 3075 anleratnrnelamcn
1187 3037 1193 3085 ;
1209 3020 1235 3075 id
1248 3028 1299 3084 est,
1310 3029 1398 3074 trans-

604 3107 720 3161 eatiirad
734 3108 863 3177 gratiam,
884 3118 911 3163 ct
930 3108 1111 3180 intelligatur¹
1126 3109 1159 3163 ali
1171 3110 1229 3179 ipso
1244 3111 1320 3165 nohis
1339 3125 1398 3165 csse

603 3197 829 3267 justificationem,
840 3213 891 3268 qna
902 3198 1029 3254 diciamus
1041 3199 1110 3270 quod
1123 3200 1208 3269 julici.
1217 3200 1266 3267 Qui
1278 3210 1399 3271 propter-

604 3304 635 3342 ea
657 3288 752 3360 jabet,
782 3299 811 3344 nt
831 3290 858 3344 iii
879 3290 977 3344 nobis'
993 3289 1148 3346 dchcieiites
1162 3290 1195 3346 ad
1216 3292 1288 3345 ilinin
1304 3291 1397 3344 conhi-

604 3379 719 3448 qiamns.
741 3379 803 3436 ldeo
819 3380 1020 3451 vigilantissime
1041 3396 1102 3436 cuin
1115 3382 1226 3436 dixisset
1240 3423 1246 3446 ,
1261 3380 1396 3451 Confiden-

605 3471 667 3522 tiam
678 3471 751 3524 taleni
763 3472 882 3526 lmheuius
895 3489 938 3542 per
948 3471 1077 3526 Christum
1088 3473 1122 3525 ad
1131 3472 1215 3526 Deuiu
1228 3489 1237 3538 ,·
1254 3491 1286 3528 ne
1300 3473 1399 3529 inistiis

609 3560 661 3616 lioc
676 3561 776 3616 uirilius
792 3562 969 3627 tribueretur,
983 3564 1109 3618 continno
1120 3564 1315 3619 commendarit
1329 3565 1399 3620 uude

606 3652 693 3723 agitur
707 3694 713 3717 ,
728 3650 819 3707 dicens
839 3670 846 3706 ι
866 3651 927 3707 Νοιι
939 3652 1007 3724 quad
1023 3653 1107 3707 idonei
1121 3669 1207 3708 iuiiins
1221 3654 1332 3723 capitem
1350 3656 1400 3709 aii·

606 3745 667 3813 qnid
687 3761 703 3796 a
723 3743 794 3796 nohis
818 3743 890 3813 qnasi
915 3759 946 3797 ea
964 3743 1147 3813 nobismetipsis
1169 3743 1235 3808 ,·sed
1253 3745 1400 3814 sufficientia

606 3844 692 3888 nostra
703 3850 733 3888 ea
747 3832 908 3900 aaronque
919 3842 942 3887 ei
951 3833 1055 3888 idoneos
1067 3851 1112 3889 aas
1126 3836 1184 3905 fecit
1195 3836 1322 3890 ministros
1334 3835 1400 3891 Noui

608 3923 773 3990 Testamenti,
786 3942 835 3979 nou
848 3925 937 3978 littere
947 3966 954 3990 ,
963 3925 1008 3980 sed
1020 3925 1135 3995 spiritns.
1152 3925 1247 3982 Littera
1259 3927 1324 3981 enini
1334 3929 1400 3982 oeci-

606 4015 654 4081 dit,
669 4016 772 4084 spiritus
785 4025 867 4069 auteur
880 4015 999 4083 airipcut.

641 4106 753 4162 catut
761 4105 937 4163 titul-31.
949 4105 1023 4162 Vetas
1031 4108 1072 4162 tex
1081 4117 1195 4174 niestein,
1207 4110 1401 4180 iioaap'ustitiam

606 4199 742 4253 iuiiiiitrnt.
758 4197 873 4254 Proinde
883 4199 943 4269 qnia
955 4198 1005 4261 ha.
1021 4200 1090 4254 sient
1103 4199 1165 4254 alihi
1186 4200 1266 4265 dicit,
1280 4205 1400 4272 prunari-

606 4290 711 4343 eatiouii
722 4290 804 4360 qratia
813 4290 895 4361 posita
907 4298 943 4344 est
954 4289 1050 4361 (Galat.
1067 4306 1106 4355 tii,
1122 4291 1186 4362 ld),
1204 4291 1228 4344 id
1241 4300 1297 4358 est,
1313 4292 1400 4346 littera

608 4379 658 4434 ista
673 4390 747 4434 extra
760 4378 894 4434 lioniinem
908 4380 1027 4449 scripta,
1049 4388 1190 4450 propterca
1210 4397 1268 4436 cam
1283 4392 1310 4436 et
1320 4384 1402 4437 niini·

570 4457 574 4463 ⁴
608 4473 763 4527 strationem
776 4473 869 4528 mertis
882 4480 909 4527 ct
925 4473 1146 4528 ministrationem
1162 4471 1340 4528 damnationis
1355 4491 1401 4545 ap

609 4561 791 4631 inlinuntur
815 4571 921 4627 antem,
939 4562 965 4618 id
987 4572 1047 4629 est,
1063 4563 1129 4618 Nori
1144 4563 1305 4619 Testamenti
1317 4564 1336 4631 ³,
1352 4567 1401 4620 mi-

609 4653 794 4709 nistrationem
807 4653 916 4724 spiritus
927 4662 955 4710 et
968 4653 1191 4710 ministrationem
1203 4653 1312 4724 justitiae
1325 4655 1399 4721 dicit,

608 4746 669 4815 quia
690 4761 738 4816 per
759 4746 859 4802 donum
881 4746 990 4816 spiritns
1015 4762 1157 4817 operamur
1175 4748 1324 4818 justitiam,
1345 4757 1400 4803 eta

611 4842 836 4909 praeuaricationis
845 4841 1016 4898 damnatione
1029 4843 1181 4898 liberamur.
1194 4842 1255 4898 ldea
1266 4841 1328 4897 illud
1340 4857 1402 4897 ena·

608 4939 718 4994 cnatnr,
751 4931 802 4986 linc
827 4939 917 4986 manet
937 4951 943 4985 :
967 4933 1091 5002 quantiam
1117 4942 1219 4988 terreus
1241 4930 1401 5002 paedagogus

608 5021 751 5085 aiiieretnr,
766 5037 827 5076 cuni
842 5022 930 5076 timori
944 5026 1103 5079 successerit
1121 5024 1246 5079 charitas.
1265 5025 1314 5080 hit
1328 5025 1400 5079 euim

608 5113 710 5180 spiritus
721 5111 839 5178 Domini,
851 5112 884 5165 ihi
895 5114 1004 5169 hierius.
1022 5114 1096 5171 llanc
1116 5126 1204 5172 autem
1226 5117 1401 5171 ministratio-

609 5218 669 5259 nem
696 5217 747 5258 non
771 5219 804 5258 er
828 5205 930 5261 meritis
949 5208 1064 5273 nastris,
1090 5208 1137 5264 sed
1159 5224 1191 5264 ex
1216 5209 1400 5265 misericordia

607 5309 668 5351 esse
682 5295 720 5351 sic
741 5294 805 5350 dicit
820 5313 827 5349 :
842 5294 952 5366 Propter
965 5299 1033 5368 qnod
1052 5298 1170 5353 hahentes
1189 5299 1401 5355 ministrationem

608 5388 686 5454 haue,
699 5389 764 5442 sieut
782 5388 980 5443 misericordiam
1000 5390 1126 5446 consecuti
1147 5406 1198 5444 nan
1219 5390 1400 5458 iiiprmemur,·

606 5477 651 5532 sed
668 5477 816 5549 adjiciamus
837 5477 935 5531 occulta
952 5481 1124 5551 caiihisiom's,
1140 5498 1190 5534 non
1207 5481 1362 5536 arriduiautei
1373 5484 1401 5536 iu

606 5571 699 5624 astutia
712 5613 719 5638 ,
734 5586 812 5642 ireque
821 5571 880 5624 dala
900 5570 1070 5627 adulterantes
1080 5572 1181 5626 nerium
1201 5571 1261 5627 hei.
1275 5573 1347 5627 lianc
1358 5590 1401 5628 ns·

608 5661 699 5714 tutiaru
714 5662 841 5718 etdolum
860 5661 1020 5734 hypocrisim
1037 5663 1093 5717 nult
1107 5662 1217 5732 intelligi
1234 5648 1331 5732 ,qnab
1352 5679 1400 5718 ta·

607 5752 664 5806 limt
672 5752 736 5821 justi
746 5755 853 5825 superlii
867 5755 961 5811 rideri.
975 5754 1051 5811 Unde
1061 5764 1088 5811 et
1098 5755 1124 5809 iii
1137 5754 1181 5808 illo
1192 5755 1305 5825 psalmo,
1321 5769 1399 5824 quent

606 5842 640 5898 titi
658 5843 737 5914 liujus
756 5847 838 5917 ipsius
859 5850 950 5919 gratim
972 5849 1184 5903 testificationem
1208 5858 1401 5902 commemorat
1448 5841 1510 5900 11¹⁸&
1521 5840 1586 5903 [acti.

606 5933 676 5990 tdcm
697 5938 834 6004 apostolus
851 5956 857 5991 ι
877 5938 989 6004 Beatus,
1016 5941 1118 6011 iuquit,
1135 5942 1176 5994 cni
1199 5956 1248 5994 nau
1269 5940 1402 6010 impiitiieit

640 6083 648 6115 ¹
661 6087 697 6129 Er.
711 6089 812 6143 otiati..
824 6091 850 6134 iit
861 6085 1014 6151 iiitciliqatin:

606 6145 649 6257 m:
660 6151 713 6195 liin.
726 6151 752 6195 et
770 6146 880 6195 nonnulli
903 6157 964 6210 tiss,
977 6158 1001 6200 iit
1017 6165 1031 6200 ii
1046 6151 1119 6201 italiis.
1135 6161 1184 6200 tuin
1203 6153 1306 6203 mulinas.
1322 6159 1345 6201 i't
1363 6166 1397 6200 nn·

642 6242 652 6300 ἦ
665 6276 678 6314 Α
690 6267 729 6316 init
741 6274 806 6325 teti..
820 6277 909 6318 ,l'aeitut
923 6277 1092 6321 li'sttiiiu'iituni

637 6330 684 6378 ιιι
694 6331 719 6381 ιιι
732 6338 758 6382 ct
768 6330 865 6397 quidam
873 6337 936 6394 tiss,
948 6333 1012 6392 quin.

1073 901 1115 955 ns·
1134 897 1267 956 settttltt
1289 898 1331 953 tit
1352 896 1510 964 latitent,
1530 897 1558 952 S.
1580 894 1761 953 ,ttctsuni

2189 907 2240 961 ἳίιιι

1455 1005 1576 1061 lhuniuiis
1596 1018 1723 1074 peceatum
1735 1048 1742 1071 ,
1756 1025 1832 1079 neque
1848 1018 1884 1063 cst
1901 1009 1926 1063 iii
1941 1011 2129 1084 aredjiisiloiui
2142 1014 2153 1088 (
2165 1016 2241 1072 lluiu.

1451 1114 1486 1163 ii,
1501 1100 1517 1152 8
1530 1116 1536 1158 ;
1551 1096 1622 1152 Psoi.
1641 1115 1701 1153 iisxi
1712 1140 1718 1163 ,
1728 1098 1746 1152 ι
1756 1100 1775 1169 ).
1794 1100 1854 1154 llice
1871 1110 1912 1154 est
1932 1100 2071 1159 liuniilinm
2085 1116 2240 1163 sanctornm

1449 1187 1598 1253 consessio,
1615 1205 1668 1244 non
1681 1189 1877 1260 sejactouiinm
1895 1193 2037 1263 essequod
2050 1210 2104 1251 nan
2120 1207 2193 1253 sunt.
2210 1200 2241 1254 Et

1451 1280 1529 1348 paulo
1544 1287 1604 1349 post
1616 1296 1622 1333 ε
1636 1279 1697 1334 Nan
1718 1282 1785 1334 euim
1803 1283 1981 1352 nosnietipsai,
1995 1286 2097 1356 inquit,
2118 1289 2242 1357 predica·

1449 1386 1515 1431 iiiiii,
1536 1370 1680 1425 redieram
1692 1370 1820 1426 Christum
1841 1372 1979 1429 Doniiiium
1991 1376 2012 1441 ¹,
2027 1393 2073 1432 iias
2090 1389 2175 1434 autent
2186 1397 2241 1436 ier·

1450 1478 1492 1516 ioi
1506 1473 1597 1517 iustior
1616 1480 1660 1535 per
1677 1462 1766 1518 desum
1778 1481 1788 1518 .·
1801 1466 1860 1534 quia
1877 1464 1943 1521 Deus
1957 1469 1999 1537 qai
2008 1467 2072 1522 iiiait
2085 1470 2117 1524 de
2135 1473 2243 1528 tenebris

1449 1555 1534 1607 linum
1548 1555 1694 1620 clarescere,
1707 1556 1800 1609 claruit
1816 1557 1841 1610 iii
1858 1557 1975 1613 cordibus
1989 1561 2080 1615 uaitrh
2099 1563 2134 1616 ad
2147 1563 2243 1619 illumi-

1449 1645 1576 1700 nationem
1594 1646 1705 1700 scientie
1716 1646 1805 1717 pieriis
1823 1650 1878 1717 eius
1892 1649 1919 1703 iii
1942 1650 2032 1721 [aciem
2052 1651 2148 1709 Christi
2167 1654 2242 1711 desii.

1451 1737 1512 1791 lime
1525 1745 1566 1793 est
1581 1738 1691 1793 scientie
1704 1737 1797 1809 glorian
1816 1739 1889 1807 ejus,
1904 1755 1955 1810 qna
1970 1742 2068 1798 scimus
2082 1744 2169 1812 ipsum
2182 1761 2243 1801 osse

1450 1828 1547 1888 liiuteu,
1564 1841 1618 1897 quo
1631 1827 1748 1883 tenebra
1761 1836 1859 1883 nostre¹
1870 1830 2061 1888 illuminentur.
2073 1834 2106 1888 Et
2125 1834 2243 1905 idipsum

1449 1917 1556 1973 attende
1577 1918 1800 1987 quemadmodum
1832 1920 1945 1977 inculcet
1973 1939 1980 1975 :
2005 1922 2134 1979 diademas
2159 1937 2243 1983 antini

1451 2012 1594 2065 thesaurarii
1607 2011 1682 2067 istum
1695 2013 1720 2066 in
1730 2014 1797 2067 uasis
1809 2014 1949 2083 pictilibus,
1962 2024 1990 2069 iit
1999 2018 2133 2071 eminentia
2145 2020 2244 2074 virtutis

1449 2101 1481 2154 sit
1501 2100 1559 2166 Dei,
1578 2111 1601 2157 et
1613 2119 1664 2157 nari
1682 2120 1713 2159 es
1729 2104 1809 2160 neiis.
1824 2105 1857 2159 Et
1873 2107 1951 2175 paulo
1963 2114 2024 2178 post
2036 2124 2097 2163 cum
2119 2112 2244 2167 conrident

1449 2193 1560 2261 gratiam
1583 2193 1690 2248 uberius
1711 2194 1739 2249 in
1761 2194 1949 2251 llominolesn
1974 2194 2082 2253 chriso
2104 2214 2244 2255 canimen-

1449 2283 1532 2347 ilans,
1548 2283 1674 2355 usquead
1688 2284 1754 2339 illud
1768 2286 1871 2340 reniret
1884 2286 2068 2343 indumentum
2082 2287 2193 2359 justitie
2216 2293 2247 2343 li·

1450 2372 1509 2437 ilci,
1532 2388 1586 2443 qno
1611 2373 1694 2429 induti
1718 2369 1769 2429 nan
1790 2374 1852 2430 uiidi
1879 2376 2061 2443 iiiieiiiaiuur,
2091 2388 2118 2434 et
2137 2391 2246 2449 propter

1452 2465 1501 2519 hoc
1523 2466 1719 2535 ingemiscimus
1739 2467 1901 2524 mortalitate
1915 2470 1925 2500 ⁸
1941 2472 2115 2540 praegravati,
2142 2472 2246 2529 lialiita·

1451 2555 1538 2609 inlum
1552 2564 1673 2611 nostrum
1685 2555 1755 2628 quod
1772 2557 1807 2613 de
1820 2558 1889 2613 cecla
1900 2571 1941 2613 esi
1962 2561 2116 2630 superindui
2130 2564 2246 2635 ciipien·

1452 2655 1500 2712 tes,
1515 2656 1544 2700 ut
1566 2647 1739 2703 absorbeatur
1752 2649 1864 2703 mortale
1883 2664 1898 2703 a
1914 2651 1978 2717 nita,
1994 2651 2053 2707 ride
2067 2654 2130 2722 qnid
2149 2654 2245 2725 adjun-

1450 2744 1493 2804 gat
1508 2755 1514 2789 :
1531 2737 1581 2802 Qui
1593 2746 1676 2791 mitem
1686 2747 1802 2807 operatus
1815 2748 1850 2792 est
1862 2756 1928 2804 uas,
1945 2741 2047 2810 iuquit,
2062 2743 2089 2796 in
2099 2743 2147 2797 hac
2160 2745 2245 2815 ipsuni
2258 2783 2264 2795 .

1454 2825 1520 2880 heus
1530 2828 1573 2897 qui
1587 2826 1656 2881 dedit
1669 2829 1740 2882 nohis
1759 2828 1851 2900 piqutis
1867 2830 1982 2898 spiritns.
1995 2832 2027 2886 Et
2038 2841 2098 2902 post
2110 2849 2194 2903 pauca
2205 2836 2246 2889 iii-

1452 2917 1509 2972 tnlit
1524 2935 1531 2971 z
1544 2917 1578 2971 tti
1593 2934 1638 2972 iios
1648 2920 1726 2971 ninius
1740 2920 1843 2988 justitia
1854 2919 1902 2973 Dei
1912 2920 1938 2973 iu
1959 2922 2033 2992 ipsa(
2047 2922 2068 2977 ll
2078 2921 2138 2979 Car.
2150 2940 2211 2980 iit-ii
2224 2928 2244 2996 l.

1452 3007 1513 3063 lliec
1527 3016 1569 3062 est
1582 3009 1623 3062 illa
1635 3009 1738 3078 justitia
1761 3010 1818 3077 liei,
1832 3027 1885 3066 nau
1900 3027 1951 3082 qua
1967 3012 2118 3085 ipsejnstus
2128 3027 2180 3084 est,
2197 3018 2245 3073 scil

1451 3115 1501 3167 qua
1520 3114 1568 3153 nos
1583 3099 1617 3154 ab
1627 3115 1659 3155 eo
1673 3101 1733 3155 tacti
1747 3100 1769 3156 ⁸.

1487 3188 1599 3245 cat‘ttt
1619 3190 1689 3244 xit.
1710 3220 1746 3231 ·-
1764 3191 1809 3245 32.
1832 3191 1909 3246 Fides
1921 3196 2057 3250 chuniana
2070 3197 2102 3252 de
2115 3199 2247 3271 adjutoria

1451 3280 1548 3350 qratia.
1562 3278 1700 3349 Pinphetia
1717 3280 1837 3336 heremite
1851 3283 1882 3336 dc
1899 3283 1972 3339 Notio
1992 3284 2160 3343 Testamenta.
2180 3290 2245 3346 Les.

1453 3373 1551 3427 iii-iiiia.
1566 3373 1651 3429 Neino
1663 3389 1727 3443 crgo
1736 3373 1948 3430 Cirristinniiruni
1961 3377 2066 3433 alicrret
2077 3379 2110 3433 ah
2121 3380 2171 3436 liae
2182 3382 2244 3449 hile,

1452 3480 1511 3533 qnae
1526 3465 1582 3519 sola
1595 3464 1740 3519 christiana
1752 3473 1810 3531 est;
1826 3481 1912 3535 neque
1926 3467 2076 3538 quisquam,
2090 3484 2150 3524 cuni
2167 3487 2247 3528 verc-

1452 3556 1584 3611 cundatus
1599 3556 1678 3611 luerit
1690 3556 1791 3622 dicere,
1806 3571 1854 3626 pcr
1869 3573 1916 3613 nos
1931 3557 2002 3627 ipsos
2015 3558 2071 3615 lieri
2086 3577 2135 3617 niis
2146 3562 2246 3633 justos,

1454 3663 1507 3703 nou
1522 3648 1572 3703 linc
1589 3649 1615 3703 in
1628 3646 1706 3704 nuliis
1725 3658 1851 3719 operante
1869 3651 2094 3724 arationesque
2109 3655 2182 3711 ridet
2196 3656 2248 3713 linc

1453 3759 1467 3796 a
1484 3741 1605 3798 hdelilius
1619 3749 1646 3796 et
1667 3741 1717 3810 piis
1737 3740 1801 3795 ferri
1817 3757 1869 3795 nnu
1887 3756 1964 3811 posse
1979 3742 2000 3810 ⁸,
2013 3760 2073 3799 cuni
2089 3747 2197 3816 dicitur,
2213 3750 2248 3805 ad
2261 3750 2269 3775 ἰ

1454 3831 1504 3886 tioe
1525 3845 1555 3887 se
1575 3840 1713 3887 conuertit
1728 3839 1756 3885 nt
1770 3830 1851 3898 dicat,
1868 3833 1928 3888 iden
1944 3833 2001 3890 sine
2014 3838 2170 3904 operatione
2183 3856 2248 3910 gra·

1454 3922 1496 3974 tin·
1511 3921 1557 3976 liei
1572 3935 1621 3975 nas
1631 3921 1719 3989 justos
1733 3934 1793 3976 csse
1807 3937 1860 3975 non
1875 3937 1964 3991 posse,
1979 3926 2041 3993 quia
2056 3926 2142 3996 legem
2160 3928 2246 3994 dedit,

1454 4010 1512 4077 qnia
1528 4010 1675 4065 doctriimm
1690 4010 1815 4076 institnit,
1829 4011 1890 4080 quia
1906 4011 1974 4067 hona
1989 4027 2121 4085 precepta
2134 4019 2248 4074 manile·

1454 4100 1500 4153 iit.
1513 4100 1558 4154 llla
1572 4101 1643 4156 cuim
1659 4100 1717 4155 sine
1737 4099 1879 4170 adjurante
1893 4103 1987 4170 spirita
2006 4107 2096 4173 procul
2111 4107 2192 4163 tutio
2206 4119 2250 4166 est

1455 4192 1542 4246 littera
1560 4191 1685 4247 accidens
1700 4208 1707 4246 ε
1722 4207 1782 4247 cnm
1800 4208 1864 4247 rero
1882 4193 1958 4248 adest
1975 4195 2112 4251 ririhcans
2125 4201 2247 4270 spiritus,

1455 4283 1504 4338 lioc
1519 4283 1604 4352 ipsum
1627 4283 1697 4337 intus
1716 4283 1895 4352 couscriptum
1916 4282 1979 4338 saeit
1995 4284 2079 4357 diligi,
2096 4289 2167 4359 quod
2183 4291 2249 4347 ieris

1453 4374 1581 4443 scriptum
1596 4373 1638 4429 lex
1652 4373 1763 4429 laciehat
1779 4374 1876 4428 timeri.

1489 4463 1533 4518 33.
1543 4462 1648 4533 inspice
1662 4462 1733 4538 Ιιοιξ
1741 4463 1875 4533 paululum
1888 4474 1916 4520 et
1929 4469 1955 4521 iii
1968 4483 2002 4523 eo
2015 4470 2166 4527 testimonio
2176 4477 2249 4544 qnod

1456 4569 1503 4620 per
1525 4553 1681 4622 proplietam
1702 4553 1736 4609 dc
1759 4553 1809 4610 liae
1827 4571 1857 4611 re
1880 4559 2111 4625 praeclarissimum
2130 4564 2249 4622 edietum

1455 4644 1533 4697 est⁸z
1550 4643 1616 4697 Eece
1638 4644 1690 4698 diei
1711 4646 1813 4699 veniunt
1827 4647 1848 4712 ⁷,
1865 4647 1925 4701 dicit
1941 4646 2074 4716 Donu'uiis,
2091 4662 2114 4705 et
2128 4669 2249 4709 consinii·

1454 4734 1526 4788 niaha
1537 4752 1613 4805 super
1624 4737 1726 4790 denium
1740 4735 1823 4791 Israel
1836 4747 1859 4790 ct
1873 4754 1950 4808 super
1964 4739 2066 4795 deinum
2076 4741 2147 4796 tuan
2157 4744 2248 4799 Testu-

1454 4836 1563 4879 ineutnm
1575 4825 1686 4891 Nurum,
1701 4843 1752 4881 nan
1765 4827 1903 4882 secundum
1916 4828 2102 4886 Testamentum
2119 4835 2188 4903 quad
2201 4839 2250 4906 [cci

1455 4918 1567 4983 putridus
1580 4932 1666 4969 earum
1680 4919 1706 4970 iii
1720 4917 1760 4971 die
1770 4933 1821 4988 qua
1832 4919 1988 4988 apprehendi
1999 4936 2101 4975 niarium
2114 4938 2211 4982 earum.
2223 4938 2250 4981 nt

1454 5004 1583 5059 ediiceieai
1598 5022 1639 5060 roe
1654 5010 1664 5038 *¹
1677 5006 1708 5059 de
1721 5015 1789 5060 terra
1807 5005 1917 5078 AEpppti
1930 5024 1940 5062 .·
1953 5009 2013 5078 quia
2031 5009 2082 5079 ipsi
2101 5027 2152 5065 nou
2165 5031 2249 5084 perir-

1453 5106 1599 5150 aereneriiut
1613 5097 1638 5150 iu
1651 5096 1811 5152 Testamenta
1824 5114 1889 5163 mea,
1905 5107 1927 5152 et
1943 5115 1989 5169 epa
2006 5101 2106 5171 neptesi
2118 5119 2171 5170 eae,
2187 5106 2250 5162 dicii

1456 5188 1586 5245 hauriatis.
1603 5191 1669 5257 Quia
1683 5191 1729 5245 hae
1741 5190 1928 5247 Testamentum
1938 5203 1975 5248 en
1985 5197 2053 5266 quad
2065 5198 2187 5253 ordinale
2200 5200 2248 5252 do-

1455 5281 1506 5333 niiii
1520 5279 1623 5334 lsrael:
1639 5280 1700 5336 Post
1716 5282 1775 5337 illos
1793 5281 1861 5347 atei,
1875 5283 1936 5337 dicit
1952 5283 2086 5351 Daniinas,
2100 5288 2166 5343 daha
2183 5289 2250 5361 lepre

1453 5388 1521 5424 ineas
1534 5371 1561 5423 iu
1573 5387 1616 5424 cor
1629 5371 1743 5437 illorum,
1755 5381 1777 5426 ιι
1792 5373 1817 5425 iri
1833 5384 1914 5426 mente
1928 5390 2013 5428 eariim
2026 5376 2134 5431 muham
2147 5395 2190 5433 eas
2204 5395 2213 5432 :
2226 5388 2251 5434 et

1453 5479 1495 5515 rra
1512 5462 1547 5516 eis
1564 5463 1589 5514 in
1600 5460 1694 5528 Dentri,
1705 5471 1728 5517 et
1741 5463 1790 5531 ipsi
1802 5472 1874 5519 eruut
1888 5465 1951 5518 mihi
1964 5467 1990 5520 iii
2004 5467 2139 5539 papirium.
2152 5469 2186 5523 m
2199 5488 2251 5526 iiaii

1487 5597 1494 5626 ¹
1507 5597 1548 5645 nic
1559 5597 1583 5643 ln
1595 5593 1668 5644 editis
1675 5593 1777 5654 additur,
1790 5599 1904 5646 uartrmu.
1915 5595 1987 5647 abest
1997 5599 2187 5662 anuunsisiptts
2200 5607 2251 5650 ets
2293 5594 2298 5605 ‘

1453 5669 1601 5767 8ΐὶἳοιοιιίιιιιε
1612 5729 1687 5779 prope
1695 5721 1759 5788 itas..
1770 5716 1911 5767 mortaliter.

1486 5780 1548 5828 ’trie
1569 5781 1593 5827 ln
1615 5779 1794 5829 recentioribus
1809 5780 1952 5842 quibusdam
1972 5781 2118 5833 editionibus
2134 5783 2249 5845 additum,

1485 5903 1496 5933 ι
1508 5909 1540 5951 tia
1551 5903 1758 5971 inomuilinsptss.
1770 5907 1797 5951 itt
1808 5902 1832 5950 in
1845 5901 1924 5972 editis,
1936 5903 2004 5953 rreai
2013 5916 2059 5953 nen
2071 5917 2146 5968 passe.

1485 5965 1576 6020 ⁸cdiii,
1592 5972 1683 6025 inspice
1696 5975 1719 6011 m
1732 5962 1784 6011 lioc.
1799 5964 1880 6019 itliest,
1892 5976 1927 6022 ni,
1938 5976 1952 6012 ii
1962 5971 2015 6014 ltss

1486 6025 1496 6054 ⁸
1509 6026 1573 6086 npiiil
1586 6033 1649 6080 inu,
1662 6022 1949 6087 praenuntiantium
1961 6032 2004 6075 est.

1487 6089 1496 6116 ⁷
1509 6084 1687 6144 nutrimentum.
1701 6094 1728 6135 nt
1736 6093 1799 6138 tiss,
1811 6087 1915 6136 veitiimt.

1485 6149 1495 6176 ⁸
1509 6155 1549 6195 tue
1566 6148 1639 6196 tulitin
1652 6155 1701 6195 ltin.
1716 6149 1922 6195 atritioniiitiiiiie
1936 6149 2053 6197 vaticanis
2063 6155 2128 6202 tiss,
2142 6155 2166 6199 nt
2178 6150 2250 6211 rp'i'rr·

1456 6224 1505 6257 rein
1515 6221 1563 6256 cns.
1576 6209 1620 6255 soil
1634 6209 1692 6256 iutra
1705 6211 1802 6269 quoties
1814 6209 1875 6257 istud
1885 6210 2048 6257 testimoninm
2057 6212 2187 6270 repetitur,
2196 6226 2251 6261 carta

1456 6273 1502 6320 iilis
1511 6279 1648 6379 opimantur
1661 6271 1683 6317 iii
1698 6286 1728 6317 en
1738 6272 1812 6320 rerba
1823 6272 1969 6319 miiitiniinnt
1984 6272 2068 6319 izi-tini
2083 6280 2126 6320 tiss
2149 6274 2252 6322 vaticani

1458 6344 1479 6383 ri
1491 6331 1529 6379 iat
1542 6333 1609 6380 rain.
