5592 7350
587 868 641 930 893

585 978 808 1052 bntmtnaOEpder
838 977 866 1042 u,
886 975 978 1051 e-to).
1001 975 1070 1044 Quid
1088 981 1131 1030 est
1155 974 1215 1035 lrue,
1231 972 1301 1045 qrrnri
1315 989 1376 1027 eum

587 1076 635 1131 Dei
648 1075 760 1147 gratiam
775 1070 967 1127 commendans
977 1069 1104 1131 dixisset,
1129 1083 1177 1120 non
1192 1082 1224 1120 ex
1241 1065 1376 1135 operibus,

584 1185 617 1223 ae
631 1171 696 1238 sorte
709 1166 764 1235 prtia
774 1164 926 1227 retaliatum
938 1177 987 1217 eur
1002 1162 1052 1216 boe
1061 1160 1158 1215 dixerit
1171 1160 1301 1213 rationem
1316 1156 1377 1211 red-

584 1258 660 1321 dens,
677 1254 839 1328 lpsioreuirn
852 1269 950 1318 rumne,
970 1251 1065 1321 inqrrit,
1087 1251 1244 1332 figmentum,
1260 1246 1338 1301 creari
1351 1246 1387 1300 in¹

586 1349 685 1405 [butte
706 1347 767 1402 lcau
787 1348 813 1401 in
831 1346 949 1417 operibus
973 1344 1069 1402 toste?
1086 1342 1225 1411 Quomodo
1238 1355 1311 1452 ergo,
1328 1356 1379 1393 uon

586 1457 615 1494 rx
633 1440 760 1507 operibus,
781 1454 812 1491 ne
822 1439 888 1508 [orte
900 1438 957 1506 quir
971 1435 1129 1490 extollatur?
1147 1432 1198 1489 Sed
1213 1432 1284 1495 arrdt,
1296 1439 1325 1487 et
1338 1430 1379 1483 iu-

585 1532 692 1601 tellige,
720 1546 771 1584 nort
794 1544 825 1583 ca
840 1528 956 1597 operibus
968 1527 1079 1590 dietum,
1096 1536 1221 1594 tauuuam
1234 1523 1286 1578 tuis
1305 1537 1337 1576 ex
1352 1530 1378 1577 ιε

583 1621 642 1691 ipso
656 1620 703 1675 tibi
717 1619 903 1684 existentibus,
919 1617 966 1673 sed
979 1627 1103 1688 tanquam
1124 1616 1166 1671 liis
1185 1616 1211 1669 iu
1231 1614 1326 1685 quibus
1352 1622 1379 1669 te

583 1713 654 1768 Deus
671 1711 757 1775 linxit,
772 1711 799 1765 id
817 1719 859 1765 est
874 1710 995 1765 [nunaut
1006 1718 1032 1765 et
1043 1708 1152 1764 crearit.
1167 1706 1225 1762 lloc
1238 1705 1376 1772 enimait,

583 1803 670 1874 lptiua
688 1819 776 1857 auriana
788 1803 945 1875 pipinemun,
960 1801 1037 1855 creati
1046 1801 1072 1855 iu
1082 1797 1182 1856 Citriato
1192 1798 1256 1853 Jeau
1269 1798 1295 1852 iu
1315 1814 1376 1867 ope·

584 1893 654 1948 nina
668 1892 760 1958 botrin
774 1907 825 1947 riou
846 1893 890 1947 illa
906 1891 1042 1947 creatione
1054 1906 1106 1962 qua
1121 1889 1243 1945 homines
1257 1888 1318 1943 laeti
1331 1904 1379 1944 su·

583 1998 653 2048 nias,
670 1982 717 2039 sed
730 1999 762 2038 ea
774 1984 808 2038 de
817 1998 869 2054 qua
883 1982 928 2038 ille
940 1981 1055 2048 dicebat,
1069 1980 1114 2051 qui
1125 1981 1217 2050 ntique
1226 1980 1281 2049 iam
1297 1979 1377 2033 honio

583 2083 651 2140 erat,
663 2072 713 2128 Cor
725 2073 848 2126 muudum
859 2088 918 2127 meu
935 2073 962 2126 iu
975 2088 1024 2139 me,
1045 2070 1115 2126 Deus
1128 2068 1213 2145 (Psoi.
1228 2086 1254 2135 ι,
1271 2070 1334 2140 l‘ll;
1349 2079 1376 2125 et

583 2163 616 2218 de
627 2179 677 2233 qua
691 2163 757 2218 dicit
776 2163 930 2232 Apostolus,
951 2162 982 2218 st
998 2178 1048 2233 prro
1060 2162 1139 2234 igitur
1153 2163 1180 2216 in
1198 2160 1297 2216 Clariato
1311 2176 1376 2215 noua

581 2261 706 2316 arcabica,
718 2263 801 2307 uetere
811 2254 976 2319 mondericum
985 2269 1040 2311 ecce
1049 2254 1118 2321 [ricto
1127 2262 1187 2308 suut
1197 2268 1262 2307 noro
1272 2268 1281 2307 :
1291 2255 1377 2307 omnio

581 2356 667 2399 auteur
678 2360 709 2399 ec
723 2343 776 2399 Deo
791 2345 823 2417 (ll
836 2343 897 2401 Gor.
911 2361 942 2401 u.
959 2346 1003 2410 li,
1022 2344 1077 2416 18).
1094 2343 1230 2415 Fingimur
1247 2358 1327 2414 ergo,
1348 2342 1375 2397 id

581 2444 622 2492 est
644 2436 788 2489 lormamur
805 2443 832 2490 et
843 2450 967 2490 creamur
978 2437 1004 2489 in
1018 2436 1135 2505 operibor
1147 2435 1228 2501 bouis,
1243 2449 1308 2505 quc,
1322 2448 1375 2487 nou

581 2526 789 2597 praeparavimus
811 2540 870 2592 nos,
894 2526 942 2580 sed
957 2527 1110 2596 prccpurnoit
1131 2524 1210 2589 lleur,
1228 2533 1256 2577 ut
1275 2524 1303 2578 in
1323 2523 1375 2577 illia

580 2614 744 2669 andeleium.
759 2613 862 2685 ltaque,¹
873 2615 1022 2669 charissimi
1042 2616 1061 2678 ¹,
1083 2616 1104 2669 si
1126 2614 1177 2669 rita
1192 2615 1260 2668 bona
1284 2622 1374 2668 nostra

580 2707 645 2762 nillil
665 2707 738 2762 aliud
757 2718 798 2762 est
817 2723 896 2777 aguam
918 2708 963 2763 liei
985 2709 1080 2778 gratia,
1101 2709 1158 2760 sine
1174 2706 1256 2761 dubio
1270 2716 1298 2762 ct
1320 2706 1374 2761 rita

580 2809 689 2863 aeternna,
706 2814 766 2869 quac
785 2798 861 2852 lionae
881 2798 942 2853 vitre
962 2797 1092 2861 redditur,
1108 2797 1154 2850 Dei
1170 2796 1254 2866 gratia
1270 2808 1311 2850 est
1324 2812 1331 2848 a
1345 2788 1387 2849 et'

581 2890 636 2960 ipsa
656 2891 727 2944 enim
748 2889 830 2957 gratis
853 2889 949 2953 datur,
974 2888 1034 2959 quia
1056 2887 1138 2957 gratis
1150 2888 1209 2939 daria
1222 2893 1263 2940 est
1275 2886 1319 2939 illa
1331 2884 1374 2940 eui

571 2982 668 3039 claun.
687 2981 739 3035 Sed
761 2981 803 3034 illu
819 2982 861 3035 eui
884 2981 981 3046 datur,
1006 2979 1189 3035 tantummodo
1209 2978 1293 3048 gratia
1310 2987 1372 3033 est:

580 3069 638 3128 lianc
658 3084 746 3127 autem
761 3088 820 3143 quac
836 3074 872 3127 illi
892 3074 988 3140 datur,
1007 3072 1132 3143 quorriam
1154 3072 1294 3142 perenuium
1313 3068 1372 3139 ejus

578 3170 629 3228 est,
642 3164 725 3233 gratia
738 3171 779 3217 est
791 3178 838 3232 pro
850 3163 944 3232 gratia,
955 3172 1079 3233 tanquam
1090 3175 1193 3217 merces
1204 3159 1370 3230 proinstirim

579 3260 607 3306 ut
621 3267 712 3307 uerum
723 3253 768 3317 sit,
782 3253 907 3321 quoniam
918 3268 1009 3306 terrim
1024 3260 1077 3317 cst,
1086 3251 1148 3321 quia
1163 3249 1256 3305 reddet
1266 3248 1370 3303 unicui·

577 3358 630 3412 que
643 3343 712 3396 oeus
729 3342 873 3397 seeundum
889 3358 970 3412 opera
982 3343 1050 3410 eius.

613 3431 876 3489 ciruitu-21.
888 3432 980 3488 Utrum
994 3441 1083 3487 autera
1094 3431 1235 3502 legerimus
1249 3430 1373 3486 inlibris

577 3524 687 3588 carretis,
708 3523 818 3594 gratiam
844 3539 890 3593 pro
908 3523 1011 3594 praetia,
1035 3522 1145 3577 forsitan
1167 3521 1295 3592 quaeritis.
1318 3520 1372 3576 Sed

578 3614 681 3669 barbetis
698 3615 871 3685 Euarrgelium
893 3615 1039 3669 secuudum
1065 3614 1195 3669 loannem
1217 3619 1288 3669 tauta
1311 3613 1372 3669 luce

577 3704 765 3769 clarissimum,
781 3705 825 3759 ubi
839 3704 956 3760 loannes
969 3704 1086 3774 baptista
1098 3705 1132 3759 de
1144 3705 1255 3759 bouriuo
1264 3703 1372 3758 Christo

577 3795 651 3858 dicit,
666 3793 722 3847 Nos
735 3804 818 3848 cutem
838 3811 869 3848 ec
881 3795 1036 3865 plenitudiue
1048 3796 1103 3867 ejus
1113 3796 1265 3864 occepimus,
1277 3803 1300 3848 et
1313 3810 1373 3865 gra·

578 3886 638 3938 tium
655 3901 702 3954 pro
720 3887 803 3956 prolia
821 3884 911 3957 (Jecur.
923 3901 942 3951 ι,
956 3885 1014 3957 ltil-
1030 3886 1068 3938 Er
1082 3886 1140 3955 ejus
1154 3895 1242 3955 itaque
1256 3885 1371 3954 plenitu-

577 3976 639 4030 dine
653 3976 804 4046 accepimus
812 3992 860 4045 pro
868 3976 977 4032 modulo
988 3987 1082 4031 nostro
1093 3985 1218 4046 tauquam
1229 3977 1372 4047 particulas

577 4077 682 4122 ruostras
694 4077 722 4122 ut
736 4068 803 4124 bene
817 4069 947 4135 visamus,
961 4070 1025 4122 sicut
1042 4068 1110 4122 Deua
1122 4070 1230 4138 partitas
1247 4076 1283 4122 eet
1298 4084 1370 4121 nten-

577 4175 663 4215 aurcnt
677 4160 736 4229 fidei
749 4160 836 4231 (llorrn
853 4177 901 4224 ru,
922 4162 967 4231 5);
981 4162 1042 4231 quia
1055 4163 1225 4232 uniusquisque
1240 4161 1370 4231 proprium

578 4251 673 4305 donum
694 4251 767 4305 incubet
784 4269 800 4305 o
818 4252 880 4318 Deo,
897 4251 964 4306 alirn
977 4253 1024 4319 sic,
1044 4253 1110 4307 aliut
1128 4263 1211 4307 aretem
1224 4255 1259 4306 ric
1270 4254 1294 4324 (l
1309 4251 1368 4307 Cor.

580 4356 627 4407 ιιι,
640 4343 686 4411 7),
699 4342 796 4413 etipsa
813 4352 854 4397 εει
868 4344 953 4413 gratia
968 4361 975 4398 r
990 4343 1036 4398 sed
1051 4344 1159 4412 iusuper·
1169 4344 1330 4412 arripiemus
1343 4351 1369 4398 ει

575 4432 688 4500 gratiam
705 4446 751 4501 pro
763 4433 864 4502 gratia,
877 4433 984 4503 quando
999 4433 1074 4486 rrrrlris
1090 4433 1142 4486 uita
1155 4443 1255 4487 miccina
1272 4433 1368 4487 redde·

576 4530 633 4588 tur,
652 4522 687 4577 de
705 4538 757 4592 qua
773 4523 841 4578 dixit
862 4525 1015 4593 upesrntns,
1037 4523 1126 4579 Gratia
1145 4534 1230 4577 autent
1248 4523 1299 4578 Dei
1318 4525 1370 4578 cita

574 4622 671 4666 aeterno
688 4612 714 4666 iu
735 4612 834 4668 Clinno
853 4614 915 4668 lesu
945 4614 1054 4668 Dourino
1075 4624 1188 4668 nostro:
1212 4630 1272 4669 eum
1297 4616 1369 4684 prius

577 4703 700 4771 dixisset,
719 4703 880 4775 Stipendium
902 4705 1014 4774 peccati,
1036 4721 1112 4759 irrora.
1129 4705 1223 4759 llerito
1235 4705 1305 4760 enim
1321 4706 1369 4759 sti·

577 4794 721 4864 pendium,
740 4796 800 4866 quia
816 4796 918 4851 ntilitiur
931 4796 1071 4851 diabolicae
1090 4810 1163 4850 mors
1186 4804 1285 4849 aeterua
1309 4805 1368 4849 tarr·

574 4900 654 4956 rprtam
671 4885 789 4940 debitum
811 4886 940 4940 redditur.
962 4885 1012 4942 Ubi
1034 4901 1093 4940 curu
1118 4894 1205 4954 posset
1225 4886 1324 4948 dicere,
1339 4893 1367 4940 et

574 4985 649 5030 recto
661 4975 761 5041 dicere,
778 4977 945 5046 Stipendium
961 4987 1049 5031 autern
1066 4976 1175 5046 justitiae
1191 4977 1243 5030 uita
1255 4986 1366 5040 soterum

573 5068 668 5122 maluit
686 5066 787 5133 dicere,
807 5066 895 5121 Gratia
908 5077 992 5122 cutem
1003 5066 1061 5130 Dei,
1077 5067 1127 5120 vitu
1143 5077 1256 5121 caterua:
1268 5067 1369 5122 utlaius

573 5157 794 5227 intelligeremus,
811 5173 863 5212 non
884 5158 1051 5227 promeritis
1068 5146 1260 5212 nostrisileum
1274 5173 1322 5212 nos
1334 5157 1368 5212 ad

572 5256 701 5302 eternam
719 5248 811 5314 uitam,
824 5248 875 5302 sed.
889 5264 936 5318 pro
956 5263 1003 5302 sua
1026 5248 1196 5303 miseratione
1211 5248 1366 5318 perducere.

574 5339 611 5394 lle
626 5355 679 5409 uuo
693 5341 719 5394 in
733 5341 839 5396 Psalmo
854 5341 919 5396 dicit
937 5342 1017 5395 lromo
1030 5345 1087 5411 ejus
1103 5341 1198 5395 areima·
1212 5356 1267 5394 suc
1288 5357 1294 5393 ε
1318 5339 1368 5404 Qni

572 5439 677 5483 coronat
690 5439 713 5484 ιε
727 5430 753 5483 in
767 5432 926 5485 artisemtioue
939 5440 961 5485 ct
974 5432 1146 5486 utircricorulio
1168 5429 1252 5502 (Paul.
1264 5447 1310 5494 cu,
1325 5430 1366 5500 l).

573 5520 707 5591 Numquid
727 5539 780 5577 nou
805 5538 903 5577 corona
924 5523 1000 5577 botris
1019 5523 1144 5591 operilnrs
1165 5521 1302 5577 redditur?
1315 5522 1367 5576 Sed

572 5610 635 5681 quia
654 5609 711 5680 ipsa
728 5612 796 5666 boua
812 5628 892 5683 opera
908 5613 952 5667 ille
966 5613 991 5666 iu
1004 5612 1080 5666 bonis
1093 5620 1218 5681 operatur
1233 5614 1253 5676 ¹,
1268 5612 1302 5666 tle
1315 5628 1368 5681 quo

572 5701 673 5756 dictum
688 5711 738 5766 est,
757 5700 822 5756 oeae
833 5711 868 5756 est
881 5704 946 5756 enim
958 5703 1001 5771 ptri
1013 5711 1133 5772 operetur
1145 5703 1171 5754 iu
1182 5703 1249 5754 nobis
1267 5713 1291 5755 ει
1306 5701 1369 5755 celle

573 5801 596 5845 et
611 5793 720 5860 operari,
738 5808 785 5861 pro
805 5792 869 5845 iona
886 5793 1029 5856 cornutae,
1053 5791 1115 5847 ideo
1136 5792 1204 5846 dixit
1223 5792 1366 5856 Psaiutus,

572 5881 684 5939 Cereatae
698 5895 722 5936 te
740 5884 766 5934 r'u
785 5884 946 5937 utiterutione
964 5891 987 5936 et
1011 5883 1212 5937 rrtt'rcricordio:
1232 5884 1293 5953 qrtia
1308 5882 1367 5951 ejus

571 5974 745 6027 truseratioue
757 5974 823 6028 licita
837 5990 989 6044 operantur,
1009 5975 1104 6044 unibus
1117 5989 1215 6029 corona
1234 5974 1363 6028 redditor.

605 6110 612 6136 ¹
628 6115 695 6169 tpv,
711 6113 799 6170 itaque,
812 6110 901 6170 srcrtres
913 6109 1058 6161 cinaris-iuti.
1081 6111 1164 6170 Abest,
1174 6111 1273 6172 fratrea,
1286 6125 1299 6159 a
1314 6120 1366 6161 ttss.

572 6179 594 6219 et
610 6171 641 6217 al·
654 6172 725 6219 eitius
737 6183 786 6218 narr.
804 6179 838 6217 rlr.

577 6262 583 6278 .
605 6234 613 6261 ²
627 6239 683 6279 tatu
692 6235 729 6278 arii
739 6245 840 6292 piritu-u
850 6241 866 6278 lt
875 6248 900 6275 s.
923 6242 945 6280 et
963 6234 1143 6296 azitiaptissituun
1154 6234 1323 6291 tuulreieusia,
1344 6232 1366 6284 iu

571 6290 638 6341 mai..
651 6300 769 6356 eptatici»

1302 856 1402 916 ainau
1420 857 1522 918 UNUS.

2174 871 2226 931 tlt

1432 973 1489 1028 Non
1501 974 1583 1041 enim,
1598 975 1659 1045 qrria
1680 975 1757 1043 dixit,
1780 975 1847 1032 Deua
1862 985 1897 1034 eat
1916 980 1981 1035 enirn
2002 980 2044 1053 ptri
2065 992 2183 1055 operatur
2197 1001 2225 1040 ur

1432 1063 1501 1119 nobie
1511 1076 1534 1120 et
1547 1067 1611 1121 nelle
1624 1077 1646 1121 et
1656 1070 1774 1139 operari,
1787 1086 1833 1140 pro
1845 1070 1910 1125 boatu
1925 1073 2063 1141 voluntate,
2079 1075 2139 1130 ideo
2158 1076 2226 1131 tite·

1432 1145 1497 1211 rnm'
1512 1157 1651 1213 arbitrium
1670 1160 1812 1216 abstulisse
1832 1163 1965 1231 putandus
1983 1173 2034 1219 est.
2053 1165 2128 1232 erod
2151 1166 2172 1221 si
2189 1166 2225 1221 ita

1432 1258 1521 1316 esset,
1540 1264 1592 1303 non
1608 1254 1730 1322 superius
1744 1254 1866 1322 dixisset,
1883 1256 1945 1310 Cain
1967 1258 2057 1314 tinitore
2073 1269 2097 1313 ct
2119 1270 2227 1314 tremore

1431 1351 1539 1394 oestrum
1556 1342 1668 1413 ipsorum
1686 1345 1793 1399 sulutem
1812 1348 1953 1417 operamini
1971 1348 2100 1421 (Plrilipp.
2115 1367 2150 1418 ιι,
2169 1354 2224 1421 ld,

1433 1430 1489 1501 19).
1503 1431 1615 1499 Quando
1630 1434 1703 1488 enim
1715 1434 1825 1504 jubetur
1837 1446 1866 1492 ut
1880 1448 2034 1509 operentur,
2048 1442 2161 1498 liberum
2177 1460 2222 1499 eo·

1432 1537 1491 1577 rum
1513 1525 1671 1581 conuenitur
1684 1528 1824 1584 arbitrium
1841 1548 1848 1583 :
1863 1532 1910 1587 sed
1924 1533 1985 1588 ideo
2003 1548 2063 1588 eum
2084 1535 2179 1591 timore
2198 1547 2224 1593 et

1432 1621 1564 1680 tremore;
1579 1631 1613 1671 ue
1626 1616 1676 1672 sibi
1691 1618 1831 1675 tribuendo
1841 1620 1912 1690 quod
1930 1623 1999 1678 bene
2016 1634 2171 1693 operantur,
2189 1625 2224 1682 dc

1432 1703 1509 1759 bonis
1533 1714 1656 1776 tarrquam
1677 1710 1733 1764 suis
1751 1711 1914 1767 extollantur
1935 1714 2071 1783 operibus.
2086 1713 2224 1784 Tarrnnam

1431 1809 1495 1864 ergo
1506 1795 1715 1867 interrogaretur
1729 1800 1884 1869 Apostolus,
1899 1810 1926 1856 et
1942 1802 2079 1858 diceretur
2088 1805 2124 1871 ei,
2137 1807 2225 1871 Quaere

1430 1884 1529 1951 dixisti,
1541 1885 1604 1941 Cnrn
1617 1889 1707 1943 timore
1719 1899 1743 1944 ει
1758 1893 1885 1947 tremore?
1899 1892 1995 1948 lrorum
2014 1895 2159 1950 uerborum
2179 1910 2224 1949 ra·

1430 1975 1529 2031 tionem
1547 1977 1662 2033 reddidit
1680 1980 1781 2043 diceus,
1796 1980 1865 2036 Deua
1878 1992 1916 2037 eat
1927 1983 1993 2037 enirn
2008 1983 2053 2054 qui
2070 1986 2226 2055 operatorio

1429 2066 1508 2123 eolis.
1523 2067 1551 2123 Si
1561 2072 1631 2124 enim
1643 2071 1742 2125 timetis
1751 2082 1778 2127 et
1792 2073 1915 2137 tremitis,
1927 2090 1980 2128 aon
1992 2076 2154 2131 extollimini
2165 2090 2224 2131 tau·

1429 2171 1509 2226 quiam
1527 2159 1562 2215 de
1579 2162 1675 2214 restris
1691 2163 1817 2231 operibus
1836 2166 1924 2231 bouis,
1947 2167 2008 2237 quia
2028 2166 2099 2222 lleus
2118 2169 2225 2239 estqui

1429 2260 1554 2319 operatur
1570 2252 1597 2306 in
1619 2253 1704 2307 robis.

1464 2342 1577 2398 CAPUT
1592 2343 1626 2398 ll.
1648 2375 1684 2385 —
1708 2344 1754 2401 εἰ.
1775 2346 1882 2416 ltaque,
1904 2349 2017 2416 iratres,
2036 2350 2141 2405 debetis
2162 2350 2222 2421 qui·

1428 2434 1489 2489 dem
1515 2450 1562 2505 per
1585 2423 1697 2492 liberum
1726 2439 1864 2493 arbitrium
1888 2455 1941 2494 nou
1966 2440 2054 2496 lacere
2077 2441 2164 2506 rnala,
2194 2450 2223 2496 ει

1428 2522 1517 2603 locere
1543 2525 1631 2594 boua;
1667 2527 1719 2583 boe
1742 2529 1814 2583 enim
1851 2531 1928 2585 nobis
1958 2531 2001 2586 lex
2027 2532 2073 2587 bei
2103 2530 2223 2602 praecipit

1427 2613 1557 2671 inlibris
1579 2617 1689 2684 sanctis,
1715 2618 1772 2674 sire
1794 2621 1939 2685 reteribus,
1962 2622 2018 2677 siue
2040 2622 2116 2677 novis
2140 2640 2147 2677 ε
2171 2620 2219 2676 sed

1428 2705 1546 2776 legamus
1568 2715 1595 2761 et
1621 2706 1765 2777 arljuuaute
1793 2709 1905 2764 Douriuo
1932 2710 2112 2781 intelligamus
2145 2712 2220 2781 Apo·

1427 2796 1524 2850 stolum
1539 2796 1682 2864 dicentem,
1700 2798 1766 2865 erin
1779 2816 1829 2853 nou
1836 2800 2017 2870 justificabitur
2030 2818 2061 2855 ec
2072 2800 2126 2871 lcpc
2136 2802 2217 2855 orrtut'a

1427 2902 1486 2941 caro
1499 2904 1583 2941 corurn
1596 2890 1640 2945 illo
1656 2906 1717 2957 :per
1731 2890 1809 2961 legem
1819 2893 1885 2945 eninr
1898 2893 2007 2964 cognitio
2021 2894 2116 2965 peccati
2127 2892 2220 2963 (lloim

1428 2992 1467 3043 ιιι,
1479 2978 1537 3048 20).
1552 2977 1759 3051 Coprritloldiriu
1776 2997 1840 3049 nou,
1854 2982 2040 3054 consumptio.
2051 2985 2163 3053 Quando
2174 3001 2219 3041 au·

1429 3077 1481 3123 tem
1495 3072 1630 3139 cognoscit
1647 3069 1728 3126 homo
1743 3081 1893 3141 peecatum,
1909 3075 1932 3129 si
1947 3091 2000 3129 non
2015 3075 2123 3146 adjurat
2134 3075 2219 3147 gratia

1428 3169 1457 3217 ut
1475 3161 1610 3231 cognitum
1621 3172 1756 3231 caueatur,
1773 3165 1832 3219 siue
1848 3165 1930 3220 dubio
1944 3166 1985 3221 lex
2001 3168 2068 3221 iram
2084 3178 2220 3237 operatur.

1428 3252 1503 3320 erod
1519 3252 1571 3306 alio
1583 3253 1642 3309 loeo
1653 3256 1708 3324 ipse
1723 3257 1865 3324 :lpostnlus
1876 3256 1950 3320 dicit,
1963 3259 2045 3328 ipsius
2055 3260 2125 3313 enirn
2139 3258 2220 3314 uerita
2238 3274 2243 3284 “

1428 3351 1512 3396 suin:
1530 3340 1582 3396 Lea·
1601 3344 1665 3395 irum
1683 3354 1809 3413 operatur.
1832 3344 1886 3398 lluc
1901 3356 1988 3399 autent
2004 3346 2080 3412 diiii,
2103 3348 2164 3415 utria
2180 3348 2218 3401 ira

1430 3431 1475 3486 oet
1499 3433 1583 3500 uanior
1597 3445 1637 3485 est
1660 3432 1685 3486 iu
1706 3434 1918 3502 praeuaricatore,
1941 3436 1985 3505 quai
2008 3452 2055 3505 per
2070 3437 2155 3507 legctn
2174 3452 2220 3491 co·

1427 3524 1529 3593 guo-eit
1548 3534 1696 3592 pecodum,
1710 3536 1736 3578 et
1750 3533 1837 3578 tumen
1855 3524 1916 3579 iacit
1931 3544 1937 3579 :
1954 3526 2013 3580 talis
2026 3525 2122 3596 quippe
2137 3517 2218 3579 laonio

1427 3612 1616 3683 prevaricator
1635 3623 1675 3668 est
1697 3615 1780 3685 legis,
1802 3614 1871 3668 sicut
1888 3625 1915 3669 ει
1939 3618 1964 3669 iu
1989 3616 2041 3669 alio
2064 3617 2121 3669 loeo
2143 3616 2219 3681 dicit,

1428 3701 1478 3759 liii
1504 3704 1571 3757 enim
1596 3705 1638 3759 les
1665 3721 1715 3758 iton
1741 3715 1799 3770 cat,
1828 3722 1872 3758 racc
1898 3708 2073 3778 prevaricatio
2100 3717 2135 3761 cst
2161 3706 2217 3779 (ld.

1425 3804 1463 3859 ιι,
1485 3795 1539 3865 ts).
1564 3794 1677 3865 Propter
1700 3794 1751 3850 linc
1772 3807 1799 3848 et
1821 3796 1884 3850 alibi
1905 3799 1953 3860 ait,
1976 3795 2169 3852 deseruimus
2191 3799 2219 3853 in

1424 3884 1532 3938 novitate
1551 3885 1665 3954 spiritua,
1686 3894 1709 3939 et
1734 3902 1785 3939 uon
1800 3886 1827 3939 in
1853 3895 1974 3941 vetustate
1988 3887 2077 3942 litterar
2102 3888 2216 3959 :legem

1424 3973 1517 4029 volens
1540 3973 1651 4045 intelligi
1676 3975 1773 4030 litterae
1793 3985 1964 4044 uetustatem,
1989 3979 2135 4032 nouitatem
2154 3995 2219 4036 uero

1424 4065 1532 4135 spiritus
1545 4065 1619 4135 quid,
1633 4066 1683 4120 uisi
1695 4066 1826 4136 gratiaml
1839 4067 1872 4122 Et
1885 4083 1919 4123 ne
1928 4076 2068 4139 putaretur
2077 4083 2217 4126 accusasse

1423 4157 1509 4227 legem
1541 4158 1583 4212 rel
1613 4158 1835 4226 reprehendisse3
1865 4161 1991 4215 canticum
2015 4161 2066 4215 sibi
2093 4163 2217 4231 opposuit

1422 4248 1607 4317 questionem,
1619 4256 1646 4301 ct
1659 4248 1706 4312 ait,
1724 4247 1793 4314 Qrtid
1803 4264 1862 4319 erpo
1874 4249 1985 4303 dicernat
1996 4251 2008 4303 l
2020 4249 2074 4304 Lei
2085 4262 2216 4321 peccatum

1422 4338 1480 4391 eat?
1489 4337 1569 4391 Absit.
1579 4337 1679 4392 Deinde
1689 4337 1833 4408 subjunxit,
1842 4335 1896 4394 Sed
1902 4349 2031 4409 peccatum
2042 4357 2091 4392 uon
2101 4330 2216 4411 cogitari,

1423 4426 1471 4479 ariri
1490 4444 1535 4498 per
1548 4427 1651 4498 legera:
1674 4426 1724 4482 lroc
1737 4438 1778 4483 εει
1790 4429 1861 4498 qarod
1874 4430 1988 4497 dixerat,
2010 4429 2062 4485 Per
2081 4416 2159 4502 legerit
2175 4449 2219 4486 co·

1421 4516 1500 4586 piritio
1508 4517 1613 4587 peccati.
1625 4515 1695 4571 Nem
1705 4518 1942 4588 concupiscentium
1957 4519 2051 4589 ineptit,
2067 4519 2215 4586 nesciebam,

1422 4606 1470 4660 nisi
1483 4607 1525 4660 icc
1540 4606 1644 4672 diceret,
1660 4605 1722 4661 Non
1735 4610 1906 4677 corrcnpiacar.
1925 4608 2063 4663 Occasione
2077 4620 2160 4663 autent
2174 4626 2218 4664 uc·

1421 4709 1503 4768 cepto,
1531 4709 1660 4767 peccatum
1685 4716 1730 4766 per
1755 4700 1902 4752 materiatum
1927 4709 2056 4770 operatum
2077 4710 2114 4754 cst
2130 4700 2157 4754 iu
2178 4716 2221 4754 irre

1421 4804 1520 4841 orrruem
1547 4790 1776 4859 concupiscentium
1804 4804 1814 4842 .·
1841 4790 1895 4844 siue
1921 4790 1974 4860 lepe
1996 4791 2063 4844 enim
2087 4803 2219 4861 peccarunt

1421 4887 1548 4932 mortuum
1561 4887 1596 4933 eat
1608 4880 1628 4932 ¹.
1645 4877 1699 4948 b'po
1713 4888 1797 4934 autern
1808 4879 1946 4950 aliquando
1959 4881 2069 4935 eioelrmn
2081 4882 2135 4935 sirie
2144 4883 2219 4952 lege:
2305 4946 2312 4952 .

1421 4968 1567 5022 adoerricnrte
1579 4978 1663 5021 autern
1673 4967 1803 5034 circuduto,
1817 4980 1947 5037 peccatum
1961 4971 2059 5034 reuixit,
2072 4988 2116 5042 rgo
2134 4983 2219 5026 nutem

1421 5069 1612 5125 martianaeum,
1625 5068 1646 5111 ct
1659 5059 1788 5113 irroeutnur
1799 5068 1834 5112 ert
1848 5060 1909 5112 arilei
1923 5060 2070 5114 utuudutuut
2082 5061 2150 5131 quod
2162 5071 2216 5116 erat

1420 5149 1447 5202 in
1461 5148 1547 5214 ειίιιιιι,
1561 5150 1608 5201 lior
1619 5165 1673 5202 esse
1684 5148 1710 5201 iu
1725 5158 1848 5214 nicetem,
1863 5159 1993 5221 peccatum
2007 5151 2072 5205 enim
2087 5153 2220 5205 occasione

1421 5248 1523 5308 accepto
1543 5256 1587 5310 per
1600 5238 1747 5292 uronduturu
1762 5239 1852 5310 fefellit
1871 5258 1921 5308 me,
1937 5252 1961 5296 et
1976 5260 2021 5313 per
2036 5242 2101 5296 illud
2114 5245 2216 5297 occidit.

1420 5329 1511 5400 ltaque
1522 5331 1562 5383 lex
1571 5331 1670 5400 paridem
1681 5341 1779 5398 saucio,
1793 5341 1816 5385 et
1831 5335 1977 5386 mundatum
1991 5342 2114 5397 sunctum,
2129 5345 2152 5386 et
2170 5336 2217 5403 ju-

1423 5432 1500 5486 stum,
1513 5433 1534 5476 et
1549 5421 1652 5476 bouum.
1666 5422 1741 5488 Quod
1754 5440 1813 5494 erpo
1828 5424 1919 5477 borreum
1931 5434 1985 5490 cst,
2001 5425 2063 5477 rutili
2077 5430 2169 5495 [ructatur
2182 5437 2220 5481 est

1422 5516 1511 5570 niort?
1524 5516 1603 5569 Ateii.
1621 5515 1675 5568 Sed
1688 5527 1817 5582 pcccuiuru
1833 5527 1858 5568 ut
1873 5527 1995 5586 uppurcut
2010 5529 2156 5587 pcecutruu,
2171 5519 2218 5586 per

1421 5605 1513 5658 bouruu
1530 5605 1592 5674 utili}
1606 5615 1737 5676 operatum
1749 5617 1784 5658 cat
1798 5614 1911 5672 mouent,
1926 5617 1952 5658 nt
1965 5607 2009 5675 fiat
2023 5624 2101 5676 supro
2114 5608 2217 5661 arroditur

1422 5707 1589 5764 pcccatorum
1602 5707 1732 5767 peccatum
1747 5697 1757 5727 ¹
1771 5713 1815 5765 per
1829 5698 1976 5750 rrrcmdutniu
1991 5696 2046 5771 (ld.
2060 5715 2106 5763 ιιι,
2123 5699 2217 5772 6-15).

1423 5787 1455 5840 Et
1468 5786 1500 5839 ad
1520 5786 1626 5840 Galatas
1639 5785 1704 5840 dicit
1725 5803 1731 5840 :
1756 5787 1870 5840 Scicrrtrs
1882 5799 1966 5840 ttrrtcru
1979 5791 2097 5858 puoriimu
2110 5810 2161 5848 riou
2170 5796 2218 5867 ju·

1420 5877 1546 5945 stificatur
1565 5876 1639 5929 loma
1658 5891 1691 5929 cx
1711 5877 1827 5944 operibat
1841 5877 1903 5948 lepis
1921 5879 1969 5931 arisi
1992 5898 2036 5950 prr
2050 5881 2129 5954 fidem
2153 5888 2217 5940 les-n

1453 5990 1460 6019 ¹
1475 5987 1543 6048 Fallit,
1558 5974 1679 6038 utorttuo'n
1695 5994 1755 6039 erut.
1777 5995 1831 6038 tiss·
1856 5997 1976 6040 urortuum
1991 5999 2035 6043 cat.
2058 6004 2139 6047 tuane
2163 6008 2219 6059 est,

1421 6063 1503 6099 necru.

1454 6114 1463 6142 ¹
1478 6120 1527 6159 ‚trit
1541 6116 1567 6160 et
1583 6117 1629 6170 fr,
1649 6124 1723 6174 aripret
1741 6110 1839 6161 modurn
1851 6120 1985 6176 percnluur.
2005 6127 2070 6178 tenu,
2083 6135 2156 6182 arrprru
2168 6135 2219 6171 rao·

1422 6173 1479 6220 tlnru
1501 6185 1601 6233 percitus
1624 6181 1755 6244 percelluit.
1777 6181 1822 6221 liss·
1842 6185 2219 6245 tutinaupruterruit-'urpeluntur

1420 6241 1606 6350 ‹suremplclcfflnu
1632 6248 1639 6281 .·
1661 6250 1741 6297 patrius
1765 6245 1890 6298 etopus,
1916 6255 1957 6303 «pn
1990 6245 2127 6302 pruna-niun
2166 6251 2217 6299 cut,
