<?xml version="1.0" encoding="UTF-8"?>
<!DOCTYPE html PUBLIC "-//W3C//DTD XHTML 1.0 Transitional//EN"
    "http://www.w3.org/TR/xhtml1/DTD/xhtml1-transitional.dtd">
<html xmlns="http://www.w3.org/1999/xhtml" xml:lang="en" lang="en">
 <head>
  <title>
</title>
<meta http-equiv="Content-Type" content="text/html;charset=utf-8" />
  <meta name='ocr-system' content='tesseract 3.04.00' />
  <meta name='ocr-capabilities' content='ocr_page ocr_carea ocr_par ocr_line ocrx_word'/>
</head>
<body>
  <div class='ocr_page' id='page_1' title='image "./patrologiaecurs04goog/patrologiaecurs04goog_0097.png"; bbox 0 0 5592 7350; ppageno 0'>
   <div class='ocr_carea' id='block_1_1' title="bbox 550 900 1344 1553">
    <p class='ocr_par' dir='ltr' id='par_1_1' title="bbox 550 900 1344 1553">
     <span class='ocr_line' id='line_1_1' title="bbox 553 900 606 957; baseline 0.038 -3"><span class='ocrx_word' id='word_1_1' title='bbox 553 900 606 957; x_wconf 85' lang='lat' dir='ltr'>tus</span> 
     </span>
     <span class='ocr_line' id='line_1_2' title="bbox 553 1027 1344 1098; baseline 0 -12"><span class='ocrx_word' id='word_1_2' title='bbox 553 1030 636 1086; x_wconf 84' lang='lat' dir='ltr'>inalia</span> <span class='ocrx_word' id='word_1_3' title='bbox 648 1044 702 1084; x_wconf 85' lang='lat' dir='ltr'>aton</span> <span class='ocrx_word' id='word_1_4' title='bbox 717 1038 798 1084; x_wconf 86' lang='lat' dir='ltr'>esset.</span> <span class='ocrx_word' id='word_1_5' title='bbox 811 1028 886 1081; x_wconf 79' lang='lat' dir='ltr'>l&#39;elot</span> <span class='ocrx_word' id='word_1_6' title='bbox 897 1027 917 1082; x_wconf 90' lang='lat' dir='ltr'>si</span> <span class='ocrx_word' id='word_1_7' title='bbox 927 1030 981 1096; x_wconf 74' lang='lat' dir='ltr'>iam</span> <span class='ocrx_word' id='word_1_8' title='bbox 1001 1029 1034 1082; x_wconf 90' lang='lat' dir='ltr'>sit</span> <span class='ocrx_word' id='word_1_9' title='bbox 1055 1027 1192 1098; x_wconf 82' lang='lat' dir='ltr'>‹ptisquam</span> <span class='ocrx_word' id='word_1_10' title='bbox 1208 1031 1344 1097; x_wconf 76' lang='lat' dir='ltr'>sapientiae</span> 
     </span>
     <span class='ocr_line' id='line_1_3' title="bbox 552 1118 1343 1191; baseline 0.001 -14"><span class='ocrx_word' id='word_1_11' title='bbox 552 1121 685 1191; x_wconf 77' lang='lat' dir='ltr'>perfectus</span> <span class='ocrx_word' id='word_1_12' title='bbox 699 1120 814 1186; x_wconf 89' lang='lat' dir='ltr'>auditur,</span> <span class='ocrx_word' id='word_1_13' title='bbox 826 1120 896 1191; x_wconf 89' lang='lat' dir='ltr'>quud</span> <span class='ocrx_word' id='word_1_14' title='bbox 914 1118 1029 1173; x_wconf 91' lang='lat' dir='ltr'>noudum</span> <span class='ocrx_word' id='word_1_15' title='bbox 1042 1128 1115 1174; x_wconf 88' lang='lat' dir='ltr'>eraut</span> <span class='ocrx_word' id='word_1_16' title='bbox 1139 1120 1177 1175; x_wconf 89' lang='lat' dir='ltr'>tltt</span> <span class='ocrx_word' id='word_1_17' title='bbox 1192 1122 1287 1189; x_wconf 91' lang='lat' dir='ltr'>quibus</span> <span class='ocrx_word' id='word_1_18' title='bbox 1302 1122 1343 1178; x_wconf 90' lang='lat' dir='ltr'>di·</span> 
     </span>
     <span class='ocr_line' id='line_1_4' title="bbox 551 1210 1344 1281; baseline 0.004 -17"><span class='ocrx_word' id='word_1_19' title='bbox 551 1213 637 1277; x_wconf 85' lang='lat' dir='ltr'>ccbat,</span> <span class='ocrx_word' id='word_1_20' title='bbox 654 1210 707 1265; x_wconf 82' lang='lat' dir='ltr'>Luc</span> <span class='ocrx_word' id='word_1_21' title='bbox 718 1210 786 1265; x_wconf 83' lang='lat' dir='ltr'>uobis</span> <span class='ocrx_word' id='word_1_22' title='bbox 798 1219 885 1281; x_wconf 75' lang='lat' dir='ltr'>potrum</span> <span class='ocrx_word' id='word_1_23' title='bbox 895 1210 963 1275; x_wconf 85' lang='lat' dir='ltr'>dedi,</span> <span class='ocrx_word' id='word_1_24' title='bbox 975 1226 1024 1263; x_wconf 88' lang='lat' dir='ltr'>non</span> <span class='ocrx_word' id='word_1_25' title='bbox 1038 1227 1138 1275; x_wconf 77' lang='lat' dir='ltr'>escum,·</span> <span class='ocrx_word' id='word_1_26' title='bbox 1155 1214 1267 1265; x_wconf 78' lang='lat' dir='ltr'>nondum</span> <span class='ocrx_word' id='word_1_27' title='bbox 1277 1213 1344 1267; x_wconf 85' lang='lat' dir='ltr'>enim</span> 
     </span>
     <span class='ocr_line' id='line_1_5' title="bbox 551 1299 1341 1371; baseline 0.005 -18"><span class='ocrx_word' id='word_1_28' title='bbox 551 1303 672 1370; x_wconf 81' lang='lat' dir='ltr'>poteratis</span> <span class='ocrx_word' id='word_1_29' title='bbox 689 1317 698 1355; x_wconf 92' lang='lat'>.·</span> <span class='ocrx_word' id='word_1_30' title='bbox 713 1301 758 1355; x_wconf 84' lang='lat' dir='ltr'>sed</span> <span class='ocrx_word' id='word_1_31' title='bbox 772 1317 815 1354; x_wconf 86' lang='lat' dir='ltr'>nec</span> <span class='ocrx_word' id='word_1_32' title='bbox 837 1300 920 1353; x_wconf 85' lang='lat' dir='ltr'>oditur</span> <span class='ocrx_word' id='word_1_33' title='bbox 941 1299 1043 1367; x_wconf 86' lang='lat' dir='ltr'>quidem</span> <span class='ocrx_word' id='word_1_34' title='bbox 1067 1301 1167 1371; x_wconf 84' lang='lat' dir='ltr'>potestis</span> <span class='ocrx_word' id='word_1_35' title='bbox 1181 1300 1191 1370; x_wconf 90' lang='lat'>(</span> <span class='ocrx_word' id='word_1_36' title='bbox 1205 1300 1215 1353; x_wconf 93' lang='lat' dir='ltr'>l</span> <span class='ocrx_word' id='word_1_37' title='bbox 1230 1301 1285 1355; x_wconf 86' lang='lat' dir='ltr'>Cor.</span> <span class='ocrx_word' id='word_1_38' title='bbox 1303 1318 1341 1370; x_wconf 92' lang='lat' dir='ltr'>ut,</span> 
     </span>
     <span class='ocr_line' id='line_1_6' title="bbox 550 1388 1344 1460; baseline 0.001 -16"><span class='ocrx_word' id='word_1_39' title='bbox 550 1391 567 1444; x_wconf 73' lang='grc' dir='ltr'>ι</span> <span class='ocrx_word' id='word_1_40' title='bbox 581 1393 608 1460; x_wconf 82' lang='grc'>);</span> <span class='ocrx_word' id='word_1_41' title='bbox 626 1392 665 1444; x_wconf 81' lang='lat' dir='ltr'>ris</span> <span class='ocrx_word' id='word_1_42' title='bbox 678 1392 777 1460; x_wconf 84' lang='lat' dir='ltr'>quippe</span> <span class='ocrx_word' id='word_1_43' title='bbox 790 1400 817 1444; x_wconf 87' lang='lat' dir='ltr'>el</span> <span class='ocrx_word' id='word_1_44' title='bbox 831 1388 948 1454; x_wconf 86' lang='lat' dir='ltr'>tllutait,</span> <span class='ocrx_word' id='word_1_45' title='bbox 968 1388 1126 1459; x_wconf 84' lang='lat' dir='ltr'>Sapientiam</span> <span class='ocrx_word' id='word_1_46' title='bbox 1143 1389 1269 1460; x_wconf 73' lang='lat' dir='ltr'>loquuntur</span> <span class='ocrx_word' id='word_1_47' title='bbox 1279 1392 1344 1445; x_wconf 83' lang='lat' dir='ltr'>t&#39;ttter</span> 
     </span>
     <span class='ocr_line' id='line_1_7' title="bbox 551 1477 1343 1553; baseline 0.003 -20"><span class='ocrx_word' id='word_1_48' title='bbox 551 1479 696 1553; x_wconf 66' lang='lat' dir='ltr'>perlectos(</span> <span class='ocrx_word' id='word_1_49' title='bbox 711 1478 753 1532; x_wconf 76' lang='lat' dir='ltr'>ld.</span> <span class='ocrx_word' id='word_1_50' title='bbox 769 1496 796 1540; x_wconf 96' lang='grc' dir='ltr'>ιι,</span> <span class='ocrx_word' id='word_1_51' title='bbox 811 1478 867 1550; x_wconf 73' lang='grc' dir='ltr'>(ιις</span> <span class='ocrx_word' id='word_1_52' title='bbox 884 1479 973 1547; x_wconf 91' lang='lat' dir='ltr'>utiquc</span> <span class='ocrx_word' id='word_1_53' title='bbox 984 1477 1132 1546; x_wconf 86' lang='lat' dir='ltr'>periectos¹</span> <span class='ocrx_word' id='word_1_54' title='bbox 1145 1477 1282 1534; x_wconf 76' lang='lat' dir='ltr'><strong>auditores</strong></span> <span class='ocrx_word' id='word_1_55' title='bbox 1297 1494 1343 1535; x_wconf 90' lang='lat' dir='ltr'>ro·</span> 
     </span>
    </p>
   </div>
   <div class='ocr_carea' id='block_1_2' title="bbox 467 1568 1343 1639">
    <p class='ocr_par' dir='ltr' id='par_1_2' title="bbox 467 1568 1343 1639">
     <span class='ocr_line' id='line_1_8' title="bbox 467 1568 1343 1639; baseline 0 -14"><span class='ocrx_word' id='word_1_56' title='bbox 467 1622 468 1625; x_wconf 76' lang='grc'>,</span> <span class='ocrx_word' id='word_1_57' title='bbox 550 1568 728 1639; x_wconf 85' lang='lat' dir='ltr'>lettsiotclligi</span> <span class='ocrx_word' id='word_1_58' title='bbox 741 1588 747 1623; x_wconf 81' lang='grc' dir='ltr'>ι</span> <span class='ocrx_word' id='word_1_59' title='bbox 759 1578 848 1639; x_wconf 86' lang='lat' dir='ltr'>potest</span> <span class='ocrx_word' id='word_1_60' title='bbox 871 1570 934 1638; x_wconf 72' lang='lat' dir='ltr'>ergo</span> <span class='ocrx_word' id='word_1_61' title='bbox 948 1568 1015 1632; x_wconf 88' lang='lat' dir='ltr'>lieri,</span> <span class='ocrx_word' id='word_1_62' title='bbox 1039 1568 1108 1622; x_wconf 88' lang='lat' dir='ltr'>sicul</span> <span class='ocrx_word' id='word_1_63' title='bbox 1122 1568 1187 1636; x_wconf 82' lang='lat' dir='ltr'>disti,</span> <span class='ocrx_word' id='word_1_64' title='bbox 1201 1579 1228 1623; x_wconf 86' lang='lat' dir='ltr'>ul</span> <span class='ocrx_word' id='word_1_65' title='bbox 1238 1570 1292 1637; x_wconf 84' lang='lat' dir='ltr'>jam</span> <span class='ocrx_word' id='word_1_66' title='bbox 1308 1572 1343 1625; x_wconf 89' lang='lat' dir='ltr'>sil</span> 
     </span>
    </p>
   </div>
   <div class='ocr_carea' id='block_1_3' title="bbox 487 1657 1343 6252">
    <p class='ocr_par' dir='ltr' id='par_1_3' title="bbox 495 1657 1343 3542">
     <span class='ocr_line' id='line_1_9' title="bbox 550 1657 1343 1728; baseline 0.004 -16"><span class='ocrx_word' id='word_1_67' title='bbox 550 1659 644 1728; x_wconf 85' lang='lat' dir='ltr'>aliquis</span> <span class='ocrx_word' id='word_1_68' title='bbox 658 1661 795 1727; x_wconf 72' lang='lat' dir='ltr'>saptentiae</span> <span class='ocrx_word' id='word_1_69' title='bbox 816 1658 949 1727; x_wconf 85' lang='lat' dir='ltr'>pcrieetus</span> <span class='ocrx_word' id='word_1_70' title='bbox 963 1657 1077 1724; x_wconf 78' lang='lat' dir='ltr'><strong>auditor,</strong></span> <span class='ocrx_word' id='word_1_71' title='bbox 1092 1657 1168 1728; x_wconf 85' lang='lat' dir='ltr'>eujus</span> <span class='ocrx_word' id='word_1_72' title='bbox 1183 1660 1297 1714; x_wconf 91' lang='lat' dir='ltr'>noudum</span> <span class='ocrx_word' id='word_1_73' title='bbox 1308 1661 1343 1715; x_wconf 90' lang='lat' dir='ltr'>sil</span> 
     </span>
     <span class='ocr_line' id='line_1_10' title="bbox 549 1747 1341 1825; baseline 0.003 -24"><span class='ocrx_word' id='word_1_74' title='bbox 549 1751 717 1819; x_wconf 87' lang='lat' dir='ltr'>perlectuset</span> <span class='ocrx_word' id='word_1_75' title='bbox 730 1749 824 1802; x_wconf 85' lang='lat' dir='ltr'>doctor</span> <span class='ocrx_word' id='word_1_76' title='bbox 838 1756 947 1825; x_wconf 38' lang='lat' dir='ltr'>[potest</span> <span class='ocrx_word' id='word_1_77' title='bbox 958 1747 1089 1815; x_wconf 85' lang='lat' dir='ltr'>perlectus</span> <span class='ocrx_word' id='word_1_78' title='bbox 1102 1761 1162 1802; x_wconf 87' lang='lat' dir='ltr'>esse</span> <span class='ocrx_word' id='word_1_79' title='bbox 1172 1748 1283 1817; x_wconf 85' lang='lat' dir='ltr'>justitiae</span> <span class='ocrx_word' id='word_1_80' title='bbox 1293 1764 1341 1803; x_wconf 92' lang='lat' dir='ltr'>co·</span> 
     </span>
     <span class='ocr_line' id='line_1_11' title="bbox 548 1836 1340 1909; baseline 0.004 -18"><span class='ocrx_word' id='word_1_81' title='bbox 548 1840 649 1908; x_wconf 77' lang='lat' dir='ltr'>gnitor,</span> <span class='ocrx_word' id='word_1_82' title='bbox 669 1838 785 1891; x_wconf 88' lang='lat' dir='ltr'>noudum</span> <span class='ocrx_word' id='word_1_83' title='bbox 803 1840 933 1907; x_wconf 88' lang='lat' dir='ltr'>perlectus</span> <span class='ocrx_word' id='word_1_84' title='bbox 956 1836 1065 1891; x_wconf 75' lang='lat' dir='ltr'>effector</span> <span class='ocrx_word' id='word_1_85' title='bbox 1080 1856 1087 1891; x_wconf 76' lang='grc' dir='ltr'>ε</span> <span class='ocrx_word' id='word_1_86' title='bbox 1102 1848 1188 1907; x_wconf 86' lang='lat' dir='ltr'>potest</span> <span class='ocrx_word' id='word_1_87' title='bbox 1207 1839 1340 1909; x_wconf 83' lang='lat' dir='ltr'>perlectus</span> 
     </span>
     <span class='ocr_line' id='line_1_12' title="bbox 547 1927 1340 1998; baseline 0.006 -16"><span class='ocrx_word' id='word_1_88' title='bbox 547 1938 648 1982; x_wconf 86' lang='lat' dir='ltr'>esseut</span> <span class='ocrx_word' id='word_1_89' title='bbox 671 1927 764 1998; x_wconf 86' lang='lat' dir='ltr'>diligat</span> <span class='ocrx_word' id='word_1_90' title='bbox 789 1928 922 1997; x_wconf 76' lang='lat' dir='ltr'>iuimicoS,</span> <span class='ocrx_word' id='word_1_91' title='bbox 943 1929 986 1997; x_wconf 94' lang='lat' dir='ltr'>qui</span> <span class='ocrx_word' id='word_1_92' title='bbox 1010 1928 1126 1983; x_wconf 89' lang='lat' dir='ltr'>nondum</span> <span class='ocrx_word' id='word_1_93' title='bbox 1140 1939 1180 1983; x_wconf 88' lang='lat' dir='ltr'>est</span> <span class='ocrx_word' id='word_1_94' title='bbox 1204 1930 1340 1998; x_wconf 82' lang='lat' dir='ltr'>perlectus</span> 
     </span>
     <span class='ocr_line' id='line_1_13' title="bbox 495 2015 1339 2088; baseline 0.006 -18"><span class='ocrx_word' id='word_1_95' title='bbox 495 2055 499 2064; x_wconf 82' lang='grc'>.</span> <span class='ocrx_word' id='word_1_96' title='bbox 548 2027 576 2070; x_wconf 89' lang='grc' dir='ltr'>ιι</span> <span class='ocrx_word' id='word_1_97' title='bbox 590 2016 712 2071; x_wconf 79' lang='lat' dir='ltr'>suderat.</span> <span class='ocrx_word' id='word_1_98' title='bbox 735 2017 769 2070; x_wconf 89' lang='lat' dir='ltr'>Et</span> <span class='ocrx_word' id='word_1_99' title='bbox 781 2017 825 2087; x_wconf 91' lang='lat' dir='ltr'>qui</span> <span class='ocrx_word' id='word_1_100' title='bbox 845 2015 978 2087; x_wconf 83' lang='lat' dir='ltr'>periectas</span> <span class='ocrx_word' id='word_1_101' title='bbox 998 2026 1038 2071; x_wconf 89' lang='lat' dir='ltr'>est</span> <span class='ocrx_word' id='word_1_102' title='bbox 1054 2018 1080 2071; x_wconf 88' lang='lat' dir='ltr'>iu</span> <span class='ocrx_word' id='word_1_103' title='bbox 1105 2018 1223 2088; x_wconf 94' lang='lat' dir='ltr'>eoquod</span> <span class='ocrx_word' id='word_1_104' title='bbox 1246 2035 1339 2076; x_wconf 91' lang='lat' dir='ltr'>omues</span> 
     </span>
     <span class='ocr_line' id='line_1_14' title="bbox 546 2106 1339 2177; baseline 0.004 -16"><span class='ocrx_word' id='word_1_105' title='bbox 546 2106 671 2162; x_wconf 80' lang='lat' dir='ltr'>homines</span> <span class='ocrx_word' id='word_1_106' title='bbox 680 2107 777 2177; x_wconf 87' lang='lat' dir='ltr'>diligit,</span> <span class='ocrx_word' id='word_1_107' title='bbox 792 2107 891 2176; x_wconf 88' lang='lat' dir='ltr'>quippe</span> <span class='ocrx_word' id='word_1_108' title='bbox 899 2107 943 2176; x_wconf 90' lang='lat' dir='ltr'>qui</span> <span class='ocrx_word' id='word_1_109' title='bbox 956 2108 1035 2162; x_wconf 84' lang='lat' dir='ltr'>etiam</span> <span class='ocrx_word' id='word_1_110' title='bbox 1057 2106 1090 2161; x_wconf 91' lang='lat' dir='ltr'>ad</span> <span class='ocrx_word' id='word_1_111' title='bbox 1113 2107 1280 2163; x_wconf 90' lang='lat' dir='ltr'>inimicorum</span> <span class='ocrx_word' id='word_1_112' title='bbox 1295 2109 1339 2164; x_wconf 91' lang='lat' dir='ltr'>di-</span> 
     </span>
     <span class='ocr_line' id='line_1_15' title="bbox 545 2198 1337 2269; baseline 0.004 -16"><span class='ocrx_word' id='word_1_113' title='bbox 545 2199 689 2255; x_wconf 88' lang='lat' dir='ltr'>lcctionem</span> <span class='ocrx_word' id='word_1_114' title='bbox 703 2200 871 2269; x_wconf 87' lang='lat' dir='ltr'>perreaeril;</span> <span class='ocrx_word' id='word_1_115' title='bbox 894 2198 1022 2268; x_wconf 73' lang='lat' dir='ltr'>quaeritur</span> <span class='ocrx_word' id='word_1_116' title='bbox 1034 2206 1122 2252; x_wconf 90' lang='lat' dir='ltr'>utrum</span> <span class='ocrx_word' id='word_1_117' title='bbox 1133 2200 1188 2268; x_wconf 85' lang='lat' dir='ltr'>jam</span> <span class='ocrx_word' id='word_1_118' title='bbox 1204 2200 1238 2254; x_wconf 90' lang='lat' dir='ltr'>sil</span> <span class='ocrx_word' id='word_1_119' title='bbox 1250 2200 1276 2253; x_wconf 91' lang='lat' dir='ltr'>in</span> <span class='ocrx_word' id='word_1_120' title='bbox 1288 2199 1337 2257; x_wconf 89' lang='lat' dir='ltr'>isla</span> 
     </span>
     <span class='ocr_line' id='line_1_16' title="bbox 545 2289 1338 2361; baseline 0.001 -16"><span class='ocrx_word' id='word_1_121' title='bbox 545 2291 694 2347; x_wconf 69' lang='lat' dir='ltr'>dilectione</span> <span class='ocrx_word' id='word_1_122' title='bbox 707 2290 848 2361; x_wconf 87' lang='lat' dir='ltr'>perlectus,</span> <span class='ocrx_word' id='word_1_123' title='bbox 871 2289 963 2355; x_wconf 91' lang='lat' dir='ltr'>idest,</span> <span class='ocrx_word' id='word_1_124' title='bbox 979 2298 1068 2344; x_wconf 91' lang='lat' dir='ltr'>utrum</span> <span class='ocrx_word' id='word_1_125' title='bbox 1091 2289 1262 2361; x_wconf 88' lang='lat' dir='ltr'>quosdtligit,</span> <span class='ocrx_word' id='word_1_126' title='bbox 1279 2300 1338 2346; x_wconf 90' lang='lat' dir='ltr'>tan-</span> 
     </span>
     <span class='ocr_line' id='line_1_17' title="bbox 546 2380 1338 2453; baseline 0.003 -18"><span class='ocrx_word' id='word_1_127' title='bbox 546 2392 602 2436; x_wconf 88' lang='lat' dir='ltr'>turn</span> <span class='ocrx_word' id='word_1_128' title='bbox 615 2382 722 2453; x_wconf 84' lang='lat' dir='ltr'>diligat,</span> <span class='ocrx_word' id='word_1_129' title='bbox 736 2393 862 2452; x_wconf 89' lang='lat' dir='ltr'>quantum</span> <span class='ocrx_word' id='word_1_130' title='bbox 878 2381 921 2435; x_wconf 86' lang='lat' dir='ltr'>itta</span> <span class='ocrx_word' id='word_1_131' title='bbox 934 2380 1254 2450; x_wconf 88' lang='lat' dir='ltr'>incommutabilisrcgula</span> <span class='ocrx_word' id='word_1_132' title='bbox 1268 2386 1338 2437; x_wconf 86' lang='lat' dir='ltr'>veri·</span> 
     </span>
     <span class='ocr_line' id='line_1_18' title="bbox 545 2469 1337 2543; baseline 0.003 -18"><span class='ocrx_word' id='word_1_133' title='bbox 545 2474 607 2528; x_wconf 77' lang='lat' dir='ltr'>tatis</span> <span class='ocrx_word' id='word_1_134' title='bbox 620 2471 771 2543; x_wconf 83' lang='lat' dir='ltr'>diligendos</span> <span class='ocrx_word' id='word_1_135' title='bbox 784 2487 844 2528; x_wconf 87' lang='lat' dir='ltr'>esse</span> <span class='ocrx_word' id='word_1_136' title='bbox 867 2472 1024 2540; x_wconf 84' lang='lat' dir='ltr'>praescribit.</span> <span class='ocrx_word' id='word_1_137' title='bbox 1046 2469 1111 2525; x_wconf 82' lang='lat' dir='ltr'>Cum</span> <span class='ocrx_word' id='word_1_138' title='bbox 1125 2486 1187 2541; x_wconf 89' lang='lat' dir='ltr'>ergo</span> <span class='ocrx_word' id='word_1_139' title='bbox 1201 2472 1296 2542; x_wconf 91' lang='lat' dir='ltr'>legitur</span> <span class='ocrx_word' id='word_1_140' title='bbox 1311 2473 1337 2527; x_wconf 92' lang='lat' dir='ltr'>iu</span> 
     </span>
     <span class='ocr_line' id='line_1_19' title="bbox 544 2560 1336 2633; baseline -0.005 -14"><span class='ocrx_word' id='word_1_141' title='bbox 544 2565 693 2633; x_wconf 74' lang='lat' dir='ltr'>scripturis</span> <span class='ocrx_word' id='word_1_142' title='bbox 704 2563 834 2632; x_wconf 78' lang='lat' dir='ltr'>cujusque</span> <span class='ocrx_word' id='word_1_143' title='bbox 849 2560 985 2631; x_wconf 71' lang='lat' dir='ltr'>perfectio,</span> <span class='ocrx_word' id='word_1_144' title='bbox 1002 2576 1053 2630; x_wconf 93' lang='lat' dir='ltr'>qua</span> <span class='ocrx_word' id='word_1_145' title='bbox 1069 2560 1094 2614; x_wconf 93' lang='lat' dir='ltr'>in</span> <span class='ocrx_word' id='word_1_146' title='bbox 1113 2575 1143 2615; x_wconf 92' lang='lat' dir='ltr'>re</span> <span class='ocrx_word' id='word_1_147' title='bbox 1156 2560 1268 2628; x_wconf 87' lang='lat' dir='ltr'>dicatur,</span> <span class='ocrx_word' id='word_1_148' title='bbox 1284 2574 1336 2615; x_wconf 90' lang='lat' dir='ltr'>non</span> 
     </span>
     <span class='ocr_line' id='line_1_20' title="bbox 545 2649 1337 2725; baseline -0.003 -17"><span class='ocrx_word' id='word_1_149' title='bbox 545 2655 714 2725; x_wconf 71' lang='lat' dir='ltr'>negligenter</span> <span class='ocrx_word' id='word_1_150' title='bbox 726 2650 880 2707; x_wconf 83' lang='lat' dir='ltr'>intuendum</span> <span class='ocrx_word' id='word_1_151' title='bbox 899 2661 940 2707; x_wconf 90' lang='lat' dir='ltr'>est</span> <span class='ocrx_word' id='word_1_152' title='bbox 955 2669 961 2704; x_wconf 90' lang='lat'>:</span> <span class='ocrx_word' id='word_1_153' title='bbox 976 2651 1100 2721; x_wconf 86' lang='lat' dir='ltr'>quttttiam</span> <span class='ocrx_word' id='word_1_154' title='bbox 1125 2665 1176 2704; x_wconf 92' lang='lat' dir='ltr'>nott</span> <span class='ocrx_word' id='word_1_155' title='bbox 1193 2649 1253 2705; x_wconf 85' lang='lat' dir='ltr'>ideo</span> <span class='ocrx_word' id='word_1_156' title='bbox 1265 2651 1337 2719; x_wconf 91' lang='lat' dir='ltr'>quis·</span> 
     </span>
     <span class='ocr_line' id='line_1_21' title="bbox 543 2743 1335 2817; baseline -0.005 -15"><span class='ocrx_word' id='word_1_157' title='bbox 543 2763 597 2817; x_wconf 87' lang='lat' dir='ltr'>quc</span> <span class='ocrx_word' id='word_1_158' title='bbox 622 2760 733 2816; x_wconf 85' lang='lat' dir='ltr'>prorsus</span> <span class='ocrx_word' id='word_1_159' title='bbox 757 2746 814 2799; x_wconf 89' lang='lat' dir='ltr'>siue</span> <span class='ocrx_word' id='word_1_160' title='bbox 829 2753 938 2814; x_wconf 88' lang='lat' dir='ltr'>peccato</span> <span class='ocrx_word' id='word_1_161' title='bbox 961 2757 1021 2797; x_wconf 87' lang='lat' dir='ltr'>esse</span> <span class='ocrx_word' id='word_1_162' title='bbox 1042 2743 1205 2813; x_wconf 84' lang='lat' dir='ltr'>intelligitur,</span> <span class='ocrx_word' id='word_1_163' title='bbox 1228 2744 1287 2814; x_wconf 91' lang='lat' dir='ltr'>qnia</span> <span class='ocrx_word' id='word_1_164' title='bbox 1309 2745 1335 2799; x_wconf 90' lang='lat' dir='ltr'>in</span> 
     </span>
     <span class='ocr_line' id='line_1_22' title="bbox 543 2832 1337 2907; baseline -0.003 -17"><span class='ocrx_word' id='word_1_165' title='bbox 543 2838 678 2907; x_wconf 82' lang='lat' dir='ltr'>aliquare</span> <span class='ocrx_word' id='word_1_166' title='bbox 693 2835 788 2889; x_wconf 90' lang='lat' dir='ltr'>dicitur</span> <span class='ocrx_word' id='word_1_167' title='bbox 800 2848 861 2889; x_wconf 89' lang='lat' dir='ltr'>esse</span> <span class='ocrx_word' id='word_1_168' title='bbox 871 2834 1011 2903; x_wconf 87' lang='lat' dir='ltr'>perlectus.</span> <span class='ocrx_word' id='word_1_169' title='bbox 1031 2832 1185 2901; x_wconf 82' lang='lat' dir='ltr'>Quanquam</span> <span class='ocrx_word' id='word_1_170' title='bbox 1207 2843 1234 2886; x_wconf 91' lang='lat' dir='ltr'>et</span> <span class='ocrx_word' id='word_1_171' title='bbox 1248 2833 1274 2886; x_wconf 92' lang='lat' dir='ltr'>iu</span> <span class='ocrx_word' id='word_1_172' title='bbox 1286 2834 1337 2888; x_wconf 92' lang='lat' dir='ltr'>ltoc</span> 
     </span>
     <span class='ocr_line' id='line_1_23' title="bbox 543 2922 1333 2998; baseline -0.005 -16"><span class='ocrx_word' id='word_1_173' title='bbox 543 2928 629 2998; x_wconf 84' lang='lat' dir='ltr'>possit</span> <span class='ocrx_word' id='word_1_174' title='bbox 643 2927 679 2980; x_wconf 87' lang='lat' dir='ltr'>ita</span> <span class='ocrx_word' id='word_1_175' title='bbox 690 2925 754 2991; x_wconf 89' lang='lat' dir='ltr'>dici,</span> <span class='ocrx_word' id='word_1_176' title='bbox 768 2933 796 2979; x_wconf 92' lang='lat' dir='ltr'>ut</span> <span class='ocrx_word' id='word_1_177' title='bbox 810 2923 930 2995; x_wconf 80' lang='lat' dir='ltr'>nunquia</span> <span class='ocrx_word' id='word_1_178' title='bbox 941 2923 996 2992; x_wconf 82' lang='lat' dir='ltr'>jana</span> <span class='ocrx_word' id='word_1_179' title='bbox 1009 2938 1062 2977; x_wconf 92' lang='lat' dir='ltr'>non</span> <span class='ocrx_word' id='word_1_180' title='bbox 1081 2931 1183 2993; x_wconf 91' lang='lat' dir='ltr'>estquo</span> <span class='ocrx_word' id='word_1_181' title='bbox 1202 2922 1333 2993; x_wconf 78' lang='lat' dir='ltr'>proiciat,</span> 
     </span>
     <span class='ocr_line' id='line_1_24' title="bbox 543 3014 1335 3089; baseline -0.004 -15"><span class='ocrx_word' id='word_1_182' title='bbox 543 3020 591 3073; x_wconf 85' lang='lat' dir='ltr'>sed</span> <span class='ocrx_word' id='word_1_183' title='bbox 603 3018 665 3089; x_wconf 87' lang='lat' dir='ltr'>quia</span> <span class='ocrx_word' id='word_1_184' title='bbox 675 3032 709 3073; x_wconf 86' lang='grc' dir='ltr'>ιι</span> <span class='ocrx_word' id='word_1_185' title='bbox 720 3018 833 3072; x_wconf 80' lang='lat' dir='ltr'>maxima</span> <span class='ocrx_word' id='word_1_186' title='bbox 849 3027 923 3085; x_wconf 85' lang='lat' dir='ltr'>parte</span> <span class='ocrx_word' id='word_1_187' title='bbox 937 3014 1057 3084; x_wconf 84' lang='lat' dir='ltr'>proiecit,</span> <span class='ocrx_word' id='word_1_188' title='bbox 1067 3015 1230 3071; x_wconf 88' lang='lat' dir='ltr'>ltocnomiue</span> <span class='ocrx_word' id='word_1_189' title='bbox 1240 3016 1335 3085; x_wconf 85' lang='lat' dir='ltr'>dignus</span> 
     </span>
     <span class='ocr_line' id='line_1_25' title="bbox 543 3105 1335 3177; baseline -0.003 -14"><span class='ocrx_word' id='word_1_190' title='bbox 543 3108 693 3166; x_wconf 82' lang='lat' dir='ltr'>habeatur:</span> <span class='ocrx_word' id='word_1_191' title='bbox 706 3108 774 3163; x_wconf 90' lang='lat' dir='ltr'>sicul</span> <span class='ocrx_word' id='word_1_192' title='bbox 784 3107 809 3161; x_wconf 92' lang='lat' dir='ltr'>iu</span> <span class='ocrx_word' id='word_1_193' title='bbox 818 3107 938 3161; x_wconf 90' lang='lat' dir='ltr'>doctriua</span> <span class='ocrx_word' id='word_1_194' title='bbox 947 3106 1026 3176; x_wconf 84' lang='lat' dir='ltr'>Legis</span> <span class='ocrx_word' id='word_1_195' title='bbox 1038 3105 1089 3160; x_wconf 89' lang='lat' dir='ltr'>dici</span> <span class='ocrx_word' id='word_1_196' title='bbox 1100 3114 1188 3176; x_wconf 81' lang='lat' dir='ltr'>potest</span> <span class='ocrx_word' id='word_1_197' title='bbox 1196 3107 1335 3177; x_wconf 87' lang='lat' dir='ltr'>quisquam</span> 
     </span>
     <span class='ocr_line' id='line_1_26' title="bbox 542 3196 1335 3270; baseline -0.006 -14"><span class='ocrx_word' id='word_1_198' title='bbox 542 3199 687 3270; x_wconf 78' lang='lat' dir='ltr'>perfectus,</span> <span class='ocrx_word' id='word_1_199' title='bbox 699 3199 803 3254; x_wconf 88' lang='lat' dir='ltr'>etiamsi</span> <span class='ocrx_word' id='word_1_200' title='bbox 816 3213 877 3253; x_wconf 87' lang='lat' dir='ltr'>curn</span> <span class='ocrx_word' id='word_1_201' title='bbox 888 3197 987 3267; x_wconf 91' lang='lat' dir='ltr'>aliquid</span> <span class='ocrx_word' id='word_1_202' title='bbox 997 3196 1085 3251; x_wconf 89' lang='lat' dir='ltr'>adbuc</span> <span class='ocrx_word' id='word_1_203' title='bbox 1094 3198 1157 3251; x_wconf 90' lang='lat' dir='ltr'>latet</span> <span class='ocrx_word' id='word_1_204' title='bbox 1169 3212 1177 3262; x_wconf 88' lang='lat'>;</span> <span class='ocrx_word' id='word_1_205' title='bbox 1192 3198 1261 3251; x_wconf 91' lang='lat' dir='ltr'>sicut</span> <span class='ocrx_word' id='word_1_206' title='bbox 1275 3212 1335 3266; x_wconf 91' lang='lat' dir='ltr'>per·</span> 
     </span>
     <span class='ocr_line' id='line_1_27' title="bbox 541 3286 1335 3360; baseline -0.004 -14"><span class='ocrx_word' id='word_1_207' title='bbox 541 3291 630 3348; x_wconf 79' lang='lat' dir='ltr'>iectus</span> <span class='ocrx_word' id='word_1_208' title='bbox 643 3291 750 3347; x_wconf 78' lang='lat' dir='ltr'>dicebat</span> <span class='ocrx_word' id='word_1_209' title='bbox 760 3288 1019 3360; x_wconf 76' lang='lat' dir='ltr'>Apostolus‚quibus</span> <span class='ocrx_word' id='word_1_210' title='bbox 1032 3295 1120 3342; x_wconf 90' lang='lat' dir='ltr'>tamen</span> <span class='ocrx_word' id='word_1_211' title='bbox 1134 3288 1180 3353; x_wconf 88' lang='lat' dir='ltr'>ait,</span> <span class='ocrx_word' id='word_1_212' title='bbox 1196 3286 1229 3341; x_wconf 78' lang='lat' dir='ltr'>Et</span> <span class='ocrx_word' id='word_1_213' title='bbox 1241 3289 1263 3342; x_wconf 87' lang='lat' dir='ltr'>ai</span> <span class='ocrx_word' id='word_1_214' title='bbox 1274 3290 1335 3359; x_wconf 90' lang='lat' dir='ltr'>quid</span> 
     </span>
     <span class='ocr_line' id='line_1_28' title="bbox 542 3376 1334 3452; baseline -0.004 -17"><span class='ocrx_word' id='word_1_215' title='bbox 542 3383 618 3436; x_wconf 71' lang='lat' dir='ltr'>aliter</span> <span class='ocrx_word' id='word_1_216' title='bbox 629 3381 729 3452; x_wconf 83' lang='lat' dir='ltr'>sopitis,</span> <span class='ocrx_word' id='word_1_217' title='bbox 740 3380 768 3434; x_wconf 87' lang='lat' dir='ltr'>id</span> <span class='ocrx_word' id='word_1_218' title='bbox 778 3395 876 3450; x_wconf 85' lang='lat' dir='ltr'>quoque</span> <span class='ocrx_word' id='word_1_219' title='bbox 888 3379 955 3432; x_wconf 82' lang='lat' dir='ltr'>robis</span> <span class='ocrx_word' id='word_1_220' title='bbox 969 3377 1034 3432; x_wconf 78' lang='lat' dir='ltr'>deus</span> <span class='ocrx_word' id='word_1_221' title='bbox 1056 3376 1173 3432; x_wconf 81' lang='lat' dir='ltr'>revelabit</span> <span class='ocrx_word' id='word_1_222' title='bbox 1185 3394 1195 3431; x_wconf 93' lang='grc'>.·</span> <span class='ocrx_word' id='word_1_223' title='bbox 1209 3389 1334 3433; x_wconf 69' lang='lat' dir='ltr'>tenuato·</span> 
     </span>
     <span class='ocr_line' id='line_1_29' title="bbox 541 3470 1156 3542; baseline -0.007 -16"><span class='ocrx_word' id='word_1_224' title='bbox 541 3490 598 3528; x_wconf 82' lang='lat' dir='ltr'>mett</span> <span class='ocrx_word' id='word_1_225' title='bbox 609 3474 635 3527; x_wconf 89' lang='lat' dir='ltr'>itt</span> <span class='ocrx_word' id='word_1_226' title='bbox 648 3473 717 3541; x_wconf 84' lang='lat' dir='ltr'>quod</span> <span class='ocrx_word' id='word_1_227' title='bbox 731 3476 898 3542; x_wconf 75' lang='lat' dir='ltr'>pervenimus,</span> <span class='ocrx_word' id='word_1_228' title='bbox 913 3471 940 3523; x_wconf 89' lang='lat' dir='ltr'>itt</span> <span class='ocrx_word' id='word_1_229' title='bbox 954 3485 982 3524; x_wconf 88' lang='lat' dir='ltr'>eo</span> <span class='ocrx_word' id='word_1_230' title='bbox 993 3470 1156 3524; x_wconf 85' lang='lat' dir='ltr'>mttbuiemus.</span> 
     </span>
    </p>

    <p class='ocr_par' dir='ltr' id='par_1_4' title="bbox 487 3559 1335 5890">
     <span class='ocr_line' id='line_1_30' title="bbox 576 3559 1334 3631; baseline 0 -14"><span class='ocrx_word' id='word_1_231' title='bbox 576 3560 694 3619; x_wconf 79' lang='lat' dir='ltr'>catut</span> <span class='ocrx_word' id='word_1_232' title='bbox 714 3559 784 3615; x_wconf 82' lang='lat' dir='ltr'>llll.</span> <span class='ocrx_word' id='word_1_233' title='bbox 797 3587 832 3601; x_wconf 76' lang='lat'><em>-</em></span> <span class='ocrx_word' id='word_1_234' title='bbox 844 3561 889 3615; x_wconf 71' lang='lat'>25.</span> <span class='ocrx_word' id='word_1_235' title='bbox 902 3559 953 3615; x_wconf 80' lang='lat' dir='ltr'>cta</span> <span class='ocrx_word' id='word_1_236' title='bbox 977 3559 1046 3613; x_wconf 76' lang='lat' dir='ltr'>ilem</span> <span class='ocrx_word' id='word_1_237' title='bbox 1070 3560 1183 3631; x_wconf 78' lang='lat' dir='ltr'>precipit</span> <span class='ocrx_word' id='word_1_238' title='bbox 1202 3561 1270 3631; x_wconf 85' lang='lat' dir='ltr'>quod</span> <span class='ocrx_word' id='word_1_239' title='bbox 1287 3563 1334 3617; x_wconf 85' lang='lat' dir='ltr'>scil</span> 
     </span>
     <span class='ocr_line' id='line_1_31' title="bbox 540 3649 1335 3724; baseline 0.005 -18"><span class='ocrx_word' id='word_1_240' title='bbox 540 3669 592 3706; x_wconf 82' lang='lat' dir='ltr'>aon</span> <span class='ocrx_word' id='word_1_241' title='bbox 604 3652 796 3708; x_wconf 66' lang='lat' dir='ltr'>obserandum.</span> <span class='ocrx_word' id='word_1_242' title='bbox 808 3652 900 3723; x_wconf 81' lang='lat' dir='ltr'>Neque</span> <span class='ocrx_word' id='word_1_243' title='bbox 915 3649 1064 3722; x_wconf 87' lang='lat' dir='ltr'>negandum</span> <span class='ocrx_word' id='word_1_244' title='bbox 1080 3658 1122 3706; x_wconf 87' lang='lat' dir='ltr'>est</span> <span class='ocrx_word' id='word_1_245' title='bbox 1135 3652 1185 3708; x_wconf 90' lang='lat' dir='ltr'>boc</span> <span class='ocrx_word' id='word_1_246' title='bbox 1198 3652 1280 3709; x_wconf 85' lang='lat' dir='ltr'>Deum</span> <span class='ocrx_word' id='word_1_247' title='bbox 1291 3654 1335 3724; x_wconf 87' lang='lat' dir='ltr'>ju·</span> 
     </span>
     <span class='ocr_line' id='line_1_32' title="bbox 543 3742 1333 3818; baseline 0.004 -20"><span class='ocrx_word' id='word_1_248' title='bbox 543 3743 619 3808; x_wconf 81' lang='lat' dir='ltr'>bere,</span> <span class='ocrx_word' id='word_1_249' title='bbox 631 3745 667 3798; x_wconf 90' lang='lat' dir='ltr'>ita</span> <span class='ocrx_word' id='word_1_250' title='bbox 689 3758 738 3797; x_wconf 91' lang='lat' dir='ltr'>nos</span> <span class='ocrx_word' id='word_1_251' title='bbox 752 3745 777 3797; x_wconf 92' lang='lat' dir='ltr'>in</span> <span class='ocrx_word' id='word_1_252' title='bbox 793 3742 911 3798; x_wconf 82' lang='lat' dir='ltr'>facienda</span> <span class='ocrx_word' id='word_1_253' title='bbox 924 3742 1026 3814; x_wconf 83' lang='lat' dir='ltr'>justitia</span> <span class='ocrx_word' id='word_1_254' title='bbox 1051 3758 1111 3798; x_wconf 91' lang='lat' dir='ltr'>esse</span> <span class='ocrx_word' id='word_1_255' title='bbox 1125 3744 1223 3799; x_wconf 89' lang='lat' dir='ltr'>debere</span> <span class='ocrx_word' id='word_1_256' title='bbox 1244 3745 1333 3818; x_wconf 86' lang='lat' dir='ltr'>perie-</span> 
     </span>
     <span class='ocr_line' id='line_1_33' title="bbox 541 3834 1333 3904; baseline 0.004 -16"><span class='ocrx_word' id='word_1_257' title='bbox 541 3846 612 3901; x_wconf 78' lang='lat' dir='ltr'>ctos,</span> <span class='ocrx_word' id='word_1_258' title='bbox 633 3844 662 3889; x_wconf 91' lang='lat' dir='ltr'>ut</span> <span class='ocrx_word' id='word_1_259' title='bbox 684 3835 785 3889; x_wconf 90' lang='lat' dir='ltr'>nullum</span> <span class='ocrx_word' id='word_1_260' title='bbox 809 3834 952 3890; x_wconf 81' lang='lat' dir='ltr'>balreamus</span> <span class='ocrx_word' id='word_1_261' title='bbox 973 3836 1082 3889; x_wconf 88' lang='lat' dir='ltr'>omnino</span> <span class='ocrx_word' id='word_1_262' title='bbox 1106 3845 1254 3904; x_wconf 88' lang='lat' dir='ltr'>peccatum.</span> <span class='ocrx_word' id='word_1_263' title='bbox 1269 3837 1333 3892; x_wconf 87' lang='lat' dir='ltr'>Nam</span> 
     </span>
     <span class='ocr_line' id='line_1_34' title="bbox 541 3922 1332 3994; baseline 0.001 -16"><span class='ocrx_word' id='word_1_264' title='bbox 541 3939 591 3979; x_wconf 87' lang='lat' dir='ltr'>nee</span> <span class='ocrx_word' id='word_1_265' title='bbox 615 3932 750 3994; x_wconf 84' lang='lat' dir='ltr'>peccatum</span> <span class='ocrx_word' id='word_1_266' title='bbox 773 3924 834 3989; x_wconf 88' lang='lat' dir='ltr'>crit,</span> <span class='ocrx_word' id='word_1_267' title='bbox 858 3924 879 3978; x_wconf 91' lang='lat' dir='ltr'>si</span> <span class='ocrx_word' id='word_1_268' title='bbox 893 3923 954 3994; x_wconf 91' lang='lat' dir='ltr'>quid</span> <span class='ocrx_word' id='word_1_269' title='bbox 968 3925 1027 3990; x_wconf 87' lang='lat' dir='ltr'>erit,</span> <span class='ocrx_word' id='word_1_270' title='bbox 1041 3926 1063 3978; x_wconf 87' lang='lat' dir='ltr'>si</span> <span class='ocrx_word' id='word_1_271' title='bbox 1075 3940 1126 3979; x_wconf 91' lang='lat' dir='ltr'>non</span> <span class='ocrx_word' id='word_1_272' title='bbox 1149 3922 1277 3979; x_wconf 86' lang='lat' dir='ltr'>diuinitus</span> <span class='ocrx_word' id='word_1_273' title='bbox 1288 3925 1332 3994; x_wconf 83' lang='lat' dir='ltr'>ju-</span> 
     </span>
     <span class='ocr_line' id='line_1_35' title="bbox 540 4013 1333 4085; baseline 0 -16"><span class='ocrx_word' id='word_1_274' title='bbox 540 4016 657 4070; x_wconf 87' lang='lat' dir='ltr'>belurttl</span> <span class='ocrx_word' id='word_1_275' title='bbox 674 4017 781 4069; x_wconf 88' lang='lat' dir='ltr'>uonsit.</span> <span class='ocrx_word' id='word_1_276' title='bbox 804 4013 924 4085; x_wconf 84' lang='lat' dir='ltr'>Curergo</span> <span class='ocrx_word' id='word_1_277' title='bbox 934 4015 1016 4085; x_wconf 75' lang='lat' dir='ltr'>jubel,</span> <span class='ocrx_word' id='word_1_278' title='bbox 1042 4015 1174 4084; x_wconf 90' lang='lat' dir='ltr'>inquiunt,</span> <span class='ocrx_word' id='word_1_279' title='bbox 1200 4016 1267 4081; x_wconf 86' lang='lat' dir='ltr'>quod</span> <span class='ocrx_word' id='word_1_280' title='bbox 1287 4018 1333 4070; x_wconf 86' lang='lat' dir='ltr'>sct&#39;t</span> 
     </span>
     <span class='ocr_line' id='line_1_36' title="bbox 540 4103 1331 4175; baseline 0.004 -18"><span class='ocrx_word' id='word_1_281' title='bbox 540 4105 642 4159; x_wconf 84' lang='lat' dir='ltr'>uallum</span> <span class='ocrx_word' id='word_1_282' title='bbox 655 4105 785 4158; x_wconf 80' lang='grc' dir='ltr'>ιιιιιιιιιιιιιι</span> <span class='ocrx_word' id='word_1_283' title='bbox 800 4121 854 4159; x_wconf 85' lang='lat' dir='ltr'>esre</span> <span class='ocrx_word' id='word_1_284' title='bbox 868 4108 993 4175; x_wconf 76' lang='lat' dir='ltr'>sucturum</span> <span class='ocrx_word' id='word_1_285' title='bbox 1003 4103 1017 4157; x_wconf 78' lang='grc' dir='ltr'>ι</span> <span class='ocrx_word' id='word_1_286' title='bbox 1027 4104 1083 4158; x_wconf 88' lang='lat' dir='ltr'>lloc</span> <span class='ocrx_word' id='word_1_287' title='bbox 1097 4103 1177 4158; x_wconf 89' lang='lat' dir='ltr'>modo</span> <span class='ocrx_word' id='word_1_288' title='bbox 1198 4106 1277 4159; x_wconf 90' lang='lat' dir='ltr'>ctiam</span> <span class='ocrx_word' id='word_1_289' title='bbox 1289 4106 1331 4160; x_wconf 90' lang='lat' dir='ltr'>di·</span> 
     </span>
     <span class='ocr_line' id='line_1_37' title="bbox 539 4193 1333 4266; baseline 0.006 -19"><span class='ocrx_word' id='word_1_290' title='bbox 539 4195 563 4247; x_wconf 87' lang='lat' dir='ltr'>ci</span> <span class='ocrx_word' id='word_1_291' title='bbox 576 4205 673 4262; x_wconf 77' lang='lat' dir='ltr'>praest,</span> <span class='ocrx_word' id='word_1_292' title='bbox 690 4209 739 4248; x_wconf 90' lang='lat' dir='ltr'>cur</span> <span class='ocrx_word' id='word_1_293' title='bbox 752 4194 844 4263; x_wconf 86' lang='lat' dir='ltr'>primis</span> <span class='ocrx_word' id='word_1_294' title='bbox 859 4194 911 4247; x_wconf 84' lang='lat' dir='ltr'>iltis</span> <span class='ocrx_word' id='word_1_295' title='bbox 924 4193 1074 4248; x_wconf 87' lang='lat' dir='ltr'>hominibus</span> <span class='ocrx_word' id='word_1_296' title='bbox 1082 4193 1203 4263; x_wconf 86' lang='lat' dir='ltr'>jusserit,</span> <span class='ocrx_word' id='word_1_297' title='bbox 1219 4196 1264 4266; x_wconf 92' lang='lat' dir='ltr'>qui</span> <span class='ocrx_word' id='word_1_298' title='bbox 1279 4195 1333 4252; x_wconf 91' lang='lat' dir='ltr'>duo</span> 
     </span>
     <span class='ocr_line' id='line_1_38' title="bbox 539 4283 1332 4357; baseline 0.008 -20"><span class='ocrx_word' id='word_1_299' title='bbox 539 4285 591 4338; x_wconf 87' lang='lat' dir='ltr'>soli</span> <span class='ocrx_word' id='word_1_300' title='bbox 604 4293 690 4351; x_wconf 87' lang='lat' dir='ltr'>erant,</span> <span class='ocrx_word' id='word_1_301' title='bbox 703 4283 775 4353; x_wconf 94' lang='lat' dir='ltr'>quod</span> <span class='ocrx_word' id='word_1_302' title='bbox 790 4283 892 4339; x_wconf 75' lang='lat' dir='ltr'>sciebat</span> <span class='ocrx_word' id='word_1_303' title='bbox 903 4299 949 4339; x_wconf 91' lang='lat' dir='ltr'>cos</span> <span class='ocrx_word' id='word_1_304' title='bbox 961 4300 1012 4339; x_wconf 90' lang='lat' dir='ltr'>non</span> <span class='ocrx_word' id='word_1_305' title='bbox 1025 4300 1084 4339; x_wconf 90' lang='lat' dir='ltr'>esse</span> <span class='ocrx_word' id='word_1_306' title='bbox 1093 4284 1230 4340; x_wconf 81' lang='lat' dir='ltr'>iacturas?</span> <span class='ocrx_word' id='word_1_307' title='bbox 1241 4287 1332 4357; x_wconf 87' lang='lat' dir='ltr'>Neque</span> 
     </span>
     <span class='ocr_line' id='line_1_39' title="bbox 540 4374 1331 4448; baseline 0.005 -18"><span class='ocrx_word' id='word_1_308' title='bbox 540 4377 612 4430; x_wconf 88' lang='lat' dir='ltr'>ctitn</span> <span class='ocrx_word' id='word_1_309' title='bbox 627 4376 769 4431; x_wconf 88' lang='lat' dir='ltr'>dicendum</span> <span class='ocrx_word' id='word_1_310' title='bbox 782 4387 833 4440; x_wconf 77' lang='lat' dir='ltr'>est,</span> <span class='ocrx_word' id='word_1_311' title='bbox 849 4374 910 4430; x_wconf 89' lang='lat' dir='ltr'>ideo</span> <span class='ocrx_word' id='word_1_312' title='bbox 921 4376 1043 4444; x_wconf 77' lang='lat' dir='ltr'>iussisse,</span> <span class='ocrx_word' id='word_1_313' title='bbox 1058 4383 1086 4430; x_wconf 90' lang='lat' dir='ltr'>ut</span> <span class='ocrx_word' id='word_1_314' title='bbox 1103 4386 1222 4431; x_wconf 84' lang='lat' dir='ltr'>nostrum</span> <span class='ocrx_word' id='word_1_315' title='bbox 1235 4378 1331 4448; x_wconf 90' lang='lat' dir='ltr'>aliquis</span> 
     </span>
     <span class='ocr_line' id='line_1_40' title="bbox 540 4465 1330 4531; baseline 0.006 -11"><span class='ocrx_word' id='word_1_316' title='bbox 540 4465 567 4520; x_wconf 91' lang='lat' dir='ltr'>id</span> <span class='ocrx_word' id='word_1_317' title='bbox 582 4465 692 4528; x_wconf 76' lang='lat' dir='ltr'>iaceret,</span> <span class='ocrx_word' id='word_1_318' title='bbox 709 4467 730 4520; x_wconf 89' lang='lat' dir='ltr'>si</span> <span class='ocrx_word' id='word_1_319' title='bbox 744 4465 782 4520; x_wconf 91' lang='lat' dir='ltr'>illi</span> <span class='ocrx_word' id='word_1_320' title='bbox 803 4481 855 4520; x_wconf 93' lang='lat' dir='ltr'>non</span> <span class='ocrx_word' id='word_1_321' title='bbox 869 4466 987 4521; x_wconf 85' lang='lat' dir='ltr'>iacerent</span> <span class='ocrx_word' id='word_1_322' title='bbox 1002 4484 1009 4521; x_wconf 80' lang='lat' dir='ltr'>a</span> <span class='ocrx_word' id='word_1_323' title='bbox 1022 4467 1073 4521; x_wconf 90' lang='lat' dir='ltr'>ltoc</span> <span class='ocrx_word' id='word_1_324' title='bbox 1086 4467 1169 4531; x_wconf 86' lang='lat' dir='ltr'>enim,</span> <span class='ocrx_word' id='word_1_325' title='bbox 1188 4484 1221 4524; x_wconf 88' lang='lat' dir='ltr'>ne</span> <span class='ocrx_word' id='word_1_326' title='bbox 1236 4469 1269 4524; x_wconf 91' lang='lat' dir='ltr'>de</span> <span class='ocrx_word' id='word_1_327' title='bbox 1287 4470 1330 4525; x_wconf 92' lang='lat' dir='ltr'>illa</span> 
     </span>
     <span class='ocr_line' id='line_1_41' title="bbox 539 4555 1330 4619; baseline 0.006 -10"><span class='ocrx_word' id='word_1_328' title='bbox 539 4557 643 4609; x_wconf 87' lang='lat' dir='ltr'>scilieet</span> <span class='ocrx_word' id='word_1_329' title='bbox 666 4557 764 4610; x_wconf 76' lang='grc' dir='ltr'>ιιιιιιιι</span> <span class='ocrx_word' id='word_1_330' title='bbox 786 4555 875 4609; x_wconf 89' lang='lat' dir='ltr'>cibum</span> <span class='ocrx_word' id='word_1_331' title='bbox 890 4564 1044 4619; x_wconf 85' lang='lat' dir='ltr'>sumerent,</span> <span class='ocrx_word' id='word_1_332' title='bbox 1061 4558 1165 4611; x_wconf 92' lang='lat' dir='ltr'>nonnisi</span> <span class='ocrx_word' id='word_1_333' title='bbox 1188 4559 1240 4613; x_wconf 91' lang='lat' dir='ltr'>illis</span> <span class='ocrx_word' id='word_1_334' title='bbox 1267 4561 1330 4614; x_wconf 86' lang='lat' dir='ltr'>salis</span> 
     </span>
     <span class='ocr_line' id='line_1_42' title="bbox 540 4645 1329 4716; baseline 0.005 -16"><span class='ocrx_word' id='word_1_335' title='bbox 540 4646 612 4700; x_wconf 84' lang='lat' dir='ltr'>bens</span> <span class='ocrx_word' id='word_1_336' title='bbox 628 4646 710 4715; x_wconf 85' lang='lat' dir='ltr'>jussit</span> <span class='ocrx_word' id='word_1_337' title='bbox 721 4648 798 4715; x_wconf 89' lang='lat' dir='ltr'>;qttia</span> <span class='ocrx_word' id='word_1_338' title='bbox 825 4645 893 4699; x_wconf 85' lang='lat' dir='ltr'>sicut</span> <span class='ocrx_word' id='word_1_339' title='bbox 909 4645 1009 4700; x_wconf 89' lang='lat' dir='ltr'>sciebat</span> <span class='ocrx_word' id='word_1_340' title='bbox 1028 4646 1090 4716; x_wconf 92' lang='lat' dir='ltr'>quid</span> <span class='ocrx_word' id='word_1_341' title='bbox 1108 4646 1217 4715; x_wconf 71' lang='lat' dir='ltr'>justitiae</span> <span class='ocrx_word' id='word_1_342' title='bbox 1233 4648 1329 4704; x_wconf 79' lang='lat' dir='ltr'>facturi</span> 
     </span>
     <span class='ocr_line' id='line_1_43' title="bbox 539 4734 1331 4804; baseline 0.005 -16"><span class='ocrx_word' id='word_1_343' title='bbox 539 4749 594 4788; x_wconf 89' lang='lat' dir='ltr'>non</span> <span class='ocrx_word' id='word_1_344' title='bbox 609 4742 696 4801; x_wconf 88' lang='lat' dir='ltr'>eraut,</span> <span class='ocrx_word' id='word_1_345' title='bbox 713 4736 746 4787; x_wconf 90' lang='lat' dir='ltr'>ita</span> <span class='ocrx_word' id='word_1_346' title='bbox 764 4734 844 4788; x_wconf 90' lang='lat' dir='ltr'>eliam</span> <span class='ocrx_word' id='word_1_347' title='bbox 860 4735 959 4788; x_wconf 89' lang='lat' dir='ltr'>sciebat</span> <span class='ocrx_word' id='word_1_348' title='bbox 971 4735 1032 4804; x_wconf 91' lang='lat' dir='ltr'>quid</span> <span class='ocrx_word' id='word_1_349' title='bbox 1046 4735 1156 4803; x_wconf 80' lang='lat' dir='ltr'>justitie</span> <span class='ocrx_word' id='word_1_350' title='bbox 1167 4738 1199 4790; x_wconf 85' lang='lat' dir='ltr'>tle</span> <span class='ocrx_word' id='word_1_351' title='bbox 1210 4737 1331 4793; x_wconf 77' lang='lat' dir='ltr'>illiserat</span> 
     </span>
     <span class='ocr_line' id='line_1_44' title="bbox 537 4822 1329 4894; baseline 0.005 -18"><span class='ocrx_word' id='word_1_352' title='bbox 537 4822 598 4890; x_wconf 81' lang='lat' dir='ltr'>lpse</span> <span class='ocrx_word' id='word_1_353' title='bbox 618 4824 746 4877; x_wconf 84' lang='lat' dir='ltr'>lauturus.</span> <span class='ocrx_word' id='word_1_354' title='bbox 764 4825 801 4877; x_wconf 77' lang='lat' dir='ltr'>Eo</span> <span class='ocrx_word' id='word_1_355' title='bbox 824 4823 902 4877; x_wconf 92' lang='lat' dir='ltr'>modo</span> <span class='ocrx_word' id='word_1_356' title='bbox 923 4839 987 4894; x_wconf 88' lang='lat' dir='ltr'>ergo</span> <span class='ocrx_word' id='word_1_357' title='bbox 1004 4823 1079 4893; x_wconf 84' lang='lat' dir='ltr'>jubel</span> <span class='ocrx_word' id='word_1_358' title='bbox 1098 4825 1221 4880; x_wconf 91' lang='lat' dir='ltr'>omnibus</span> <span class='ocrx_word' id='word_1_359' title='bbox 1242 4827 1329 4881; x_wconf 84' lang='lat' dir='ltr'>homi·</span> 
     </span>
     <span class='ocr_line' id='line_1_45' title="bbox 539 4913 1328 4986; baseline 0.009 -19"><span class='ocrx_word' id='word_1_360' title='bbox 539 4913 661 4968; x_wconf 86' lang='lat' dir='ltr'>nibusut</span> <span class='ocrx_word' id='word_1_361' title='bbox 678 4928 732 4969; x_wconf 90' lang='lat' dir='ltr'>ttoa</span> <span class='ocrx_word' id='word_1_362' title='bbox 755 4914 854 4968; x_wconf 86' lang='lat' dir='ltr'>iaciant</span> <span class='ocrx_word' id='word_1_363' title='bbox 868 4915 950 4969; x_wconf 89' lang='lat' dir='ltr'>ulium</span> <span class='ocrx_word' id='word_1_364' title='bbox 973 4923 1121 4983; x_wconf 90' lang='lat' dir='ltr'>peccalum,</span> <span class='ocrx_word' id='word_1_365' title='bbox 1150 4917 1270 4986; x_wconf 89' lang='lat' dir='ltr'>quamvis</span> <span class='ocrx_word' id='word_1_366' title='bbox 1293 4918 1328 4974; x_wconf 91' lang='lat' dir='ltr'>sil</span> 
     </span>
     <span class='ocr_line' id='line_1_46' title="bbox 539 5003 1329 5076; baseline 0.008 -21"><span class='ocrx_word' id='word_1_367' title='bbox 539 5003 668 5072; x_wconf 68' lang='lat' dir='ltr'>prescius</span> <span class='ocrx_word' id='word_1_368' title='bbox 687 5003 821 5057; x_wconf 89' lang='lat' dir='ltr'>neminem</span> <span class='ocrx_word' id='word_1_369' title='bbox 846 5003 896 5058; x_wconf 92' lang='lat' dir='ltr'>boc</span> <span class='ocrx_word' id='word_1_370' title='bbox 915 5003 1094 5072; x_wconf 88' lang='lat' dir='ltr'>impleturum,</span> <span class='ocrx_word' id='word_1_371' title='bbox 1118 5015 1148 5059; x_wconf 93' lang='lat' dir='ltr'>ut</span> <span class='ocrx_word' id='word_1_372' title='bbox 1169 5007 1329 5076; x_wconf 90' lang='lat' dir='ltr'>quicumque</span> 
     </span>
     <span class='ocr_line' id='line_1_47' title="bbox 538 5091 1327 5165; baseline 0.006 -20"><span class='ocrx_word' id='word_1_373' title='bbox 538 5091 620 5162; x_wconf 87' lang='lat' dir='ltr'>impie</span> <span class='ocrx_word' id='word_1_374' title='bbox 634 5107 667 5147; x_wconf 89' lang='lat' dir='ltr'>ae</span> <span class='ocrx_word' id='word_1_375' title='bbox 675 5091 861 5148; x_wconf 89' lang='lat' dir='ltr'>damnabiliter</span> <span class='ocrx_word' id='word_1_376' title='bbox 875 5092 933 5162; x_wconf 82' lang='lat' dir='ltr'>ejus</span> <span class='ocrx_word' id='word_1_377' title='bbox 957 5103 1086 5164; x_wconf 80' lang='lat' dir='ltr'>precepta</span> <span class='ocrx_word' id='word_1_378' title='bbox 1109 5098 1327 5165; x_wconf 81' lang='lat' dir='ltr'>contempserint,</span> 
     </span>
     <span class='ocr_line' id='line_1_48' title="bbox 538 5181 1325 5256; baseline 0.01 -20"><span class='ocrx_word' id='word_1_379' title='bbox 538 5182 597 5252; x_wconf 83' lang='lat' dir='ltr'>ipse</span> <span class='ocrx_word' id='word_1_380' title='bbox 615 5181 697 5237; x_wconf 82' lang='lat' dir='ltr'>iaciat</span> <span class='ocrx_word' id='word_1_381' title='bbox 722 5183 748 5238; x_wconf 92' lang='lat' dir='ltr'>in</span> <span class='ocrx_word' id='word_1_382' title='bbox 774 5199 865 5238; x_wconf 90' lang='lat' dir='ltr'>eorum</span> <span class='ocrx_word' id='word_1_383' title='bbox 878 5184 1048 5241; x_wconf 86' lang='lat' dir='ltr'>damnatione</span> <span class='ocrx_word' id='word_1_384' title='bbox 1061 5187 1132 5256; x_wconf 90' lang='lat' dir='ltr'>quod</span> <span class='ocrx_word' id='word_1_385' title='bbox 1144 5188 1247 5255; x_wconf 85' lang='lat' dir='ltr'>justum</span> <span class='ocrx_word' id='word_1_386' title='bbox 1266 5197 1325 5245; x_wconf 84' lang='lat' dir='ltr'>est:</span> 
     </span>
     <span class='ocr_line' id='line_1_49' title="bbox 537 5275 1328 5347; baseline 0.011 -20"><span class='ocrx_word' id='word_1_387' title='bbox 537 5275 698 5344; x_wconf 78' lang='lat' dir='ltr'>quicumque</span> <span class='ocrx_word' id='word_1_388' title='bbox 719 5284 808 5330; x_wconf 88' lang='lat' dir='ltr'>autem</span> <span class='ocrx_word' id='word_1_389' title='bbox 833 5276 859 5330; x_wconf 91' lang='lat' dir='ltr'>in</span> <span class='ocrx_word' id='word_1_390' title='bbox 878 5276 936 5344; x_wconf 88' lang='lat' dir='ltr'>ejus</span> <span class='ocrx_word' id='word_1_391' title='bbox 959 5278 1097 5347; x_wconf 72' lang='lat' dir='ltr'>preceptis</span> <span class='ocrx_word' id='word_1_392' title='bbox 1122 5279 1278 5335; x_wconf 84' lang='lat' dir='ltr'>obedienter</span> <span class='ocrx_word' id='word_1_393' title='bbox 1301 5289 1328 5336; x_wconf 89' lang='lat' dir='ltr'>ct</span> 
     </span>
     <span class='ocr_line' id='line_1_50' title="bbox 537 5363 1328 5440; baseline 0.011 -23"><span class='ocrx_word' id='word_1_394' title='bbox 537 5366 582 5431; x_wconf 88' lang='lat' dir='ltr'>pie</span> <span class='ocrx_word' id='word_1_395' title='bbox 605 5363 798 5432; x_wconf 78' lang='lat' dir='ltr'>proicientes,</span> <span class='ocrx_word' id='word_1_396' title='bbox 820 5375 870 5420; x_wconf 87' lang='lat' dir='ltr'>rtec</span> <span class='ocrx_word' id='word_1_397' title='bbox 893 5374 981 5420; x_wconf 89' lang='lat' dir='ltr'>tamen</span> <span class='ocrx_word' id='word_1_398' title='bbox 1002 5368 1091 5421; x_wconf 91' lang='lat' dir='ltr'>omnia</span> <span class='ocrx_word' id='word_1_399' title='bbox 1117 5383 1176 5438; x_wconf 84' lang='lat' dir='ltr'>quaa</span> <span class='ocrx_word' id='word_1_400' title='bbox 1201 5372 1328 5440; x_wconf 87' lang='lat' dir='ltr'>praecepit</span> 
     </span>
     <span class='ocr_line' id='line_1_51' title="bbox 537 5453 1326 5528; baseline 0.01 -20"><span class='ocrx_word' id='word_1_401' title='bbox 537 5453 691 5522; x_wconf 88' lang='lat' dir='ltr'>implentes,</span> <span class='ocrx_word' id='word_1_402' title='bbox 706 5455 774 5509; x_wconf 90' lang='lat' dir='ltr'>sicul</span> <span class='ocrx_word' id='word_1_403' title='bbox 785 5455 834 5509; x_wconf 87' lang='lat' dir='ltr'>sibi</span> <span class='ocrx_word' id='word_1_404' title='bbox 857 5454 954 5510; x_wconf 90' lang='lat' dir='ltr'>dimitti</span> <span class='ocrx_word' id='word_1_405' title='bbox 974 5456 1076 5523; x_wconf 83' lang='lat' dir='ltr'>uolunt,</span> <span class='ocrx_word' id='word_1_406' title='bbox 1093 5459 1132 5512; x_wconf 93' lang='lat' dir='ltr'>sic</span> <span class='ocrx_word' id='word_1_407' title='bbox 1146 5460 1205 5513; x_wconf 90' lang='lat' dir='ltr'>aliis</span> <span class='ocrx_word' id='word_1_408' title='bbox 1219 5471 1326 5528; x_wconf 89' lang='lat' dir='ltr'>peccata</span> 
     </span>
     <span class='ocr_line' id='line_1_52' title="bbox 538 5542 1326 5619; baseline 0.011 -23"><span class='ocrx_word' id='word_1_409' title='bbox 538 5542 700 5608; x_wconf 85' lang='lat' dir='ltr'>dimiserim,</span> <span class='ocrx_word' id='word_1_410' title='bbox 717 5545 774 5613; x_wconf 86' lang='lat' dir='ltr'>ipse</span> <span class='ocrx_word' id='word_1_411' title='bbox 785 5544 895 5599; x_wconf 84' lang='lat' dir='ltr'>laeiatin</span> <span class='ocrx_word' id='word_1_412' title='bbox 909 5560 1001 5600; x_wconf 90' lang='lat' dir='ltr'>corum</span> <span class='ocrx_word' id='word_1_413' title='bbox 1016 5547 1186 5603; x_wconf 87' lang='lat' dir='ltr'>mundatione</span> <span class='ocrx_word' id='word_1_414' title='bbox 1194 5551 1264 5619; x_wconf 92' lang='lat' dir='ltr'>quod</span> <span class='ocrx_word' id='word_1_415' title='bbox 1278 5551 1326 5606; x_wconf 84' lang='lat' dir='ltr'>lto-</span> 
     </span>
     <span class='ocr_line' id='line_1_53' title="bbox 535 5635 1327 5711; baseline 0.01 -23"><span class='ocrx_word' id='word_1_416' title='bbox 535 5649 601 5689; x_wconf 88' lang='lat' dir='ltr'>num</span> <span class='ocrx_word' id='word_1_417' title='bbox 622 5644 674 5691; x_wconf 86' lang='lat' dir='ltr'>est.</span> <span class='ocrx_word' id='word_1_418' title='bbox 695 5635 834 5702; x_wconf 81' lang='lat' dir='ltr'>Quomodo</span> <span class='ocrx_word' id='word_1_419' title='bbox 854 5637 925 5692; x_wconf 89' lang='lat' dir='ltr'>caim</span> <span class='ocrx_word' id='word_1_420' title='bbox 950 5638 1092 5693; x_wconf 87' lang='lat' dir='ltr'>dimittenti</span> <span class='ocrx_word' id='word_1_421' title='bbox 1116 5640 1257 5696; x_wconf 87' lang='lat' dir='ltr'>dimittitur</span> <span class='ocrx_word' id='word_1_422' title='bbox 1281 5658 1327 5711; x_wconf 88' lang='lat' dir='ltr'>per</span> 
     </span>
     <span class='ocr_line' id='line_1_54' title="bbox 537 5724 1326 5801; baseline 0.01 -21"><span class='ocrx_word' id='word_1_423' title='bbox 537 5724 583 5780; x_wconf 81' lang='lat' dir='ltr'>bei</span> <span class='ocrx_word' id='word_1_424' title='bbox 594 5726 814 5791; x_wconf 86' lang='lat' dir='ltr'>misericordiam,</span> <span class='ocrx_word' id='word_1_425' title='bbox 829 5726 853 5782; x_wconf 80' lang='grc' dir='ltr'>ιι</span> <span class='ocrx_word' id='word_1_426' title='bbox 863 5737 999 5798; x_wconf 90' lang='lat' dir='ltr'>peecatum</span> <span class='ocrx_word' id='word_1_427' title='bbox 1012 5739 1117 5785; x_wconf 90' lang='lat' dir='ltr'>nonest</span> <span class='ocrx_word' id='word_1_428' title='bbox 1129 5731 1140 5784; x_wconf 84' lang='grc' dir='ltr'>ι</span> <span class='ocrx_word' id='word_1_429' title='bbox 1154 5741 1199 5786; x_wconf 86' lang='grc' dir='ltr'>ιιι</span> <span class='ocrx_word' id='word_1_430' title='bbox 1215 5748 1326 5801; x_wconf 89' lang='lat' dir='ltr'>quomo·</span> 
     </span>
     <span class='ocr_line' id='line_1_55' title="bbox 487 5814 1274 5890; baseline 0.004 -16"><span class='ocrx_word' id='word_1_431' title='bbox 487 5854 492 5874; x_wconf 74' lang='grc' dir='ltr'>ι</span> <span class='ocrx_word' id='word_1_432' title='bbox 537 5814 634 5871; x_wconf 80' lang='lat' dir='ltr'>dauon</span> <span class='ocrx_word' id='word_1_433' title='bbox 648 5824 753 5872; x_wconf 83' lang='lat' dir='ltr'>relatur</span> <span class='ocrx_word' id='word_1_434' title='bbox 761 5818 864 5887; x_wconf 87' lang='lat' dir='ltr'>pcrllei</span> <span class='ocrx_word' id='word_1_435' title='bbox 875 5820 1016 5888; x_wconf 81' lang='lat' dir='ltr'>justitiam,</span> <span class='ocrx_word' id='word_1_436' title='bbox 1025 5822 1046 5874; x_wconf 85' lang='lat' dir='ltr'>si</span> <span class='ocrx_word' id='word_1_437' title='bbox 1059 5832 1195 5890; x_wconf 88' lang='lat' dir='ltr'>peccatum</span> <span class='ocrx_word' id='word_1_438' title='bbox 1208 5833 1249 5877; x_wconf 90' lang='lat' dir='ltr'>est</span> <span class='ocrx_word' id='word_1_439' title='bbox 1262 5825 1274 5876; x_wconf 83' lang='lat'>⁴?</span> 
     </span>
    </p>

    <p class='ocr_par' dir='ltr' id='par_1_5' title="bbox 533 5905 1326 6252">
     <span class='ocr_line' id='line_1_56' title="bbox 571 5905 1326 5981; baseline 0.009 -20"><span class='ocrx_word' id='word_1_440' title='bbox 571 5905 616 5961; x_wconf 76' lang='lat' dir='ltr'>sl.</span> <span class='ocrx_word' id='word_1_441' title='bbox 631 5906 685 5962; x_wconf 84' lang='lat' dir='ltr'>Sed</span> <span class='ocrx_word' id='word_1_442' title='bbox 705 5923 772 5972; x_wconf 73' lang='lat' dir='ltr'>eece,</span> <span class='ocrx_word' id='word_1_443' title='bbox 800 5908 930 5978; x_wconf 90' lang='lat' dir='ltr'>inquiunt,</span> <span class='ocrx_word' id='word_1_444' title='bbox 957 5911 1093 5981; x_wconf 75' lang='lat' dir='ltr'>Apostolos</span> <span class='ocrx_word' id='word_1_445' title='bbox 1107 5912 1188 5979; x_wconf 86' lang='lat' dir='ltr'>dicit,</span> <span class='ocrx_word' id='word_1_446' title='bbox 1205 5912 1326 5968; x_wconf 74' lang='lat' dir='ltr'>«donum</span> 
     </span>
     <span class='ocr_line' id='line_1_57' title="bbox 536 5999 1325 6069; baseline 0.008 -18"><span class='ocrx_word' id='word_1_447' title='bbox 536 6008 663 6052; x_wconf 70' lang='lat' dir='ltr'>certmst</span> <span class='ocrx_word' id='word_1_448' title='bbox 679 5999 783 6063; x_wconf 73' lang='lat' dir='ltr'>ceteri,</span> <span class='ocrx_word' id='word_1_449' title='bbox 796 6000 871 6069; x_wconf 78' lang='lat' dir='ltr'>pidem</span> <span class='ocrx_word' id='word_1_450' title='bbox 893 6002 998 6066; x_wconf 81' lang='grc' dir='ltr'>ιιιιιιι,</span> <span class='ocrx_word' id='word_1_451' title='bbox 1014 6018 1115 6056; x_wconf 74' lang='lat' dir='ltr'>cursum</span> <span class='ocrx_word' id='word_1_452' title='bbox 1137 6006 1307 6058; x_wconf 82' lang='lat' dir='ltr'>consummaui</span> <span class='ocrx_word' id='word_1_453' title='bbox 1315 6020 1325 6069; x_wconf 92' lang='lat'>,·</span> 
     </span>
     <span class='ocr_line' id='line_1_58' title="bbox 533 6091 1326 6166; baseline 0.011 -24"><span class='ocrx_word' id='word_1_454' title='bbox 533 6099 648 6158; x_wconf 72' lang='lat' dir='ltr'>superest</span> <span class='ocrx_word' id='word_1_455' title='bbox 662 6091 726 6143; x_wconf 78' lang='lat' dir='ltr'>eiiii</span> <span class='ocrx_word' id='word_1_456' title='bbox 739 6106 832 6145; x_wconf 85' lang='lat' dir='ltr'>corono</span> <span class='ocrx_word' id='word_1_457' title='bbox 841 6093 950 6161; x_wconf 78' lang='lat' dir='ltr'>justitie</span> <span class='ocrx_word' id='word_1_458' title='bbox 965 6112 974 6145; x_wconf 90' lang='grc' dir='ltr'>ι</span> <span class='ocrx_word' id='word_1_459' title='bbox 991 6092 1024 6166; x_wconf 90' lang='grc' dir='ltr'>(ιι</span> <span class='ocrx_word' id='word_1_460' title='bbox 1036 6093 1103 6148; x_wconf 82' lang='lat' dir='ltr'>Tim.</span> <span class='ocrx_word' id='word_1_461' title='bbox 1115 6110 1150 6158; x_wconf 92' lang='grc' dir='ltr'>ιι,</span> <span class='ocrx_word' id='word_1_462' title='bbox 1166 6096 1224 6165; x_wconf 62' lang='lat'>728)</span> <span class='ocrx_word' id='word_1_463' title='bbox 1238 6115 1245 6150; x_wconf 75' lang='grc' dir='ltr'>ι</span> <span class='ocrx_word' id='word_1_464' title='bbox 1258 6098 1326 6162; x_wconf 87' lang='lat' dir='ltr'>quod</span> 
     </span>
     <span class='ocr_line' id='line_1_59' title="bbox 533 6171 1325 6252; baseline 0.014 -21"><span class='ocrx_word' id='word_1_465' title='bbox 533 6193 586 6231; x_wconf 82' lang='grc' dir='ltr'>ιιιιι</span> <span class='ocrx_word' id='word_1_466' title='bbox 603 6178 706 6246; x_wconf 68' lang='lat' dir='ltr'>dicam,</span> <span class='ocrx_word' id='word_1_467' title='bbox 721 6178 745 6233; x_wconf 84' lang='grc' dir='ltr'>ιι</span> <span class='ocrx_word' id='word_1_468' title='bbox 767 6179 868 6234; x_wconf 71' lang='lat' dir='ltr'>habaet</span> <span class='ocrx_word' id='word_1_469' title='bbox 882 6181 962 6237; x_wconf 84' lang='lat' dir='ltr'>ullum</span> <span class='ocrx_word' id='word_1_470' title='bbox 977 6171 1115 6252; x_wconf 80' lang='grc' dir='ltr'>ριιιιιιιιιι.</span> <span class='ocrx_word' id='word_1_471' title='bbox 1136 6184 1192 6244; x_wconf 90' lang='lat' dir='ltr'>luto</span> <span class='ocrx_word' id='word_1_472' title='bbox 1207 6200 1268 6242; x_wconf 88' lang='lat' dir='ltr'>tero</span> <span class='ocrx_word' id='word_1_473' title='bbox 1285 6202 1325 6242; x_wconf 88' lang='lat' dir='ltr'>re·</span> 
     </span>
    </p>
   </div>
   <div class='ocr_carea' id='block_1_4' title="bbox 566 6291 913 6355">
    <p class='ocr_par' dir='ltr' id='par_1_6' title="bbox 566 6291 913 6355">
     <span class='ocr_line' id='line_1_60' title="bbox 566 6291 913 6355; baseline 0.02 -15"><span class='ocrx_word' id='word_1_474' title='bbox 566 6293 575 6325; x_wconf 88' lang='lat'><strong>¹</strong></span> <span class='ocrx_word' id='word_1_475' title='bbox 591 6300 642 6342; x_wconf 80' lang='grc' dir='ltr'>ιιι,</span> <span class='ocrx_word' id='word_1_476' title='bbox 655 6297 682 6342; x_wconf 86' lang='lat' dir='ltr'>et</span> <span class='ocrx_word' id='word_1_477' title='bbox 692 6297 740 6348; x_wconf 78' lang='grc' dir='ltr'>ιι..</span> <span class='ocrx_word' id='word_1_478' title='bbox 749 6291 913 6355; x_wconf 69' lang='lat' dir='ltr'>maraon·</span> 
     </span>
    </p>
   </div>
   <div class='ocr_carea' id='block_1_5' title="bbox 1197 896 1503 961">
    <p class='ocr_par' dir='ltr' id='par_1_7' title="bbox 1197 896 1503 961">
     <span class='ocr_line' id='line_1_61' title="bbox 1197 896 1503 961; baseline 0.033 -10"><span class='ocrx_word' id='word_1_479' title='bbox 1197 896 1294 953; x_wconf 74' lang='lat' dir='ltr'>tlustt</span> <span class='ocrx_word' id='word_1_480' title='bbox 1316 899 1503 961; x_wconf 74' lang='lat' dir='ltr'>susumus,</span> 
     </span>
    </p>
   </div>
   <div class='ocr_carea' id='block_1_6' title="bbox 1384 929 2244 3801">
    <p class='ocr_par' dir='ltr' id='par_1_8' title="bbox 1384 929 2244 3801">
     <span class='ocr_line' id='line_1_62' title="bbox 2139 929 2189 988; baseline 0.1 -5"><span class='ocrx_word' id='word_1_481' title='bbox 2139 929 2189 988; x_wconf 78' lang='grc' dir='ltr'>ιιι</span> 
     </span>
     <span class='ocr_line' id='line_1_63' title="bbox 1399 1015 2189 1097; baseline 0.032 -31"><span class='ocrx_word' id='word_1_482' title='bbox 1399 1015 1545 1083; x_wconf 82' lang='lat' dir='ltr'>spondeant</span> <span class='ocrx_word' id='word_1_483' title='bbox 1563 1021 1695 1088; x_wconf 92' lang='lat' dir='ltr'>quomodo</span> <span class='ocrx_word' id='word_1_484' title='bbox 1709 1024 1794 1093; x_wconf 88' lang='lat' dir='ltr'>potuit</span> <span class='ocrx_word' id='word_1_485' title='bbox 1806 1028 1861 1080; x_wconf 78' lang='lat' dir='ltr'>ltaec</span> <span class='ocrx_word' id='word_1_486' title='bbox 1873 1026 1972 1097; x_wconf 87' lang='lat' dir='ltr'>dicere,</span> <span class='ocrx_word' id='word_1_487' title='bbox 1988 1030 2029 1085; x_wconf 90' lang='lat' dir='ltr'>cui</span> <span class='ocrx_word' id='word_1_488' title='bbox 2043 1033 2129 1090; x_wconf 85' lang='lat' dir='ltr'>adbuc</span> <span class='ocrx_word' id='word_1_489' title='bbox 2145 1054 2189 1093; x_wconf 87' lang='lat' dir='ltr'>re-</span> 
     </span>
     <span class='ocr_line' id='line_1_64' title="bbox 1398 1104 2189 1189; baseline 0.032 -33"><span class='ocrx_word' id='word_1_490' title='bbox 1398 1104 1483 1158; x_wconf 90' lang='lat' dir='ltr'>stabat</span> <span class='ocrx_word' id='word_1_491' title='bbox 1500 1106 1580 1175; x_wconf 88' lang='lat' dir='ltr'>ipsius</span> <span class='ocrx_word' id='word_1_492' title='bbox 1596 1111 1735 1177; x_wconf 83' lang='lat' dir='ltr'>passionis,</span> <span class='ocrx_word' id='word_1_493' title='bbox 1746 1128 1825 1182; x_wconf 89' lang='lat' dir='ltr'>quam</span> <span class='ocrx_word' id='word_1_494' title='bbox 1849 1117 1899 1169; x_wconf 89' lang='lat' dir='ltr'>sibi</span> <span class='ocrx_word' id='word_1_495' title='bbox 1909 1118 1963 1185; x_wconf 88' lang='lat' dir='ltr'>jam</span> <span class='ocrx_word' id='word_1_496' title='bbox 1978 1121 2133 1189; x_wconf 87' lang='lat' dir='ltr'>impendere</span> <span class='ocrx_word' id='word_1_497' title='bbox 2146 1128 2189 1180; x_wconf 86' lang='lat' dir='ltr'>tli-</span> 
     </span>
     <span class='ocr_line' id='line_1_65' title="bbox 1398 1202 2189 1274; baseline 0.034 -29"><span class='ocrx_word' id='word_1_498' title='bbox 1398 1206 1491 1259; x_wconf 79' lang='lat' dir='ltr'>xrrat,</span> <span class='ocrx_word' id='word_1_499' title='bbox 1521 1204 1573 1251; x_wconf 92' lang='lat' dir='ltr'>tam</span> <span class='ocrx_word' id='word_1_500' title='bbox 1600 1215 1693 1270; x_wconf 92' lang='lat' dir='ltr'>magna</span> <span class='ocrx_word' id='word_1_501' title='bbox 1715 1202 1888 1272; x_wconf 84' lang='lat' dir='ltr'>conflictatio,</span> <span class='ocrx_word' id='word_1_502' title='bbox 1915 1216 1968 1263; x_wconf 91' lang='lat' dir='ltr'>tam</span> <span class='ocrx_word' id='word_1_503' title='bbox 1992 1213 2133 1269; x_wconf 86' lang='lat' dir='ltr'>molestum</span> <span class='ocrx_word' id='word_1_504' title='bbox 2157 1232 2189 1274; x_wconf 89' lang='lat' dir='ltr'>ac</span> 
     </span>
     <span class='ocr_line' id='line_1_66' title="bbox 1395 1286 2185 1372; baseline 0.034 -37"><span class='ocrx_word' id='word_1_505' title='bbox 1395 1286 1497 1352; x_wconf 89' lang='lat' dir='ltr'>grande</span> <span class='ocrx_word' id='word_1_506' title='bbox 1521 1297 1665 1372; x_wconf 86' lang='lat' dir='ltr'>certamen.</span> <span class='ocrx_word' id='word_1_507' title='bbox 1681 1292 1721 1346; x_wconf 79' lang='lat' dir='ltr'>An</span> <span class='ocrx_word' id='word_1_508' title='bbox 1736 1294 1769 1348; x_wconf 87' lang='lat' dir='ltr'>ad</span> <span class='ocrx_word' id='word_1_509' title='bbox 1790 1296 1849 1365; x_wconf 84' lang='lat' dir='ltr'>ejus</span> <span class='ocrx_word' id='word_1_510' title='bbox 1867 1304 2107 1358; x_wconf 79' lang='lat' dir='ltr'>rorteummaudum</span> <span class='ocrx_word' id='word_1_511' title='bbox 2122 1322 2185 1361; x_wconf 86' lang='lat' dir='ltr'>eur-</span> 
     </span>
     <span class='ocr_line' id='line_1_67' title="bbox 1396 1380 2187 1456; baseline 0.033 -30"><span class='ocrx_word' id='word_1_512' title='bbox 1396 1388 1456 1428; x_wconf 90' lang='lat' dir='ltr'>sum</span> <span class='ocrx_word' id='word_1_513' title='bbox 1482 1392 1573 1445; x_wconf 87' lang='lat' dir='ltr'>parum</span> <span class='ocrx_word' id='word_1_514' title='bbox 1593 1380 1678 1437; x_wconf 86' lang='lat' dir='ltr'>adbuc</span> <span class='ocrx_word' id='word_1_515' title='bbox 1696 1383 1798 1448; x_wconf 88' lang='lat' dir='ltr'>deerat,</span> <span class='ocrx_word' id='word_1_516' title='bbox 1821 1390 1927 1456; x_wconf 91' lang='lat' dir='ltr'>quando</span> <span class='ocrx_word' id='word_1_517' title='bbox 1943 1392 2007 1447; x_wconf 90' lang='lat' dir='ltr'>illud</span> <span class='ocrx_word' id='word_1_518' title='bbox 2029 1393 2121 1450; x_wconf 88' lang='lat' dir='ltr'>deerat</span> <span class='ocrx_word' id='word_1_519' title='bbox 2142 1399 2187 1452; x_wconf 91' lang='lat' dir='ltr'>ubi</span> 
     </span>
     <span class='ocr_line' id='line_1_68' title="bbox 1395 1464 2186 1551; baseline 0.037 -36"><span class='ocrx_word' id='word_1_520' title='bbox 1395 1473 1451 1516; x_wconf 87' lang='lat' dir='ltr'>erat</span> <span class='ocrx_word' id='word_1_521' title='bbox 1476 1464 1579 1521; x_wconf 86' lang='lat' dir='ltr'>iuturus</span> <span class='ocrx_word' id='word_1_522' title='bbox 1606 1473 1733 1527; x_wconf 88' lang='lat' dir='ltr'>acrioret</span> <span class='ocrx_word' id='word_1_523' title='bbox 1753 1477 1885 1532; x_wconf 84' lang='lat' dir='ltr'>crudelior</span> <span class='ocrx_word' id='word_1_524' title='bbox 1911 1480 2055 1539; x_wconf 78' lang='lat' dir='ltr'>iuimicus?</span> <span class='ocrx_word' id='word_1_525' title='bbox 2070 1486 2145 1551; x_wconf 84' lang='lat' dir='ltr'>Quod</span> <span class='ocrx_word' id='word_1_526' title='bbox 2163 1488 2186 1543; x_wconf 90' lang='lat' dir='ltr'>si</span> 
     </span>
     <span class='ocr_line' id='line_1_69' title="bbox 1396 1552 2184 1645; baseline 0.037 -42"><span class='ocrx_word' id='word_1_527' title='bbox 1396 1552 1455 1605; x_wconf 87' lang='lat' dir='ltr'>ideo</span> <span class='ocrx_word' id='word_1_528' title='bbox 1466 1555 1561 1610; x_wconf 91' lang='lat' dir='ltr'>talilms</span> <span class='ocrx_word' id='word_1_529' title='bbox 1575 1559 1662 1614; x_wconf 82' lang='lat' dir='ltr'>uerbis</span> <span class='ocrx_word' id='word_1_530' title='bbox 1674 1571 1762 1616; x_wconf 85' lang='lat' dir='ltr'>certus</span> <span class='ocrx_word' id='word_1_531' title='bbox 1785 1580 1947 1636; x_wconf 89' lang='lat' dir='ltr'>securusque</span> <span class='ocrx_word' id='word_1_532' title='bbox 1958 1572 2102 1640; x_wconf 80' lang='lat' dir='ltr'>gaudebat,</span> <span class='ocrx_word' id='word_1_533' title='bbox 2121 1577 2184 1645; x_wconf 82' lang='lat' dir='ltr'>quis</span> 
     </span>
     <span class='ocr_line' id='line_1_70' title="bbox 1394 1641 2187 1722; baseline 0.038 -29"><span class='ocrx_word' id='word_1_534' title='bbox 1394 1641 1427 1694; x_wconf 90' lang='lat' dir='ltr'>tle</span> <span class='ocrx_word' id='word_1_535' title='bbox 1454 1643 1560 1699; x_wconf 81' lang='lat' dir='ltr'>uictoria</span> <span class='ocrx_word' id='word_1_536' title='bbox 1588 1648 1667 1703; x_wconf 86' lang='lat' dir='ltr'>iuturi</span> <span class='ocrx_word' id='word_1_537' title='bbox 1690 1655 1988 1714; x_wconf 86' lang='lat' dir='ltr'>certantiuis¹crrtum</span> <span class='ocrx_word' id='word_1_538' title='bbox 2017 1679 2077 1719; x_wconf 90' lang='lat' dir='ltr'>eum</span> <span class='ocrx_word' id='word_1_539' title='bbox 2106 1680 2187 1722; x_wconf 74' lang='lat' dir='ltr'>secte·</span> 
     </span>
     <span class='ocr_line' id='line_1_71' title="bbox 1393 1735 2185 1824; baseline 0.038 -41"><span class='ocrx_word' id='word_1_540' title='bbox 1393 1735 1564 1805; x_wconf 82' lang='lat' dir='ltr'>rumquejam</span> <span class='ocrx_word' id='word_1_541' title='bbox 1577 1738 1673 1793; x_wconf 87' lang='lat' dir='ltr'>iecerat</span> <span class='ocrx_word' id='word_1_542' title='bbox 1686 1783 1693 1807; x_wconf 93' lang='lat'>,</span> <span class='ocrx_word' id='word_1_543' title='bbox 1705 1743 1748 1811; x_wconf 92' lang='lat' dir='ltr'>qui</span> <span class='ocrx_word' id='word_1_544' title='bbox 1771 1746 1890 1800; x_wconf 90' lang='lat' dir='ltr'>eamdem</span> <span class='ocrx_word' id='word_1_545' title='bbox 1907 1751 2055 1818; x_wconf 85' lang='lat' dir='ltr'>passionem</span> <span class='ocrx_word' id='word_1_546' title='bbox 2073 1755 2127 1824; x_wconf 87' lang='lat' dir='ltr'>jam</span> <span class='ocrx_word' id='word_1_547' title='bbox 2147 1758 2185 1813; x_wconf 84' lang='lat' dir='ltr'>itti</span> 
     </span>
     <span class='ocr_line' id='line_1_72' title="bbox 1394 1825 2218 1914; baseline 0.038 -42"><span class='ocrx_word' id='word_1_548' title='bbox 1394 1825 1556 1879; x_wconf 75' lang='lat' dir='ltr'>revelaverat</span> <span class='ocrx_word' id='word_1_549' title='bbox 1570 1828 1721 1894; x_wconf 85' lang='lat' dir='ltr'>itutttittrre;</span> <span class='ocrx_word' id='word_1_550' title='bbox 1737 1849 1789 1886; x_wconf 90' lang='lat' dir='ltr'>uuu</span> <span class='ocrx_word' id='word_1_551' title='bbox 1802 1850 1831 1889; x_wconf 91' lang='lat' dir='ltr'>re</span> <span class='ocrx_word' id='word_1_552' title='bbox 1844 1837 2005 1906; x_wconf 83' lang='lat' dir='ltr'>plenissima,</span> <span class='ocrx_word' id='word_1_553' title='bbox 2019 1845 2065 1897; x_wconf 86' lang='lat' dir='ltr'>sed</span> <span class='ocrx_word' id='word_1_554' title='bbox 2078 1861 2126 1914; x_wconf 84' lang='lat' dir='ltr'>spe</span> <span class='ocrx_word' id='word_1_555' title='bbox 2137 1850 2183 1901; x_wconf 87' lang='grc' dir='ltr'>ιιι-</span> <span class='ocrx_word' id='word_1_556' title='bbox 2216 1892 2218 1895; x_wconf 51' lang='grc'>,</span> 
     </span>
     <span class='ocr_line' id='line_1_73' title="bbox 1393 1910 2180 2004; baseline 0.039 -44"><span class='ocrx_word' id='word_1_557' title='bbox 1393 1910 1510 1965; x_wconf 82' lang='lat' dir='ltr'>tuissima</span> <span class='ocrx_word' id='word_1_558' title='bbox 1526 1913 1581 1970; x_wconf 75' lang='lat' dir='ltr'>bace</span> <span class='ocrx_word' id='word_1_559' title='bbox 1592 1917 1668 1983; x_wconf 82' lang='lat' dir='ltr'>dixit,</span> <span class='ocrx_word' id='word_1_560' title='bbox 1684 1930 1711 1974; x_wconf 90' lang='lat' dir='ltr'>et</span> <span class='ocrx_word' id='word_1_561' title='bbox 1732 1923 1802 1991; x_wconf 89' lang='lat' dir='ltr'>quod</span> <span class='ocrx_word' id='word_1_562' title='bbox 1824 1924 1941 1981; x_wconf 80' lang='lat' dir='ltr'>futurum</span> <span class='ocrx_word' id='word_1_563' title='bbox 1967 1945 2025 1986; x_wconf 89' lang='lat' dir='ltr'>esse</span> <span class='ocrx_word' id='word_1_564' title='bbox 2048 1949 2180 2004; x_wconf 77' lang='lat' dir='ltr'>presum-</span> 
     </span>
     <span class='ocr_line' id='line_1_74' title="bbox 1392 2001 2180 2092; baseline 0.042 -41"><span class='ocrx_word' id='word_1_565' title='bbox 1392 2001 1454 2067; x_wconf 81' lang='lat' dir='ltr'>psit,</span> <span class='ocrx_word' id='word_1_566' title='bbox 1471 2011 1595 2073; x_wconf 82' lang='lat' dir='ltr'>tanquam</span> <span class='ocrx_word' id='word_1_567' title='bbox 1609 2007 1791 2067; x_wconf 85' lang='lat' dir='ltr'>iaclutttlueril</span> <span class='ocrx_word' id='word_1_568' title='bbox 1805 2015 1940 2071; x_wconf 83' lang='lat' dir='ltr'>iudicarit.</span> <span class='ocrx_word' id='word_1_569' title='bbox 1951 2019 2048 2092; x_wconf 88' lang='lat' dir='ltr'>Sicrgo</span> <span class='ocrx_word' id='word_1_570' title='bbox 2062 2024 2102 2080; x_wconf 87' lang='lat' dir='ltr'>itis</span> <span class='ocrx_word' id='word_1_571' title='bbox 2117 2042 2180 2083; x_wconf 85' lang='lat' dir='ltr'>rer·</span> 
     </span>
     <span class='ocr_line' id='line_1_75' title="bbox 1391 2087 2182 2187; baseline 0.04 -46"><span class='ocrx_word' id='word_1_572' title='bbox 1391 2087 1434 2144; x_wconf 92' lang='lat' dir='ltr'>bis</span> <span class='ocrx_word' id='word_1_573' title='bbox 1445 2092 1524 2146; x_wconf 91' lang='lat' dir='ltr'>etiam</span> <span class='ocrx_word' id='word_1_574' title='bbox 1534 2092 1586 2149; x_wconf 89' lang='lat' dir='ltr'>ltoc</span> <span class='ocrx_word' id='word_1_575' title='bbox 1598 2096 1719 2165; x_wconf 89' lang='lat' dir='ltr'>adderet,</span> <span class='ocrx_word' id='word_1_576' title='bbox 1738 2110 1768 2156; x_wconf 89' lang='lat' dir='ltr'>ut</span> <span class='ocrx_word' id='word_1_577' title='bbox 1779 2103 1890 2170; x_wconf 87' lang='lat' dir='ltr'>diceret,</span> <span class='ocrx_word' id='word_1_578' title='bbox 1901 2106 2008 2164; x_wconf 88' lang='lat' dir='ltr'>Nullum</span> <span class='ocrx_word' id='word_1_579' title='bbox 2028 2111 2114 2170; x_wconf 86' lang='lat' dir='ltr'>babeo</span> <span class='ocrx_word' id='word_1_580' title='bbox 2125 2116 2182 2187; x_wconf 82' lang='lat' dir='ltr'>jam</span> 
     </span>
     <span class='ocr_line' id='line_1_76' title="bbox 1392 2185 2182 2264; baseline 0.041 -33"><span class='ocrx_word' id='word_1_581' title='bbox 1392 2190 1531 2246; x_wconf 90' lang='lat' dir='ltr'>peccatum</span> <span class='ocrx_word' id='word_1_582' title='bbox 1548 2185 1618 2240; x_wconf 90' lang='lat' dir='ltr'>:boc</span> <span class='ocrx_word' id='word_1_583' title='bbox 1631 2201 1737 2258; x_wconf 90' lang='lat' dir='ltr'>quoquc</span> <span class='ocrx_word' id='word_1_584' title='bbox 1752 2191 1826 2247; x_wconf 86' lang='lat' dir='ltr'>iiluna</span> <span class='ocrx_word' id='word_1_585' title='bbox 1851 2194 2058 2264; x_wconf 79' lang='lat' dir='ltr'>intelligeremus</span> <span class='ocrx_word' id='word_1_586' title='bbox 2081 2220 2133 2260; x_wconf 90' lang='lat' dir='ltr'>non</span> <span class='ocrx_word' id='word_1_587' title='bbox 2147 2207 2182 2263; x_wconf 85' lang='lat' dir='ltr'>de</span> 
     </span>
     <span class='ocr_line' id='line_1_77' title="bbox 1390 2270 2182 2354; baseline 0.038 -32"><span class='ocrx_word' id='word_1_588' title='bbox 1390 2270 1429 2324; x_wconf 87' lang='lat' dir='ltr'>rei</span> <span class='ocrx_word' id='word_1_589' title='bbox 1444 2270 1528 2338; x_wconf 78' lang='lat' dir='ltr'>iacta,</span> <span class='ocrx_word' id='word_1_590' title='bbox 1544 2276 1592 2330; x_wconf 89' lang='lat' dir='ltr'>sed</span> <span class='ocrx_word' id='word_1_591' title='bbox 1613 2277 1646 2331; x_wconf 90' lang='lat' dir='ltr'>de</span> <span class='ocrx_word' id='word_1_592' title='bbox 1659 2280 1698 2333; x_wconf 90' lang='lat' dir='ltr'>rei</span> <span class='ocrx_word' id='word_1_593' title='bbox 1719 2279 1814 2338; x_wconf 84' lang='lat' dir='ltr'>iuturae</span> <span class='ocrx_word' id='word_1_594' title='bbox 1830 2285 1993 2354; x_wconf 77' lang='lat' dir='ltr'>pet-ttetioue</span> <span class='ocrx_word' id='word_1_595' title='bbox 2016 2291 2124 2349; x_wconf 76' lang='lat' dir='ltr'>dixisse.</span> <span class='ocrx_word' id='word_1_596' title='bbox 2136 2295 2182 2351; x_wconf 86' lang='lat' dir='ltr'>Sic</span> 
     </span>
     <span class='ocr_line' id='line_1_78' title="bbox 1390 2362 2184 2453; baseline 0.038 -38"><span class='ocrx_word' id='word_1_597' title='bbox 1390 2362 1461 2416; x_wconf 88' lang='lat' dir='ltr'>enim</span> <span class='ocrx_word' id='word_1_598' title='bbox 1486 2364 1519 2418; x_wconf 92' lang='lat' dir='ltr'>ad</span> <span class='ocrx_word' id='word_1_599' title='bbox 1537 2367 1619 2435; x_wconf 89' lang='lat' dir='ltr'>ipsius</span> <span class='ocrx_word' id='word_1_600' title='bbox 1644 2385 1737 2427; x_wconf 88' lang='lat' dir='ltr'>cursus</span> <span class='ocrx_word' id='word_1_601' title='bbox 1759 2380 2016 2436; x_wconf 88' lang='lat' dir='ltr'>consummationem</span> <span class='ocrx_word' id='word_1_602' title='bbox 2034 2387 2184 2453; x_wconf 88' lang='lat' dir='ltr'>pertinebat</span> 
     </span>
     <span class='ocr_line' id='line_1_79' title="bbox 1390 2452 2179 2539; baseline 0.039 -37"><span class='ocrx_word' id='word_1_603' title='bbox 1390 2452 1490 2506; x_wconf 91' lang='lat' dir='ltr'>nullum</span> <span class='ocrx_word' id='word_1_604' title='bbox 1505 2455 1602 2511; x_wconf 88' lang='lat' dir='ltr'>babere</span> <span class='ocrx_word' id='word_1_605' title='bbox 1617 2471 1765 2528; x_wconf 89' lang='lat' dir='ltr'>peccatum,</span> <span class='ocrx_word' id='word_1_606' title='bbox 1775 2465 1848 2534; x_wconf 88' lang='lat' dir='ltr'>quod</span> <span class='ocrx_word' id='word_1_607' title='bbox 1872 2468 1914 2522; x_wconf 78' lang='lat' dir='ltr'>isti</span> <span class='ocrx_word' id='word_1_608' title='bbox 1929 2480 2106 2539; x_wconf 68' lang='lat' dir='ltr'>putaueram</span> <span class='ocrx_word' id='word_1_609' title='bbox 2121 2476 2179 2533; x_wconf 72' lang='lat' dir='ltr'>bace</span> 
     </span>
     <span class='ocr_line' id='line_1_80' title="bbox 1389 2544 2177 2634; baseline 0.037 -38"><span class='ocrx_word' id='word_1_610' title='bbox 1389 2544 1499 2611; x_wconf 84' lang='lat' dir='ltr'>diceret,</span> <span class='ocrx_word' id='word_1_611' title='bbox 1513 2548 1568 2616; x_wconf 86' lang='lat' dir='ltr'>jam</span> <span class='ocrx_word' id='word_1_612' title='bbox 1598 2553 1623 2605; x_wconf 92' lang='lat' dir='ltr'>in</span> <span class='ocrx_word' id='word_1_613' title='bbox 1644 2553 1689 2607; x_wconf 91' lang='lat' dir='ltr'>illo</span> <span class='ocrx_word' id='word_1_614' title='bbox 1712 2554 1795 2611; x_wconf 76' lang='lat' dir='ltr'>fuisse</span> <span class='ocrx_word' id='word_1_615' title='bbox 1816 2562 2177 2634; x_wconf 76' lang='lat' dir='ltr'>cotttpletum3quemadmo·</span> 
     </span>
     <span class='ocr_line' id='line_1_81' title="bbox 1389 2633 2182 2724; baseline 0.037 -38"><span class='ocrx_word' id='word_1_616' title='bbox 1389 2633 1451 2689; x_wconf 91' lang='lat' dir='ltr'>dum</span> <span class='ocrx_word' id='word_1_617' title='bbox 1476 2637 1606 2707; x_wconf 89' lang='lat' dir='ltr'>adipsius</span> <span class='ocrx_word' id='word_1_618' title='bbox 1630 2657 1723 2698; x_wconf 87' lang='lat' dir='ltr'>cursus</span> <span class='ocrx_word' id='word_1_619' title='bbox 1749 2652 2005 2706; x_wconf 79' lang='lat' dir='ltr'>consummationem</span> <span class='ocrx_word' id='word_1_620' title='bbox 2031 2658 2182 2724; x_wconf 85' lang='lat' dir='ltr'>pertinebat</span> 
     </span>
     <span class='ocr_line' id='line_1_82' title="bbox 1388 2725 2176 2816; baseline 0.036 -40"><span class='ocrx_word' id='word_1_621' title='bbox 1388 2725 1467 2778; x_wconf 90' lang='lat' dir='ltr'>etiam</span> <span class='ocrx_word' id='word_1_622' title='bbox 1489 2728 1513 2780; x_wconf 90' lang='lat' dir='ltr'>in</span> <span class='ocrx_word' id='word_1_623' title='bbox 1529 2731 1674 2785; x_wconf 89' lang='lat' dir='ltr'>certamine</span> <span class='ocrx_word' id='word_1_624' title='bbox 1689 2735 1817 2801; x_wconf 79' lang='lat' dir='ltr'>passionis</span> <span class='ocrx_word' id='word_1_625' title='bbox 1829 2737 2013 2796; x_wconf 83' lang='lat' dir='ltr'>aduersarium</span> <span class='ocrx_word' id='word_1_626' title='bbox 2036 2759 2176 2816; x_wconf 89' lang='lat' dir='ltr'>superare,</span> 
     </span>
     <span class='ocr_line' id='line_1_83' title="bbox 1388 2818 2182 2897; baseline 0.035 -29"><span class='ocrx_word' id='word_1_627' title='bbox 1388 2818 1548 2884; x_wconf 87' lang='lat' dir='ltr'>quodetiam</span> <span class='ocrx_word' id='word_1_628' title='bbox 1564 2821 1612 2890; x_wconf 91' lang='lat' dir='ltr'>ipsi</span> <span class='ocrx_word' id='word_1_629' title='bbox 1626 2838 1736 2880; x_wconf 87' lang='lat' dir='ltr'>necesso</span> <span class='ocrx_word' id='word_1_630' title='bbox 1749 2836 1789 2881; x_wconf 89' lang='lat' dir='ltr'>est</span> <span class='ocrx_word' id='word_1_631' title='bbox 1804 2827 1944 2897; x_wconf 81' lang='lat' dir='ltr'>fateantur,</span> <span class='ocrx_word' id='word_1_632' title='bbox 1959 2850 2019 2890; x_wconf 90' lang='lat' dir='ltr'>cum</span> <span class='ocrx_word' id='word_1_633' title='bbox 2038 2837 2095 2893; x_wconf 84' lang='lat' dir='ltr'>baec</span> <span class='ocrx_word' id='word_1_634' title='bbox 2105 2838 2182 2895; x_wconf 86' lang='lat' dir='ltr'>dicc-</span> 
     </span>
     <span class='ocr_line' id='line_1_84' title="bbox 1388 2912 2177 2998; baseline 0.032 -37"><span class='ocrx_word' id='word_1_635' title='bbox 1388 2918 1438 2972; x_wconf 87' lang='lat' dir='ltr'>ret,</span> <span class='ocrx_word' id='word_1_636' title='bbox 1453 2912 1539 2966; x_wconf 89' lang='lat' dir='ltr'>atllmc</span> <span class='ocrx_word' id='word_1_637' title='bbox 1551 2913 1577 2967; x_wconf 90' lang='lat' dir='ltr'>iu</span> <span class='ocrx_word' id='word_1_638' title='bbox 1589 2914 1635 2968; x_wconf 92' lang='lat' dir='ltr'>illo</span> <span class='ocrx_word' id='word_1_639' title='bbox 1644 2914 1725 2972; x_wconf 83' lang='lat' dir='ltr'>luisse</span> <span class='ocrx_word' id='word_1_640' title='bbox 1736 2921 1922 2990; x_wconf 89' lang='lat' dir='ltr'>complendum</span> <span class='ocrx_word' id='word_1_641' title='bbox 1935 2943 1942 2978; x_wconf 91' lang='lat'><strong>:</strong></span> <span class='ocrx_word' id='word_1_642' title='bbox 1956 2924 2007 2981; x_wconf 87' lang='lat' dir='ltr'>boc</span> <span class='ocrx_word' id='word_1_643' title='bbox 2016 2943 2080 2998; x_wconf 88' lang='lat' dir='ltr'>ergo</span> <span class='ocrx_word' id='word_1_644' title='bbox 2091 2938 2177 2985; x_wconf 87' lang='grc' dir='ltr'>ιιιιιιιιι</span> 
     </span>
     <span class='ocr_line' id='line_1_85' title="bbox 1387 3001 2176 3089; baseline 0.032 -38"><span class='ocrx_word' id='word_1_645' title='bbox 1387 3013 1437 3053; x_wconf 91' lang='lat' dir='ltr'>uos</span> <span class='ocrx_word' id='word_1_646' title='bbox 1451 3001 1563 3059; x_wconf 89' lang='lat' dir='ltr'>dicimus</span> <span class='ocrx_word' id='word_1_647' title='bbox 1575 3013 1637 3059; x_wconf 93' lang='lat' dir='ltr'>tunc</span> <span class='ocrx_word' id='word_1_648' title='bbox 1650 3005 1731 3063; x_wconf 72' lang='lat' dir='ltr'>luisse</span> <span class='ocrx_word' id='word_1_649' title='bbox 1744 3009 1832 3065; x_wconf 89' lang='lat' dir='ltr'>adltuc</span> <span class='ocrx_word' id='word_1_650' title='bbox 1846 3014 2045 3085; x_wconf 80' lang='lat' dir='ltr'>perficiendum,</span> <span class='ocrx_word' id='word_1_651' title='bbox 2069 3022 2176 3089; x_wconf 89' lang='lat' dir='ltr'>quaudo</span> 
     </span>
     <span class='ocr_line' id='line_1_86' title="bbox 1384 3088 2244 3169; baseline 0.033 -28"><span class='ocrx_word' id='word_1_652' title='bbox 1384 3088 1439 3159; x_wconf 81' lang='lat' dir='ltr'>jam</span> <span class='ocrx_word' id='word_1_653' title='bbox 1455 3091 1488 3146; x_wconf 92' lang='lat' dir='ltr'>de</span> <span class='ocrx_word' id='word_1_654' title='bbox 1504 3093 1548 3147; x_wconf 88' lang='lat' dir='ltr'>bei</span> <span class='ocrx_word' id='word_1_655' title='bbox 1563 3096 1740 3163; x_wconf 85' lang='lat' dir='ltr'>promissione</span> <span class='ocrx_word' id='word_1_656' title='bbox 1761 3101 1901 3169; x_wconf 77' lang='lat' dir='ltr'>praefidens</span> <span class='ocrx_word' id='word_1_657' title='bbox 1915 3112 1998 3161; x_wconf 87' lang='lat' dir='ltr'>tatum</span> <span class='ocrx_word' id='word_1_658' title='bbox 2022 3108 2058 3163; x_wconf 87' lang='lat' dir='ltr'>ita</span> <span class='ocrx_word' id='word_1_659' title='bbox 2072 3110 2180 3166; x_wconf 87' lang='lat' dir='ltr'>dicebat</span> <span class='ocrx_word' id='word_1_660' title='bbox 2241 3127 2244 3133; x_wconf 90' lang='lat'>·</span> 
     </span>
     <span class='ocr_line' id='line_1_87' title="bbox 1388 3183 2182 3267; baseline 0.029 -33"><span class='ocrx_word' id='word_1_661' title='bbox 1388 3188 1512 3250; x_wconf 81' lang='lat' dir='ltr'>tanquam</span> <span class='ocrx_word' id='word_1_662' title='bbox 1534 3183 1628 3241; x_wconf 86' lang='lat' dir='ltr'>luisset</span> <span class='ocrx_word' id='word_1_663' title='bbox 1654 3187 1786 3243; x_wconf 86' lang='lat' dir='ltr'>ellectum.</span> <span class='ocrx_word' id='word_1_664' title='bbox 1800 3190 1840 3245; x_wconf 79' lang='lat' dir='ltr'>Ad</span> <span class='ocrx_word' id='word_1_665' title='bbox 1860 3192 1944 3263; x_wconf 90' lang='lat' dir='ltr'>ipsius</span> <span class='ocrx_word' id='word_1_666' title='bbox 1963 3197 2060 3267; x_wconf 89' lang='lat' dir='ltr'>quippe</span> <span class='ocrx_word' id='word_1_667' title='bbox 2086 3214 2182 3257; x_wconf 85' lang='lat' dir='ltr'>cursus</span> 
     </span>
     <span class='ocr_line' id='line_1_88' title="bbox 1386 3276 2176 3358; baseline 0.027 -34"><span class='ocrx_word' id='word_1_668' title='bbox 1386 3276 1642 3332; x_wconf 86' lang='lat' dir='ltr'>consummationem</span> <span class='ocrx_word' id='word_1_669' title='bbox 1666 3281 1834 3348; x_wconf 87' lang='lat' dir='ltr'>pertinebat,</span> <span class='ocrx_word' id='word_1_670' title='bbox 1858 3284 1937 3338; x_wconf 76' lang='lat' dir='ltr'>extant</span> <span class='ocrx_word' id='word_1_671' title='bbox 1966 3288 2036 3356; x_wconf 79' lang='lat' dir='ltr'>quod</span> <span class='ocrx_word' id='word_1_672' title='bbox 2067 3300 2176 3358; x_wconf 85' lang='lat' dir='ltr'>peccata</span> 
     </span>
     <span class='ocr_line' id='line_1_89' title="bbox 1386 3360 2181 3441; baseline 0.023 -27"><span class='ocrx_word' id='word_1_673' title='bbox 1386 3360 1536 3417; x_wconf 87' lang='lat' dir='ltr'>dimittebat</span> <span class='ocrx_word' id='word_1_674' title='bbox 1557 3364 1722 3422; x_wconf 85' lang='lat' dir='ltr'>debitoribus</span> <span class='ocrx_word' id='word_1_675' title='bbox 1739 3371 1803 3433; x_wconf 82' lang='lat' dir='ltr'>suis,</span> <span class='ocrx_word' id='word_1_676' title='bbox 1819 3379 1900 3441; x_wconf 89' lang='lat' dir='ltr'>atque</span> <span class='ocrx_word' id='word_1_677' title='bbox 1919 3375 1953 3427; x_wconf 85' lang='lat' dir='ltr'>ita</span> <span class='ocrx_word' id='word_1_678' title='bbox 1975 3376 2027 3430; x_wconf 86' lang='lat' dir='ltr'>sibi</span> <span class='ocrx_word' id='word_1_679' title='bbox 2041 3389 2070 3430; x_wconf 91' lang='lat' dir='ltr'>ut</span> <span class='ocrx_word' id='word_1_680' title='bbox 2088 3378 2181 3433; x_wconf 72' lang='lat' dir='ltr'>diucit-</span> 
     </span>
     <span class='ocr_line' id='line_1_90' title="bbox 1387 3456 2179 3532; baseline 0.019 -25"><span class='ocrx_word' id='word_1_681' title='bbox 1387 3462 1487 3508; x_wconf 85' lang='lat' dir='ltr'>teretur</span> <span class='ocrx_word' id='word_1_682' title='bbox 1501 3456 1615 3510; x_wconf 79' lang='lat' dir='ltr'>oralmt¹</span> <span class='ocrx_word' id='word_1_683' title='bbox 1631 3473 1702 3528; x_wconf 88' lang='lat' dir='ltr'>:qua</span> <span class='ocrx_word' id='word_1_684' title='bbox 1723 3459 1826 3514; x_wconf 86' lang='lat' dir='ltr'>bomini</span> <span class='ocrx_word' id='word_1_685' title='bbox 1848 3463 2039 3532; x_wconf 85' lang='lat' dir='ltr'>pollicitatione</span> <span class='ocrx_word' id='word_1_686' title='bbox 2059 3469 2179 3522; x_wconf 86' lang='lat' dir='ltr'>certissi-</span> 
     </span>
     <span class='ocr_line' id='line_1_91' title="bbox 1386 3546 2181 3626; baseline 0.025 -30"><span class='ocrx_word' id='word_1_687' title='bbox 1386 3559 1446 3599; x_wconf 89' lang='lat' dir='ltr'>mus</span> <span class='ocrx_word' id='word_1_688' title='bbox 1456 3554 1523 3609; x_wconf 89' lang='lat' dir='ltr'>erat,</span> <span class='ocrx_word' id='word_1_689' title='bbox 1537 3546 1563 3600; x_wconf 89' lang='lat' dir='ltr'>in</span> <span class='ocrx_word' id='word_1_690' title='bbox 1575 3546 1620 3602; x_wconf 89' lang='lat' dir='ltr'>illo</span> <span class='ocrx_word' id='word_1_691' title='bbox 1630 3548 1693 3616; x_wconf 87' lang='lat' dir='ltr'>litte,</span> <span class='ocrx_word' id='word_1_692' title='bbox 1707 3564 1786 3619; x_wconf 89' lang='lat' dir='ltr'>quem</span> <span class='ocrx_word' id='word_1_693' title='bbox 1794 3551 1880 3607; x_wconf 88' lang='lat' dir='ltr'>adbuc</span> <span class='ocrx_word' id='word_1_694' title='bbox 1891 3552 2007 3609; x_wconf 82' lang='lat' dir='ltr'>futurum</span> <span class='ocrx_word' id='word_1_695' title='bbox 2017 3556 2071 3626; x_wconf 81' lang='lat' dir='ltr'>jam</span> <span class='ocrx_word' id='word_1_696' title='bbox 2096 3557 2181 3615; x_wconf 80' lang='lat' dir='ltr'>liduu·</span> 
     </span>
     <span class='ocr_line' id='line_1_92' title="bbox 1386 3635 2180 3722; baseline 0.021 -31"><span class='ocrx_word' id='word_1_697' title='bbox 1386 3635 1536 3694; x_wconf 83' lang='lat' dir='ltr'>dodicebat</span> <span class='ocrx_word' id='word_1_698' title='bbox 1551 3639 1699 3710; x_wconf 90' lang='lat' dir='ltr'>impletum,</span> <span class='ocrx_word' id='word_1_699' title='bbox 1714 3642 1816 3698; x_wconf 92' lang='lat' dir='ltr'>nullum</span> <span class='ocrx_word' id='word_1_700' title='bbox 1837 3657 1867 3699; x_wconf 91' lang='lat' dir='ltr'>se</span> <span class='ocrx_word' id='word_1_701' title='bbox 1879 3645 2028 3704; x_wconf 83' lang='lat' dir='ltr'>habiturum</span> <span class='ocrx_word' id='word_1_702' title='bbox 2042 3664 2104 3706; x_wconf 90' lang='lat' dir='ltr'>esse</span> <span class='ocrx_word' id='word_1_703' title='bbox 2117 3666 2180 3722; x_wconf 89' lang='lat' dir='ltr'>pec·</span> 
     </span>
     <span class='ocr_line' id='line_1_93' title="bbox 1385 3731 2175 3801; baseline 0.023 -19"><span class='ocrx_word' id='word_1_704' title='bbox 1385 3738 1485 3784; x_wconf 88' lang='lat' dir='ltr'>catum.</span> <span class='ocrx_word' id='word_1_705' title='bbox 1502 3731 1578 3798; x_wconf 90' lang='lat' dir='ltr'>Nam,</span> <span class='ocrx_word' id='word_1_706' title='bbox 1596 3743 1624 3786; x_wconf 92' lang='lat' dir='ltr'>ut</span> <span class='ocrx_word' id='word_1_707' title='bbox 1648 3733 1698 3788; x_wconf 87' lang='lat' dir='ltr'>alia</span> <span class='ocrx_word' id='word_1_708' title='bbox 1720 3736 1851 3801; x_wconf 89' lang='lat' dir='ltr'>omittam,</span> <span class='ocrx_word' id='word_1_709' title='bbox 1877 3739 1959 3794; x_wconf 89' lang='lat' dir='ltr'>miror</span> <span class='ocrx_word' id='word_1_710' title='bbox 1973 3742 1994 3794; x_wconf 89' lang='lat' dir='ltr'>si</span> <span class='ocrx_word' id='word_1_711' title='bbox 2009 3758 2069 3796; x_wconf 90' lang='lat' dir='ltr'>cuttt</span> <span class='ocrx_word' id='word_1_712' title='bbox 2092 3744 2175 3800; x_wconf 83' lang='lat' dir='ltr'>rerba</span> 
     </span>
    </p>
   </div>
   <div class='ocr_carea' id='block_1_7' title="bbox 1380 3823 2240 5436">
    <p class='ocr_par' dir='ltr' id='par_1_9' title="bbox 1381 3823 2180 4802">
     <span class='ocr_line' id='line_1_94' title="bbox 1386 3823 2180 3895; baseline 0.023 -20"><span class='ocrx_word' id='word_1_713' title='bbox 1386 3823 1428 3877; x_wconf 91' lang='lat' dir='ltr'>illa</span> <span class='ocrx_word' id='word_1_714' title='bbox 1451 3824 1564 3887; x_wconf 87' lang='lat' dir='ltr'>dicebat,</span> <span class='ocrx_word' id='word_1_715' title='bbox 1587 3841 1633 3894; x_wconf 88' lang='lat' dir='ltr'>per</span> <span class='ocrx_word' id='word_1_716' title='bbox 1658 3841 1716 3895; x_wconf 81' lang='lat' dir='ltr'>qum</span> <span class='ocrx_word' id='word_1_717' title='bbox 1738 3828 1795 3883; x_wconf 89' lang='lat' dir='ltr'>istis</span> <span class='ocrx_word' id='word_1_718' title='bbox 1818 3830 1891 3884; x_wconf 80' lang='lat' dir='ltr'>visus</span> <span class='ocrx_word' id='word_1_719' title='bbox 1910 3833 2180 3892; x_wconf 89' lang='lat' dir='ltr'>cstnttllumltalmis·</span> 
     </span>
     <span class='ocr_line' id='line_1_95' title="bbox 1386 3918 2175 3987; baseline 0.022 -20"><span class='ocrx_word' id='word_1_720' title='bbox 1386 3928 1415 3968; x_wconf 89' lang='lat' dir='ltr'>se</span> <span class='ocrx_word' id='word_1_721' title='bbox 1428 3927 1579 3984; x_wconf 84' lang='lat' dir='ltr'>peccatum,</span> <span class='ocrx_word' id='word_1_722' title='bbox 1592 3918 1647 3987; x_wconf 81' lang='lat' dir='ltr'>jam</span> <span class='ocrx_word' id='word_1_723' title='bbox 1663 3919 1748 3973; x_wconf 88' lang='lat' dir='ltr'>iuerat</span> <span class='ocrx_word' id='word_1_724' title='bbox 1761 3921 1795 3973; x_wconf 89' lang='lat' dir='ltr'>ab</span> <span class='ocrx_word' id='word_1_725' title='bbox 1810 3922 1856 3975; x_wconf 90' lang='lat' dir='ltr'>illo</span> <span class='ocrx_word' id='word_1_726' title='bbox 1874 3922 1978 3978; x_wconf 88' lang='lat' dir='ltr'>ablatus</span> <span class='ocrx_word' id='word_1_727' title='bbox 1996 3925 2041 3981; x_wconf 91' lang='lat' dir='ltr'>iile</span> <span class='ocrx_word' id='word_1_728' title='bbox 2051 3929 2175 3984; x_wconf 89' lang='lat' dir='ltr'>stimulus</span> 
     </span>
     <span class='ocr_line' id='line_1_96' title="bbox 1384 4000 2171 4087; baseline 0.017 -29"><span class='ocrx_word' id='word_1_729' title='bbox 1384 4005 1483 4070; x_wconf 86' lang='lat' dir='ltr'>carnis,</span> <span class='ocrx_word' id='word_1_730' title='bbox 1494 4004 1527 4060; x_wconf 91' lang='lat' dir='ltr'>de</span> <span class='ocrx_word' id='word_1_731' title='bbox 1539 4022 1616 4075; x_wconf 85' lang='lat' dir='ltr'>quon</span> <span class='ocrx_word' id='word_1_732' title='bbox 1629 4008 1809 4065; x_wconf 85' lang='lat' dir='ltr'>seaulereudo</span> <span class='ocrx_word' id='word_1_733' title='bbox 1823 4012 1963 4067; x_wconf 86' lang='lat' dir='ltr'>bantinum</span> <span class='ocrx_word' id='word_1_734' title='bbox 1977 4000 2171 4087; x_wconf 82' lang='lat' dir='ltr'>terrogaverat,</span> 
     </span>
     <span class='ocr_line' id='line_1_97' title="bbox 1385 4102 2169 4177; baseline 0.026 -32"><span class='ocrx_word' id='word_1_735' title='bbox 1385 4108 1595 4165; x_wconf 89' lang='lat' dir='ltr'>responsumque</span> <span class='ocrx_word' id='word_1_736' title='bbox 1617 4110 1774 4168; x_wconf 87' lang='lat' dir='ltr'>acceperat,</span> <span class='ocrx_word' id='word_1_737' title='bbox 1803 4102 1901 4172; x_wconf 75' lang='lat' dir='ltr'>Sufficit</span> <span class='ocrx_word' id='word_1_738' title='bbox 1925 4105 1969 4159; x_wconf 79' lang='lat' dir='ltr'>tibi</span> <span class='ocrx_word' id='word_1_739' title='bbox 1990 4110 2169 4177; x_wconf 78' lang='lat' dir='ltr'>preliantes:</span> 
     </span>
     <span class='ocr_line' id='line_1_98' title="bbox 1384 4186 2175 4272; baseline 0.027 -36"><span class='ocrx_word' id='word_1_740' title='bbox 1384 4201 1444 4238; x_wconf 83' lang='lat' dir='ltr'>nam</span> <span class='ocrx_word' id='word_1_741' title='bbox 1458 4186 1540 4239; x_wconf 83' lang='lat' dir='ltr'>uirtus</span> <span class='ocrx_word' id='word_1_742' title='bbox 1564 4188 1590 4240; x_wconf 87' lang='lat' dir='ltr'>t&#39;tr</span> <span class='ocrx_word' id='word_1_743' title='bbox 1602 4189 1749 4257; x_wconf 78' lang='lat' dir='ltr'>infirmitate</span> <span class='ocrx_word' id='word_1_744' title='bbox 1763 4194 1891 4260; x_wconf 75' lang='lat' dir='ltr'>perficitur</span> <span class='ocrx_word' id='word_1_745' title='bbox 1904 4196 1913 4264; x_wconf 86' lang='lat'><strong>(</strong></span> <span class='ocrx_word' id='word_1_746' title='bbox 1926 4196 1945 4249; x_wconf 93' lang='lat' dir='ltr'>tt</span> <span class='ocrx_word' id='word_1_747' title='bbox 1960 4196 2019 4250; x_wconf 82' lang='lat' dir='ltr'>Cor.</span> <span class='ocrx_word' id='word_1_748' title='bbox 2034 4215 2081 4266; x_wconf 86' lang='grc' dir='ltr'>ιιι,</span> <span class='ocrx_word' id='word_1_749' title='bbox 2093 4201 2140 4256; x_wconf 74' lang='lat' dir='ltr'>le</span> <span class='ocrx_word' id='word_1_750' title='bbox 2151 4204 2175 4272; x_wconf 74' lang='grc' dir='ltr'>ι.</span> 
     </span>
     <span class='ocr_line' id='line_1_99' title="bbox 1384 4273 2179 4352; baseline 0.025 -24"><span class='ocrx_word' id='word_1_751' title='bbox 1384 4273 1452 4329; x_wconf 87' lang='lat' dir='ltr'>liuic</span> <span class='ocrx_word' id='word_1_752' title='bbox 1473 4286 1546 4330; x_wconf 92' lang='lat' dir='ltr'>tauto</span> <span class='ocrx_word' id='word_1_753' title='bbox 1566 4279 1622 4331; x_wconf 86' lang='lat' dir='ltr'>uiro</span> <span class='ocrx_word' id='word_1_754' title='bbox 1636 4281 1797 4347; x_wconf 79' lang='lat' dir='ltr'>perficiendo</span> <span class='ocrx_word' id='word_1_755' title='bbox 1819 4285 1998 4339; x_wconf 82' lang='lat' dir='ltr'>necessarium</span> <span class='ocrx_word' id='word_1_756' title='bbox 2019 4287 2077 4352; x_wconf 84' lang='lat' dir='ltr'>luit,</span> <span class='ocrx_word' id='word_1_757' title='bbox 2094 4301 2121 4344; x_wconf 94' lang='lat' dir='ltr'>ut</span> <span class='ocrx_word' id='word_1_758' title='bbox 2141 4294 2179 4348; x_wconf 90' lang='lat' dir='ltr'>ab</span> 
     </span>
     <span class='ocr_line' id='line_1_100' title="bbox 1384 4363 2174 4447; baseline 0.025 -30"><span class='ocrx_word' id='word_1_759' title='bbox 1384 4363 1429 4418; x_wconf 88' lang='lat' dir='ltr'>illo</span> <span class='ocrx_word' id='word_1_760' title='bbox 1441 4366 1550 4436; x_wconf 83' lang='lat' dir='ltr'>angelus</span> <span class='ocrx_word' id='word_1_761' title='bbox 1563 4376 1662 4422; x_wconf 74' lang='lat' dir='ltr'>satanae</span> <span class='ocrx_word' id='word_1_762' title='bbox 1682 4385 1733 4423; x_wconf 91' lang='lat' dir='ltr'>uou</span> <span class='ocrx_word' id='word_1_763' title='bbox 1755 4371 1941 4438; x_wconf 81' lang='lat' dir='ltr'>auferretur,a</span> <span class='ocrx_word' id='word_1_764' title='bbox 1957 4389 2012 4444; x_wconf 92' lang='lat' dir='ltr'>quo</span> <span class='ocrx_word' id='word_1_765' title='bbox 2036 4389 2174 4447; x_wconf 86' lang='lat' dir='ltr'>propterea</span> 
     </span>
     <span class='ocr_line' id='line_1_101' title="bbox 1383 4455 2174 4531; baseline 0.024 -21"><span class='ocrx_word' id='word_1_766' title='bbox 1383 4455 1605 4525; x_wconf 82' lang='lat' dir='ltr'>colaphizabatur,</span> <span class='ocrx_word' id='word_1_767' title='bbox 1628 4476 1661 4514; x_wconf 89' lang='lat' dir='ltr'>ne</span> <span class='ocrx_word' id='word_1_768' title='bbox 1677 4462 1857 4531; x_wconf 77' lang='lat' dir='ltr'>magnitudine</span> <span class='ocrx_word' id='word_1_769' title='bbox 1879 4466 2011 4522; x_wconf 82' lang='lat' dir='ltr'>visionum</span> <span class='ocrx_word' id='word_1_770' title='bbox 2029 4471 2174 4529; x_wconf 79' lang='lat' dir='ltr'>extollere·</span> 
     </span>
     <span class='ocr_line' id='line_1_102' title="bbox 1383 4548 2172 4627; baseline 0.02 -27"><span class='ocrx_word' id='word_1_771' title='bbox 1383 4555 1426 4600; x_wconf 89' lang='lat' dir='ltr'>tttr</span> <span class='ocrx_word' id='word_1_772' title='bbox 1439 4564 1447 4602; x_wconf 80' lang='grc' dir='ltr'>ι</span> <span class='ocrx_word' id='word_1_773' title='bbox 1461 4548 1576 4603; x_wconf 86' lang='lat' dir='ltr'>claudet</span> <span class='ocrx_word' id='word_1_774' title='bbox 1594 4551 1744 4620; x_wconf 90' lang='lat' dir='ltr'>quisquam,</span> <span class='ocrx_word' id='word_1_775' title='bbox 1766 4569 1925 4624; x_wconf 90' lang='lat' dir='ltr'>quemquam</span> <span class='ocrx_word' id='word_1_776' title='bbox 1948 4558 1990 4612; x_wconf 90' lang='grc' dir='ltr'>ιιι</span> <span class='ocrx_word' id='word_1_777' title='bbox 2015 4568 2107 4627; x_wconf 89' lang='lat' dir='ltr'>putare</span> <span class='ocrx_word' id='word_1_778' title='bbox 2130 4563 2172 4616; x_wconf 90' lang='lat' dir='ltr'>rel</span> 
     </span>
     <span class='ocr_line' id='line_1_103' title="bbox 1381 4637 2172 4714; baseline 0.021 -22"><span class='ocrx_word' id='word_1_779' title='bbox 1381 4637 1472 4694; x_wconf 86' lang='lat' dir='ltr'>dicere</span> <span class='ocrx_word' id='word_1_780' title='bbox 1486 4640 1599 4708; x_wconf 89' lang='lat' dir='ltr'>positum</span> <span class='ocrx_word' id='word_1_781' title='bbox 1609 4643 1658 4697; x_wconf 86' lang='lat' dir='ltr'>sub</span> <span class='ocrx_word' id='word_1_782' title='bbox 1674 4657 1756 4697; x_wconf 90' lang='lat' dir='ltr'>onere</span> <span class='ocrx_word' id='word_1_783' title='bbox 1771 4645 1849 4714; x_wconf 84' lang='lat' dir='ltr'>lmjus</span> <span class='ocrx_word' id='word_1_784' title='bbox 1865 4647 1928 4701; x_wconf 80' lang='lat' dir='ltr'>ritae</span> <span class='ocrx_word' id='word_1_785' title='bbox 1940 4649 1974 4701; x_wconf 94' lang='lat' dir='ltr'>ab</span> <span class='ocrx_word' id='word_1_786' title='bbox 1992 4652 2065 4704; x_wconf 89' lang='lat' dir='ltr'>omni</span> <span class='ocrx_word' id='word_1_787' title='bbox 2083 4655 2172 4709; x_wconf 89' lang='lat' dir='ltr'>omni·</span> 
     </span>
     <span class='ocr_line' id='line_1_104' title="bbox 1382 4732 1776 4802; baseline 0.01 -19"><span class='ocrx_word' id='word_1_788' title='bbox 1382 4744 1418 4784; x_wconf 90' lang='lat' dir='ltr'>no</span> <span class='ocrx_word' id='word_1_789' title='bbox 1431 4732 1559 4786; x_wconf 91' lang='lat' dir='ltr'>mundum</span> <span class='ocrx_word' id='word_1_790' title='bbox 1572 4748 1631 4788; x_wconf 89' lang='lat' dir='ltr'>csse</span> <span class='ocrx_word' id='word_1_791' title='bbox 1645 4736 1776 4802; x_wconf 82' lang='lat' dir='ltr'>peccato?</span> 
     </span>
    </p>

    <p class='ocr_par' dir='ltr' id='par_1_10' title="bbox 1380 4822 2240 5436">
     <span class='ocr_line' id='line_1_105' title="bbox 1416 4822 2240 4906; baseline 0.025 -31"><span class='ocrx_word' id='word_1_792' title='bbox 1416 4822 1461 4876; x_wconf 74' lang='grc' dir='ltr'>ιι.</span> <span class='ocrx_word' id='word_1_793' title='bbox 1481 4822 1538 4876; x_wconf 90' lang='lat' dir='ltr'>Sint</span> <span class='ocrx_word' id='word_1_794' title='bbox 1559 4824 1619 4878; x_wconf 87' lang='lat' dir='ltr'>licet</span> <span class='ocrx_word' id='word_1_795' title='bbox 1639 4824 1758 4880; x_wconf 88' lang='lat' dir='ltr'>immines</span> <span class='ocrx_word' id='word_1_796' title='bbox 1773 4834 1845 4883; x_wconf 88' lang='lat' dir='ltr'>tanta</span> <span class='ocrx_word' id='word_1_797' title='bbox 1864 4831 2024 4887; x_wconf 83' lang='lat' dir='ltr'>excellentes</span> <span class='ocrx_word' id='word_1_798' title='bbox 2041 4835 2162 4906; x_wconf 85' lang='lat' dir='ltr'>justitia,</span> <span class='ocrx_word' id='word_1_799' title='bbox 2236 4837 2240 4844; x_wconf 78' lang='lat'>&#39;</span> 
     </span>
     <span class='ocr_line' id='line_1_106' title="bbox 1381 4912 2172 4997; baseline 0.025 -33"><span class='ocrx_word' id='word_1_800' title='bbox 1381 4920 1411 4965; x_wconf 93' lang='lat' dir='ltr'>ul</span> <span class='ocrx_word' id='word_1_801' title='bbox 1429 4912 1462 4967; x_wconf 87' lang='lat' dir='ltr'>ad</span> <span class='ocrx_word' id='word_1_802' title='bbox 1483 4927 1530 4967; x_wconf 88' lang='lat' dir='ltr'>eos</span> <span class='ocrx_word' id='word_1_803' title='bbox 1548 4914 1581 4968; x_wconf 87' lang='lat' dir='ltr'>de</span> <span class='ocrx_word' id='word_1_804' title='bbox 1602 4915 1725 4968; x_wconf 90' lang='lat' dir='ltr'>columna</span> <span class='ocrx_word' id='word_1_805' title='bbox 1740 4916 1817 4972; x_wconf 91' lang='lat' dir='ltr'>nobis</span> <span class='ocrx_word' id='word_1_806' title='bbox 1838 4920 1959 4990; x_wconf 86' lang='lat' dir='ltr'>loquatur</span> <span class='ocrx_word' id='word_1_807' title='bbox 1973 4923 2063 4992; x_wconf 87' lang='lat' dir='ltr'>Deus,</span> <span class='ocrx_word' id='word_1_808' title='bbox 2085 4929 2172 4997; x_wconf 85' lang='lat' dir='ltr'>qualis</span> 
     </span>
     <span class='ocr_line' id='line_1_107' title="bbox 1382 5002 2172 5079; baseline 0.025 -24"><span class='ocrx_word' id='word_1_809' title='bbox 1382 5002 1483 5073; x_wconf 79' lang='lat' dir='ltr'>lloyser</span> <span class='ocrx_word' id='word_1_810' title='bbox 1495 5012 1517 5058; x_wconf 84' lang='grc' dir='ltr'>ιι</span> <span class='ocrx_word' id='word_1_811' title='bbox 1530 5006 1615 5059; x_wconf 80' lang='lat' dir='ltr'>Aaron</span> <span class='ocrx_word' id='word_1_812' title='bbox 1628 5008 1653 5059; x_wconf 90' lang='lat' dir='ltr'>t&#39;a</span> <span class='ocrx_word' id='word_1_813' title='bbox 1666 5009 1836 5064; x_wconf 74' lang='lat' dir='ltr'>attcerroulus</span> <span class='ocrx_word' id='word_1_814' title='bbox 1847 5010 1918 5079; x_wconf 75' lang='lat' dir='ltr'>ejus,</span> <span class='ocrx_word' id='word_1_815' title='bbox 1932 5024 1956 5067; x_wconf 83' lang='grc' dir='ltr'>ιι</span> <span class='ocrx_word' id='word_1_816' title='bbox 1967 5013 2073 5072; x_wconf 81' lang='lat' dir='ltr'>Samuel</span> <span class='ocrx_word' id='word_1_817' title='bbox 2091 5020 2117 5073; x_wconf 87' lang='lat' dir='ltr'>itt</span> <span class='ocrx_word' id='word_1_818' title='bbox 2132 5021 2172 5076; x_wconf 87' lang='lat' dir='ltr'>itis</span> 
     </span>
     <span class='ocr_line' id='line_1_108' title="bbox 1381 5094 2172 5176; baseline 0.028 -32"><span class='ocrx_word' id='word_1_819' title='bbox 1381 5094 1424 5162; x_wconf 88' lang='lat' dir='ltr'>qui</span> <span class='ocrx_word' id='word_1_820' title='bbox 1434 5094 1550 5148; x_wconf 76' lang='lat' dir='ltr'>invocant</span> <span class='ocrx_word' id='word_1_821' title='bbox 1562 5111 1651 5150; x_wconf 83' lang='lat' dir='ltr'>nautea</span> <span class='ocrx_word' id='word_1_822' title='bbox 1661 5098 1716 5167; x_wconf 73' lang='grc' dir='ltr'>ιιιι</span> <span class='ocrx_word' id='word_1_823' title='bbox 1727 5114 1738 5161; x_wconf 84' lang='grc'>,’</span> <span class='ocrx_word' id='word_1_824' title='bbox 1751 5099 1827 5170; x_wconf 82' lang='lat' dir='ltr'>cujus</span> <span class='ocrx_word' id='word_1_825' title='bbox 1839 5116 1941 5173; x_wconf 73' lang='lat' dir='ltr'>aragne</span> <span class='ocrx_word' id='word_1_826' title='bbox 1960 5105 2052 5162; x_wconf 88' lang='lat' dir='ltr'>laudes</span> <span class='ocrx_word' id='word_1_827' title='bbox 2066 5109 2172 5176; x_wconf 88' lang='lat' dir='ltr'>pietatis</span> 
     </span>
     <span class='ocr_line' id='line_1_109' title="bbox 1380 5186 2169 5267; baseline 0.023 -30"><span class='ocrx_word' id='word_1_828' title='bbox 1380 5193 1408 5238; x_wconf 88' lang='grc' dir='ltr'>ιι</span> <span class='ocrx_word' id='word_1_829' title='bbox 1428 5186 1585 5241; x_wconf 75' lang='lat' dir='ltr'>innocentie</span> <span class='ocrx_word' id='word_1_830' title='bbox 1600 5188 1628 5242; x_wconf 91' lang='lat' dir='ltr'>in</span> <span class='ocrx_word' id='word_1_831' title='bbox 1642 5189 1777 5257; x_wconf 84' lang='lat' dir='ltr'>Scriptura</span> <span class='ocrx_word' id='word_1_832' title='bbox 1788 5192 1903 5248; x_wconf 89' lang='lat' dir='ltr'>veridica</span> <span class='ocrx_word' id='word_1_833' title='bbox 1918 5197 2113 5267; x_wconf 74' lang='lat' dir='ltr'>predicantur,</span> <span class='ocrx_word' id='word_1_834' title='bbox 2135 5203 2169 5257; x_wconf 84' lang='lat' dir='ltr'>ala</span> 
     </span>
     <span class='ocr_line' id='line_1_110' title="bbox 1383 5260 2170 5349; baseline 0.025 -22"><span class='ocrx_word' id='word_1_835' title='bbox 1383 5260 1493 5330; x_wconf 87' lang='lat' dir='ltr'>incunte</span> <span class='ocrx_word' id='word_1_836' title='bbox 1515 5278 1637 5346; x_wconf 88' lang='lat' dir='ltr'>pueritia,</span> <span class='ocrx_word' id='word_1_837' title='bbox 1654 5293 1688 5333; x_wconf 87' lang='grc' dir='ltr'>ιι</span> <span class='ocrx_word' id='word_1_838' title='bbox 1701 5295 1754 5349; x_wconf 91' lang='lat' dir='ltr'>quo</span> <span class='ocrx_word' id='word_1_839' title='bbox 1775 5297 1836 5336; x_wconf 91' lang='lat' dir='ltr'>eum</span> <span class='ocrx_word' id='word_1_840' title='bbox 1855 5295 1940 5339; x_wconf 86' lang='grc' dir='ltr'>ιιιιιιιι</span> <span class='ocrx_word' id='word_1_841' title='bbox 1953 5299 2042 5342; x_wconf 88' lang='lat' dir='ltr'>totum</span> <span class='ocrx_word' id='word_1_842' title='bbox 2063 5291 2170 5347; x_wconf 83' lang='lat' dir='ltr'>solreus</span> 
     </span>
     <span class='ocr_line' id='line_1_111' title="bbox 1380 5364 2168 5436; baseline 0.024 -18"><span class='ocrx_word' id='word_1_843' title='bbox 1380 5364 1406 5418; x_wconf 88' lang='lat' dir='ltr'>in</span> <span class='ocrx_word' id='word_1_844' title='bbox 1429 5368 1526 5435; x_wconf 91' lang='lat' dir='ltr'>templo</span> <span class='ocrx_word' id='word_1_845' title='bbox 1547 5367 1591 5422; x_wconf 78' lang='lat' dir='ltr'>liei</span> <span class='ocrx_word' id='word_1_846' title='bbox 1606 5370 1755 5434; x_wconf 86' lang='lat' dir='ltr'>constituit,</span> <span class='ocrx_word' id='word_1_847' title='bbox 1769 5381 1797 5426; x_wconf 90' lang='lat' dir='ltr'>et</span> <span class='ocrx_word' id='word_1_848' title='bbox 1813 5387 1919 5428; x_wconf 83' lang='lat' dir='ltr'>serrum</span> <span class='ocrx_word' id='word_1_849' title='bbox 1935 5376 2047 5431; x_wconf 77' lang='lat' dir='ltr'>Dourion</span> <span class='ocrx_word' id='word_1_850' title='bbox 2060 5379 2168 5436; x_wconf 84' lang='lat' dir='ltr'>dedica-</span> 
     </span>
    </p>
   </div>
   <div class='ocr_carea' id='block_1_8' title="bbox 1379 5457 2169 5621">
    <p class='ocr_par' dir='ltr' id='par_1_11' title="bbox 1379 5457 2169 5621">
     <span class='ocr_line' id='line_1_112' title="bbox 1380 5457 2169 5535; baseline 0.024 -28"><span class='ocrx_word' id='word_1_851' title='bbox 1380 5458 1417 5510; x_wconf 88' lang='grc' dir='ltr'>ιιι</span> <span class='ocrx_word' id='word_1_852' title='bbox 1432 5475 1439 5511; x_wconf 90' lang='lat'>:</span> <span class='ocrx_word' id='word_1_853' title='bbox 1454 5458 1533 5511; x_wconf 89' lang='lat' dir='ltr'>etiam</span> <span class='ocrx_word' id='word_1_854' title='bbox 1549 5457 1583 5513; x_wconf 91' lang='lat' dir='ltr'>dc</span> <span class='ocrx_word' id='word_1_855' title='bbox 1597 5459 1692 5513; x_wconf 90' lang='lat' dir='ltr'>talibus</span> <span class='ocrx_word' id='word_1_856' title='bbox 1706 5463 1834 5530; x_wconf 88' lang='lat' dir='ltr'>scriptum</span> <span class='ocrx_word' id='word_1_857' title='bbox 1847 5473 1905 5527; x_wconf 82' lang='lat' dir='ltr'>est,</span> <span class='ocrx_word' id='word_1_858' title='bbox 1920 5464 1960 5518; x_wconf 84' lang='grc' dir='ltr'>Τιι</span> <span class='ocrx_word' id='word_1_859' title='bbox 1970 5469 2095 5535; x_wconf 83' lang='lat' dir='ltr'>propitius</span> <span class='ocrx_word' id='word_1_860' title='bbox 2112 5488 2169 5526; x_wconf 87' lang='lat' dir='ltr'>erus</span> 
     </span>
     <span class='ocr_line' id='line_1_113' title="bbox 1379 5538 2167 5621; baseline 0.022 -29"><span class='ocrx_word' id='word_1_861' title='bbox 1379 5538 1445 5604; x_wconf 70' lang='lat' dir='ltr'>illle,</span> <span class='ocrx_word' id='word_1_862' title='bbox 1466 5549 1488 5594; x_wconf 87' lang='grc' dir='ltr'>ιι</span> <span class='ocrx_word' id='word_1_863' title='bbox 1507 5541 1636 5596; x_wconf 70' lang='lat' dir='ltr'>uindicaui</span> <span class='ocrx_word' id='word_1_864' title='bbox 1657 5543 1683 5596; x_wconf 91' lang='lat' dir='ltr'>in</span> <span class='ocrx_word' id='word_1_865' title='bbox 1704 5561 1789 5598; x_wconf 87' lang='lat' dir='ltr'>omnes</span> <span class='ocrx_word' id='word_1_866' title='bbox 1802 5545 1946 5613; x_wconf 63' lang='lat' dir='ltr'>affectiones</span> <span class='ocrx_word' id='word_1_867' title='bbox 1965 5567 2052 5603; x_wconf 84' lang='lat' dir='ltr'>corum</span> <span class='ocrx_word' id='word_1_868' title='bbox 2076 5553 2167 5621; x_wconf 80' lang='lat' dir='ltr'>(Pani.</span> 
     </span>
    </p>
   </div>
   <div class='ocr_carea' id='block_1_9' title="bbox 1379 5630 2170 5801">
    <p class='ocr_par' dir='ltr' id='par_1_12' title="bbox 1379 5630 2170 5801">
     <span class='ocr_line' id='line_1_114' title="bbox 1379 5630 2170 5705; baseline 0.021 -22"><span class='ocrx_word' id='word_1_869' title='bbox 1379 5646 1478 5697; x_wconf 86' lang='lat' dir='ltr'>xcrttr,</span> <span class='ocrx_word' id='word_1_870' title='bbox 1492 5630 1569 5701; x_wconf 85' lang='grc'><strong>6-8).</strong></span> <span class='ocrx_word' id='word_1_871' title='bbox 1595 5634 1622 5687; x_wconf 92' lang='lat' dir='ltr'>lu</span> <span class='ocrx_word' id='word_1_872' title='bbox 1645 5635 1714 5688; x_wconf 82' lang='lat' dir='ltr'>ullos</span> <span class='ocrx_word' id='word_1_873' title='bbox 1737 5636 1835 5705; x_wconf 90' lang='lat' dir='ltr'>quippe</span> <span class='ocrx_word' id='word_1_874' title='bbox 1856 5639 2033 5694; x_wconf 86' lang='lat' dir='ltr'>damnationis</span> <span class='ocrx_word' id='word_1_875' title='bbox 2054 5644 2170 5702; x_wconf 79' lang='lat' dir='ltr'>vitalicat</span> 
     </span>
     <span class='ocr_line' id='line_1_115' title="bbox 1380 5719 2166 5801; baseline 0.025 -28"><span class='ocrx_word' id='word_1_876' title='bbox 1380 5719 1482 5775; x_wconf 82' lang='lat' dir='ltr'>iratus:</span> <span class='ocrx_word' id='word_1_877' title='bbox 1497 5721 1522 5774; x_wconf 85' lang='lat' dir='ltr'>itt</span> <span class='ocrx_word' id='word_1_878' title='bbox 1536 5721 1604 5776; x_wconf 83' lang='lat' dir='ltr'>salios</span> <span class='ocrx_word' id='word_1_879' title='bbox 1618 5733 1704 5777; x_wconf 87' lang='lat' dir='ltr'>autom</span> <span class='ocrx_word' id='word_1_880' title='bbox 1717 5727 1808 5794; x_wconf 82' lang='lat' dir='ltr'>gratim</span> <span class='ocrx_word' id='word_1_881' title='bbox 1821 5727 1935 5782; x_wconf 84' lang='lat' dir='ltr'>uindicat</span> <span class='ocrx_word' id='word_1_882' title='bbox 1949 5733 2090 5801; x_wconf 79' lang='lat' dir='ltr'>propitius,</span> <span class='ocrx_word' id='word_1_883' title='bbox 2103 5736 2166 5793; x_wconf 89' lang='lat' dir='ltr'>duttt</span> 
     </span>
    </p>
   </div>
   <div class='ocr_carea' id='block_1_10' title="bbox 1378 5873 2170 6227">
    <p class='ocr_par' dir='ltr' id='par_1_13' title="bbox 1378 5873 2170 6227">
     <span class='ocr_line' id='line_1_116' title="bbox 1411 5873 2170 5942; baseline 0.043 -23"><span class='ocrx_word' id='word_1_884' title='bbox 1411 5873 1419 5905; x_wconf 85' lang='lat'><strong>¹</strong></span> <span class='ocrx_word' id='word_1_885' title='bbox 1437 5873 1506 5932; x_wconf 80' lang='lat' dir='ltr'>mitt,</span> <span class='ocrx_word' id='word_1_886' title='bbox 1518 5874 1594 5936; x_wconf 77' lang='lat' dir='ltr'>{utari</span> <span class='ocrx_word' id='word_1_887' title='bbox 1604 5874 1664 5924; x_wconf 82' lang='lat' dir='ltr'>lutati</span> <span class='ocrx_word' id='word_1_888' title='bbox 1674 5875 1817 5928; x_wconf 76' lang='lat' dir='ltr'>cermmnia.</span> <span class='ocrx_word' id='word_1_889' title='bbox 1831 5880 1918 5941; x_wconf 73' lang='lat' dir='ltr'>aare,</span> <span class='ocrx_word' id='word_1_890' title='bbox 1930 5883 2025 5942; x_wconf 54' lang='lat' dir='ltr'>illius!</span> <span class='ocrx_word' id='word_1_891' title='bbox 2040 5893 2170 5940; x_wconf 59' lang='lat' dir='ltr'>minmi-</span> 
     </span>
     <span class='ocr_line' id='line_1_117' title="bbox 1379 5936 2169 6001; baseline 0.033 -25"><span class='ocrx_word' id='word_1_892' title='bbox 1379 5941 1434 5996; x_wconf 73' lang='lat' dir='ltr'>ptis.</span> <span class='ocrx_word' id='word_1_893' title='bbox 1447 5959 1478 5969; x_wconf 90' lang='lat'>—</span> <span class='ocrx_word' id='word_1_894' title='bbox 1489 5941 1513 5982; x_wconf 89' lang='lat' dir='ltr'>tu</span> <span class='ocrx_word' id='word_1_895' title='bbox 1525 5936 1569 5985; x_wconf 88' lang='lat' dir='ltr'>ltos</span> <span class='ocrx_word' id='word_1_896' title='bbox 1583 5936 1655 5985; x_wconf 84' lang='lat' dir='ltr'>libros</span> <span class='ocrx_word' id='word_1_897' title='bbox 1664 5938 1772 5987; x_wconf 79' lang='lat' dir='ltr'>elendos</span> <span class='ocrx_word' id='word_1_898' title='bbox 1784 5940 1930 5998; x_wconf 72' lang='lat' dir='ltr'>peculiarem</span> <span class='ocrx_word' id='word_1_899' title='bbox 1941 5958 2022 5994; x_wconf 87' lang='lat' dir='ltr'>curam</span> <span class='ocrx_word' id='word_1_900' title='bbox 2039 5962 2093 5997; x_wconf 87' lang='lat' dir='ltr'>cum</span> <span class='ocrx_word' id='word_1_901' title='bbox 2107 5965 2169 6001; x_wconf 90' lang='lat' dir='ltr'>non·</span> 
     </span>
     <span class='ocr_line' id='line_1_118' title="bbox 1378 5996 2169 6064; baseline 0.028 -23"><span class='ocrx_word' id='word_1_902' title='bbox 1378 5996 1436 6042; x_wconf 84' lang='lat' dir='ltr'>daun</span> <span class='ocrx_word' id='word_1_903' title='bbox 1446 5996 1621 6056; x_wconf 76' lang='lat' dir='ltr'>impendissent</span> <span class='ocrx_word' id='word_1_904' title='bbox 1629 5997 1791 6056; x_wconf 78' lang='lat' dir='ltr'>tlcaedietiui,</span> <span class='ocrx_word' id='word_1_905' title='bbox 1804 5999 1883 6049; x_wconf 90' lang='lat' dir='ltr'>lucum</span> <span class='ocrx_word' id='word_1_906' title='bbox 1902 6015 2048 6064; x_wconf 77' lang='lat' dir='ltr'>praesentem</span> <span class='ocrx_word' id='word_1_907' title='bbox 2061 6024 2169 6062; x_wconf 81' lang='lat' dir='ltr'>eorume-</span> 
     </span>
     <span class='ocr_line' id='line_1_119' title="bbox 1378 6057 2168 6132; baseline 0.03 -32"><span class='ocrx_word' id='word_1_908' title='bbox 1378 6063 1499 6104; x_wconf 84' lang='lat' dir='ltr'>rrmrautes</span> <span class='ocrx_word' id='word_1_909' title='bbox 1511 6057 1534 6102; x_wconf 91' lang='lat' dir='ltr'>iu</span> <span class='ocrx_word' id='word_1_910' title='bbox 1546 6064 1610 6106; x_wconf 90' lang='lat' dir='ltr'>tomo</span> <span class='ocrx_word' id='word_1_911' title='bbox 1620 6059 1713 6119; x_wconf 87' lang='lat' dir='ltr'>quinto,</span> <span class='ocrx_word' id='word_1_912' title='bbox 1725 6072 1800 6109; x_wconf 88' lang='lat' dir='ltr'>serm.</span> <span class='ocrx_word' id='word_1_913' title='bbox 1813 6060 1867 6119; x_wconf 73' lang='lat'>299,</span> <span class='ocrx_word' id='word_1_914' title='bbox 1881 6073 1936 6114; x_wconf 87' lang='lat' dir='ltr'>nota</span> <span class='ocrx_word' id='word_1_915' title='bbox 1946 6067 1991 6128; x_wconf 86' lang='lat' dir='ltr'>(u),</span> <span class='ocrx_word' id='word_1_916' title='bbox 2002 6071 2123 6132; x_wconf 88' lang='lat' dir='ltr'>scripsere</span> <span class='ocrx_word' id='word_1_917' title='bbox 2136 6087 2168 6123; x_wconf 83' lang='lat' dir='ltr'>ux</span> 
     </span>
     <span class='ocr_line' id='line_1_120' title="bbox 1379 6116 2167 6226; baseline 0.029 -64"><span class='ocrx_word' id='word_1_918' title='bbox 1379 6116 1459 6187; x_wconf 65' lang='lat' dir='ltr'>editis,</span> <span class='ocrx_word' id='word_1_919' title='bbox 1470 6116 1545 6166; x_wconf 79' lang='lat' dir='ltr'>lutari</span> <span class='ocrx_word' id='word_1_920' title='bbox 1556 6118 1761 6226; x_wconf 49' lang='lat' dir='ltr'>largicurtumim’s</span> <span class='ocrx_word' id='word_1_921' title='bbox 1771 6133 1781 6181; x_wconf 92' lang='lat'>,·</span> <span class='ocrx_word' id='word_1_922' title='bbox 1791 6135 1893 6185; x_wconf 87' lang='lat' dir='ltr'>quorum</span> <span class='ocrx_word' id='word_1_923' title='bbox 1902 6124 2031 6178; x_wconf 85' lang='lat' dir='ltr'>lectionem</span> <span class='ocrx_word' id='word_1_924' title='bbox 2044 6140 2069 6181; x_wconf 91' lang='lat' dir='ltr'>ct</span> <span class='ocrx_word' id='word_1_925' title='bbox 2081 6136 2167 6184; x_wconf 85' lang='lat' dir='ltr'>nasibi</span> 
     </span>
     <span class='ocr_line' id='line_1_121' title="bbox 1378 6184 1617 6227; baseline 0.025 -6"><span class='ocrx_word' id='word_1_926' title='bbox 1378 6184 1456 6227; x_wconf 82' lang='lat' dir='ltr'>seeutt</span> <span class='ocrx_word' id='word_1_927' title='bbox 1465 6189 1557 6225; x_wconf 67' lang='lat' dir='ltr'>siturus.</span> <span class='ocrx_word' id='word_1_928' title='bbox 1611 6215 1617 6227; x_wconf 88' lang='lat'><strong>.</strong></span> 
     </span>
    </p>
   </div>
   <div class='ocr_carea' id='block_1_11' title="bbox 1410 6237 2168 6311">
    <p class='ocr_par' dir='ltr' id='par_1_14' title="bbox 1410 6237 2168 6311">
     <span class='ocr_line' id='line_1_122' title="bbox 1410 6237 2168 6311; baseline 0.026 -27"><span class='ocrx_word' id='word_1_929' title='bbox 1410 6242 1420 6269; x_wconf 87' lang='lat'><strong>¹</strong></span> <span class='ocrx_word' id='word_1_930' title='bbox 1433 6238 1500 6293; x_wconf 83' lang='lat' dir='ltr'>culti,</span> <span class='ocrx_word' id='word_1_931' title='bbox 1520 6244 1544 6289; x_wconf 87' lang='lat' dir='ltr'>ut</span> <span class='ocrx_word' id='word_1_932' title='bbox 1561 6237 1734 6292; x_wconf 79' lang='lat' dir='ltr'>diatrittrrcntur</span> <span class='ocrx_word' id='word_1_933' title='bbox 1745 6243 2005 6311; x_wconf 63' lang='lat' dir='ltr'>submurmuratum,</span> <span class='ocrx_word' id='word_1_934' title='bbox 2023 6257 2048 6302; x_wconf 90' lang='grc' dir='ltr'>ιιι</span> <span class='ocrx_word' id='word_1_935' title='bbox 2066 6249 2168 6304; x_wconf 63' lang='lat' dir='ltr'>diablo</span> 
     </span>
    </p>
   </div>
   <div class='ocr_carea' id='block_1_12' title="bbox 1290 6299 1546 6349">
    <p class='ocr_par' dir='ltr' id='par_1_15' title="bbox 1290 6299 1546 6349">
     <span class='ocr_line' id='line_1_123' title="bbox 1290 6299 1546 6349; baseline 0.027 -7"><span class='ocrx_word' id='word_1_936' title='bbox 1290 6337 1293 6342; x_wconf 83' lang='lat'><em>.</em></span> <span class='ocrx_word' id='word_1_937' title='bbox 1380 6306 1446 6348; x_wconf 84' lang='lat' dir='ltr'>retur</span> <span class='ocrx_word' id='word_1_938' title='bbox 1457 6299 1546 6349; x_wconf 78' lang='lat' dir='ltr'>arabat.</span> 
     </span>
    </p>
   </div>
   <div class='ocr_carea' id='block_1_13' title="bbox 0 0 2800 7350">
    <p class='ocr_par' dir='ltr' id='par_1_16' title="bbox 0 0 2800 7350">
     <span class='ocr_line' id='line_1_124' title="bbox 0 0 2800 7350; baseline 0 6"><span class='ocrx_word' id='word_1_939' title='bbox 0 0 2800 7350; x_wconf 95' lang='lat' dir='ltr'> </span> 
     </span>
    </p>
   </div>
  </div>
 </body>
</html>
