5592 7350
654 930 706 990 stt

654 1046 706 1101 suh
720 1041 842 1114 ambigua
865 1038 1040 1112 generalitate
1053 1034 1116 1108 quid
1135 1032 1247 1089 sentiret
1258 1030 1443 1096 abscondens,

654 1136 746 1205 gratiae
760 1143 847 1189 tamen
865 1130 994 1187 rocabulo
1017 1129 1142 1197 frangens
1162 1124 1307 1189 inridiam,
1322 1121 1450 1177 olleusio·

656 1241 769 1298 uerrrqae
782 1225 929 1281 declinans.
951 1222 1018 1276 Nam
1039 1221 1065 1274 ιιι
1081 1219 1164 1289 ipsius
1178 1213 1321 1286 principio,
1335 1214 1380 1268 ubi
1401 1213 1448 1279 ait,

657 1340 667 1371 ι
685 1318 825 1388 Proposito
839 1315 993 1372 insudemus
1003 1312 1089 1383 operi,
1108 1326 1157 1365 aec
1172 1306 1348 1363 mediocritati
1358 1306 1366 1337 ¹
1376 1302 1448 1360 dith-

655 1410 749 1465 damus
763 1408 878 1478 ingenii,
893 1405 964 1477 quod
981 1402 1114 1459 credimus
1126 1400 1178 1456 lide
1198 1398 1291 1453 aratris
1305 1405 1333 1452 ct
1352 1396 1449 1450 merito

655 1500 765 1571 rirgiais
783 1499 945 1571 adjura-tp
970 1494 1081 1567 gratiam
1102 1507 1153 1564 qua
1175 1490 1331 1561 adjuvamur
1350 1486 1384 1543 ad
1398 1487 1449 1541 ali·

655 1590 718 1662 quid
733 1590 874 1661 agendum,
890 1588 954 1643 mihi
967 1588 1039 1640 risus
1054 1584 1138 1638 luerat
1152 1580 1284 1645 confiteri,
1297 1593 1348 1634 uec
1362 1586 1449 1633 :atten-

655 1681 747 1737 deram
761 1681 830 1736 hanc
843 1694 904 1737 eum
917 1691 1017 1749 ponere
1027 1674 1145 1746 potuisse
1164 1673 1191 1727 ia
1211 1671 1266 1727 sola
1281 1668 1448 1725 revelatione

655 1771 793 1827 doctrinae.

691 1862 735 1917 dl.
750 1860 814 1915 ltcm
842 1859 867 1911 ia
887 1857 981 1914 eodem
1004 1870 1085 1927 opere
1108 1854 1162 1909 alio
1188 1853 1273 1906 laco:
1300 1848 1400 1919 «Quod
1425 1848 1450 1903 si

656 1953 736 2009 etiam
750 1952 808 2007 sine
823 1951 888 2014 Deo,
903 1967 912 2000 r
930 1948 1034 2018 inquit,
1052 1965 1061 1998 r
1078 1944 1200 1999 homiues
1214 1941 1366 2004 ostendum,
1381 1955 1450 2009 qua·

657 2043 696 2097 les
709 2057 724 2095 a
737 2042 792 2096 llco
806 2040 865 2094 laeti
879 2047 939 2093 sunt
951 2054 958 2103 ;
972 2037 1032 2091 ride
1046 2035 1108 2106 quid
1120 2032 1262 2089 Christiani
1283 2031 1370 2086 lacere
1385 2044 1450 2100 pos·

655 2132 725 2197 sint,
755 2145 867 2201 quorum
891 2129 917 2183 in
944 2127 1040 2183 melius
1065 2140 1113 2196 per
1140 2124 1277 2178 Christum
1305 2122 1450 2175 instaurata

658 2231 751 2277 natura
775 2230 836 2286 est,
852 2217 936 2290 etqui
957 2218 1055 2273 dirime
1078 2231 1184 2288 quoque
1210 2216 1302 2284 gratiae
1324 2213 1451 2282 jurantur

656 2314 780 2368 auxilior
792 2312 917 2367 Naturam
932 2310 957 2365 ιιι
967 2310 1061 2366 melius
1070 2309 1252 2370 instauratam,
1265 2304 1451 2360 remissionem

656 2405 713 2460 rult
725 2403 836 2473 intelligi
851 2411 1020 2473 peecatorum
1035 2417 1042 2453 :
1062 2398 1133 2470 quod
1145 2399 1198 2453 alio
1212 2397 1272 2452 loco
1286 2398 1311 2450 iu
1328 2396 1378 2450 hoc
1392 2396 1451 2463 ipso

656 2495 725 2550 libro
738 2494 802 2549 satis
815 2492 1019 2557 demonstrarit,
1032 2491 1077 2546 ubi
1088 2490 1135 2556 ait,
1153 2507 1163 2541 ι
1182 2487 1267 2544 Etiam
1283 2486 1321 2541 illi
1337 2485 1381 2556 qui
1393 2486 1452 2540 lon·

658 2602 692 2659 go
707 2586 833 2658 peccandi
845 2601 895 2642 usu
909 2583 1024 2655 quodam
1039 2581 1120 2637 niodo
1132 2579 1292 2645 obduruere,
1308 2578 1450 2633 instaurari

656 2694 704 2749 per
725 2677 908 2749 poeuitentiam
928 2683 1050 2746 possunt.
1076 2692 1086 2725 r
1106 2672 1240 2727 huxiliam
1267 2684 1332 2725 rero
1354 2670 1452 2724 dirinac

655 2770 749 2838 gratiae
774 2775 863 2839 potest
892 2774 920 2822 et
950 2764 993 2820 hie
1024 2778 1124 2835 ponere
1154 2762 1180 2817 iu
1213 2760 1375 2817 rerelationc
1400 2758 1452 2814 do-

655 2861 760 2917 chime.

691 2952 802 3009 carot
821 2950 964 3007 xxxtht.
976 2980 1014 2992 -
1025 2950 1069 3004 la.
1083 2947 1148 3004 ltem
1161 2947 1223 3003 alibi
1236 2948 1261 3003 in
1277 2946 1370 3003 eadem
1394 2945 1452 3017 epi·

656 3043 746 3098 stola:
765 3059 775 3093 ι
795 3041 861 3096 Nam
886 3042 908 3095 si
930 3042 1009 3095 etiam
1032 3048 1094 3093 ante
1116 3037 1217 3109 legem,
1241 3036 1371 3105 rinquit,
1399 3041 1454 3090 rut

656 3132 788 3199 diximus,
800 3147 832 3207 ac.
845 3131 928 3187 multo
949 3139 1011 3184 aute
1029 3128 1131 3183 Domini
1157 3127 1241 3182 nostri
1257 3136 1284 3182 et
1306 3126 1453 3183 Salratoris

656 3224 810 3289 adrentum,
819 3223 891 3292 jaste
904 3219 1011 3291 quidrnr
1026 3229 1053 3275 ct
1062 3229 1154 3275 sarrcte
1165 3220 1264 3275 ririsse
1279 3218 1451 3285 referentum

655 3324 755 3383 quanto
775 3312 859 3383 magis
879 3320 939 3382 post
953 3310 1157 3365 illustrationem
1179 3310 1309 3364 adrentus
1332 3308 1390 3379 ejus
1404 3323 1454 3365 nos

657 3403 685 3457 id
706 3416 785 3473 posse
807 3400 969 3457 eredendum
993 3408 1044 3465 est,
1060 3400 1107 3469 qui
1125 3399 1263 3454 iasuarari
1288 3414 1336 3469 pcr
1354 3397 1454 3454 Christi

656 3493 767 3564 gratiam
781 3501 808 3548 ct
828 3493 853 3546 ia
876 3491 1014 3548 meliorem
1029 3491 1163 3545 homiaem
1179 3491 1265 3545 renati
1280 3505 1389 3557 sumus,
1405 3490 1451 3560 qui

656 3584 785 3653 sanguiue
798 3582 855 3651 ejus
867 3582 968 3651 expiati
982 3589 1061 3650 atque
1070 3580 1197 3640 inundati,
1210 3580 1345 3651 ipsiusque
1357 3594 1449 3635 exem·

657 3677 702 3747 plo
722 3675 755 3730 ad
777 3674 967 3745 perlectionem
988 3673 1088 3728 incitati
1102 3671 1231 3742 iustitiae,
1251 3673 1376 3727 meliores
1400 3669 1453 3727 illia

658 3783 719 3823 csse
731 3767 869 3831 deberous,
883 3767 929 3837 qui
943 3773 1005 3821 ante
1018 3765 1103 3836 legem
1118 3764 1212 3820 luere?
1229 3783 1239 3818 r
1254 3763 1350 3820 Videte
1361 3780 1454 3836 quem·

659 3860 802 3918 admodum
814 3871 840 3916 et
855 3859 898 3914 hie
907 3859 966 3914 aliis
980 3858 1087 3929 quidem
1098 3857 1195 3922 uerbis,
1207 3861 1255 3913 scd
1266 3866 1354 3912 tamen
1366 3859 1391 3911 in
1406 3873 1452 3914 re·

662 3953 790 4008 missione
813 3958 981 4022 peccatorum
999 3958 1026 4004 et
1043 3948 1202 4017 inexemplo
1223 3947 1324 4003 Christi
1350 3947 1454 4017 adjuto·

659 4046 728 4100 rium
742 4041 834 4114 gratiae
855 4039 1035 4097 constituerit.
1055 4037 1156 4094 Deinde
1168 4037 1304 4108 sulq'ungit
1324 4045 1352 4092 et
1365 4036 1430 4091 dicit
1444 4054 1452 4091 a

663 4156 673 4190 ι
686 4136 807 4191 hlcliores
817 4135 897 4189 etiam
911 4149 990 4204 quam
1004 4131 1110 4188 lucrum
1125 4129 1176 4186 sub
1186 4132 1254 4201 lege,
1266 4130 1371 4185 dicente
1383 4131 1455 4199 hpo-

660 4227 739 4288 stolo,
754 4224 889 4279 Peccatum
901 4224 969 4279 uobis
988 4240 1039 4278 nou
1060 4221 1309 4286 dantiaahitarmou
1328 4220 1393 4275 eninr
1407 4219 1454 4275 ιιιιι

660 4319 714 4386 lupe
728 4316 787 4372 ertir
798 4356 805 4380 ,
817 4314 861 4369 red
880 4313 925 4369 rub
938 4314 1020 4384 gratia
1035 4312 1123 4385 (liora.
1142 4328 1179 4374 rr,
1198 4312 1252 4383 tt).
1272 4311 1305 4366 m
1326 4311 1453 4382 quoniam

661 4413 735 4478 hinc,
751 4430 761 4465 r
777 4410 873 4480 inquit,
891 4428 900 4462 ι
916 4408 1089 4470 sulhcieutcr,
1105 4414 1135 4460 ut
1150 4415 1223 4474 puto,
1238 4404 1353 4459 elisimus
1363 4444 1371 4470 ,
1383 4418 1455 4458 nunc

661 4501 804 4570 perlectam
819 4500 987 4554 instituamus
1000 4497 1140 4565 rirgincm,
1152 4510 1211 4564 qam
1221 4510 1254 4550 cr
1266 4504 1457 4562 atroqacscm·

660 4606 709 4662 per
720 4605 843 4656 aceensa,
853 4597 880 4645 et
892 4598 992 4642 tratura
1006 4587 1084 4642 simul
1099 4594 1125 4640 et
1137 4585 1230 4654 gratiae
1241 4585 1338 4639 bonum
1350 4597 1453 4638 ntorum

660 4681 799 4737 sanctitate
817 4688 936 4735 testetur.
953 4697 963 4732 r
979 4677 1012 4732 lit
1031 4676 1058 4731 in
1081 4677 1122 4730 his
1136 4674 1225 4730 verbis
1238 4674 1341 4729 debetis
1357 4673 1455 4729 adrer-

662 4783 728 4835 tcrc,
740 4769 800 4826 ideo
813 4770 885 4825 illum
897 4768 967 4840 qnod
977 4767 1093 4831 dicebat,
1107 4767 1147 4821 sie
1160 4765 1275 4821 relatisse
1282 4763 1454 4830 concludere,

662 4874 689 4917 ιιι
701 4872 802 4918 naturae
814 4862 913 4918 bonum
929 4860 1122 4930 intelligamus,
1135 4855 1206 4927 quod
1220 4871 1280 4911 eum
1298 4869 1456 4911 crearemur

661 4953 830 5022 accepimus;
854 4952 948 5022 gratae
973 4958 1079 5013 alitem,
1101 4964 1160 5003 curn
1178 4947 1277 5002 Christi
1298 4946 1454 5002 intuemur¹

663 5043 814 5111 exemplum
828 5057 836 5096 a
851 5051 976 5111 tanquam
1001 5038 1061 5094 ideo
1083 5048 1220 5106 peccatum
1245 5051 1298 5091 non
1324 5034 1456 5091 indultum

663 5131 745 5187 ιιιιιιι
757 5131 796 5187 eis
810 5130 854 5201 qui
875 5128 995 5198 sublege
1016 5126 1123 5182 luerunt
1139 5126 1181 5183 rel
1193 5134 1273 5193 sunt,
1287 5125 1348 5195 quia
1363 5140 1456 5181 caem-

664 5226 737 5294 phrm
752 5220 851 5278 Christi
864 5221 920 5276 sire
935 5234 988 5275 non
1002 5217 1162 5281 hahuerunt,
1177 5217 1233 5272 sire
1247 5232 1299 5271 rroa
1314 5217 1436 5272 creduut.

633 5360 635 5364 .
698 5313 812 5370 CAPUT
830 5311 953 5369 xxm.
982 5311 1077 5365 -ιῖι,
1105 5308 1160 5363 lloc
1180 5318 1268 5363 autem
1286 5310 1456 5378 istumsapess

664 5423 709 5470 re,
725 5416 752 5461 ct
764 5405 816 5460 alia
830 5405 889 5474 ejus
910 5401 990 5457 rerba
1012 5399 1173 5465 ostctrdunt,
1189 5415 1243 5453 ιιοιι
1265 5398 1291 5453 iu
1307 5401 1357 5454 hoc
1370 5399 1455 5463 libro,

664 5497 711 5555 sed
727 5496 754 5550 iu
768 5495 846 5550 tertio
855 5509 903 5564 pro
916 5492 1012 5547 Libero
1027 5489 1153 5555 Arbitrio,
1166 5489 1209 5543 ubi
1222 5487 1256 5543 ad
1271 5503 1331 5544 eum
1345 5489 1457 5559 loquens

664 5599 757 5645 contra
775 5601 855 5658 quem
883 5584 1015 5654 disputat,
1034 5581 1157 5651 quoniam
1177 5580 1220 5635 ille
1237 5589 1360 5649 posuerat
1377 5580 1457 5635 rerba

665 5677 784 5748 hprrstoli
799 5675 922 5741 dicentis,
936 5671 997 5728 Nou
1011 5671 1078 5743 qaod
1091 5671 1147 5724 uolo
1159 5685 1208 5741 apo
1218 5685 1227 5735 ,·
1237 5676 1275 5734 et,
1291 5667 1369 5723 Video
1379 5670 1458 5724 aliam

665 5774 745 5843 legem
758 5772 784 5824 ia
802 5767 920 5822 atemhria
935 5766 996 5820 meir
1010 5772 1191 5835 renuntiantem
1207 5762 1258 5830 legi
1273 5761 1364 5816 mealia
1377 5777 1455 5827 areoe,

665 5870 693 5916 et
704 5870 800 5917 caetera
811 5875 871 5930 quae
884 5859 921 5914 ibi
932 5857 1072 5919 dicautur:
1088 5854 1138 5911 iste
1151 5851 1299 5924 respondit.
1313 5860 1391 5923 atque
1401 5852 1456 5906 ait:

670 5954 753 6010 illoc
769 5953 840 6008 enim
861 5951 932 6022 quod
946 5960 974 6007 ιιι
995 5951 1028 6033 de
1051 5947 1179 6019 hptrstolo
1200 5946 1346 6017 intelligere
1365 5944 1456 6014 cupis,

667 6061 760 6103 armaes
772 6042 946 6101 ecelesiastici
966 6042 1015 6098 riri
1036 6043 1062 6097 in
1077 6039 1221 6112 peccatoris
1235 6047 1262 6094 et
1276 6037 1325 6093 sub
1340 6037 1397 6107 lege
1412 6036 1458 6090 ad-

701 6223 775 6268 1ιιιιι.
794 6225 820 6271 ιι
836 6225 905 6280 llas..
926 6218 1098 6273 medina-ture.
1119 6221 1142 6264 ta
1161 6215 1262 6287 epistola
1282 6211 1311 6263 ad
1327 6213 1460 6264 neareuta·

670 6281 739 6347 dem,
758 6284 864 6346 append.
884 6288 940 6330 mm.
960 6281 990 6339 2,
1007 6280 1036 6332 de
1056 6279 1228 6331 auam-:auae

670 6340 679 6361 ”
700 6354 782 6411 ¹tara..
792 6342 924 6416 irrueretur.
938 6349 985 6399 ιῐι..

1284 919 1314 976 S.
1334 917 1519 975 hUCUSffll
1540 920 1689 978 rurscam

2246 922 2300 979 380

1506 1030 1558 1087 huc
1575 1034 1652 1102 positi
1667 1042 1791 1089 asserunt
1809 1049 1871 1089 cum
1886 1035 1986 1091 dixisse
2004 1050 2134 1106 persona,
2148 1035 2195 1105 qui
2216 1035 2299 1094 nimia

1500 1124 1625 1180 ritiorum
1638 1124 1832 1182 consuetudine
1846 1125 1918 1181 relat
1929 1126 2042 1196 quadam
2055 1135 2191 1182 teneretur
2201 1142 2300 1184 neccs-

1501 1214 1578 1269 sitatc
1592 1215 1717 1284 peccaudi
1728 1255 1736 1281 ,
1749 1224 1776 1271 ct
1788 1215 1909 1286 quamuis
1922 1216 2022 1272 botrum
2039 1228 2179 1288 appeteret
2197 1218 2296 1273 rolan-

1502 1315 1571 1372 tate,
1586 1320 1636 1361 usu
1647 1314 1735 1363 tamen
1750 1308 1958 1378 precipitaretur
1972 1310 1997 1364 ιιι
2012 1310 2122 1365 malum.
2137 1311 2166 1366 hr
2182 1327 2298 1382 persona

1501 1406 1601 1465 autem,
1616 1418 1626 1451 r
1643 1399 1738 1470 inquit,
1755 1418 1765 1452 r
1780 1399 1897 1455 bouriuis
1911 1403 2008 1469 unius,
2023 1402 2147 1475 designat
2166 1404 2296 1476 pupulum

1500 1489 1551 1544 sub
1565 1500 1655 1545 retere
1668 1490 1755 1546 adhuc
1769 1491 1828 1561 lege
1841 1504 2011 1563 peccantem;
2025 1509 2104 1563 quem
2117 1494 2152 1550 ab
2165 1494 2217 1550 hoc
2230 1512 2297 1552 eou-

1500 1579 1649 1634 suetudinis
1667 1585 1738 1636 malo
1756 1581 1820 1636 dicit
1836 1582 2002 1638 liberandum
2015 1600 2075 1641 esse
2089 1600 2138 1655 per
2150 1585 2295 1656 Christum,

1500 1671 1546 1741 qai
1567 1672 1739 1728 credentibus
1761 1673 1813 1729 sibi
1837 1675 1925 1745 primo
1945 1676 2034 1730 omnia
2058 1692 2107 1747 per
2134 1678 2295 1747 baptismum

1502 1771 1609 1831 peccata
1624 1763 1749 1831 dimittit,
1763 1764 1859 1821 deinde
1874 1766 2020 1822 imitatione
2033 1768 2073 1823 sui
2092 1768 2126 1822 ad
2152 1768 2297 1840 perlectam

1500 1854 1592 1908 incitat
1606 1856 1785 1922 sanctitatem,
1801 1866 1828 1911 ct
1841 1858 1964 1913 citiorum
1979 1859 2202 1916 consuetudinem
2216 1861 2298 1915 riatu-

1501 1952 1557 1999 tum
1576 1946 1657 2001 ιιιιιιι
1676 1948 1836 2017 eucarpio·
1862 1949 1929 2004 Eece
1951 1950 2086 2019 quomodo
2110 1953 2168 2005 rult
2189 1951 2296 2021 intelligi

1501 2037 1619 2106 adjuvari
1641 2052 1688 2093 eos
1711 2039 1755 2107 qui
1777 2039 1826 2094 sub
1850 2039 1907 2109 lege
1931 2051 2050 2111 peccam,
2069 2051 2098 2096 ut
2120 2057 2168 2111 per
2187 2043 2296 2112 garriam

1500 2128 1745 2200 Clrristijustitlcati
1758 2130 1915 2194 liberemur,
1930 2141 2053 2201 tanquam
2067 2133 2106 2186 eis
2118 2148 2173 2187 uon
2185 2133 2296 2187 sulliciat

1501 2221 1557 2276 sola
1578 2221 1630 2287 lcr,
1652 2231 1761 2292 propter
1783 2222 1892 2277 nimiam
1914 2224 2041 2293 peccandi
2065 2226 2295 2294 consuetudinem,

1501 2309 1552 2365 nisi
1565 2309 1662 2366 Christi
1675 2311 1795 2379 accedat,
1809 2329 1861 2368 anu
1878 2314 2015 2383 inspiratio
2029 2314 2167 2371 charitatis
2179 2332 2226 2386 prr
2235 2317 2296 2387 Spi-

1503 2404 1581 2458 ritum
1595 2413 1734 2472 sanctum,
1750 2405 1796 2460 sed
1817 2406 1973 2461 intuendum
1987 2418 2015 2463 et
2028 2408 2185 2463 imitandum
2205 2412 2233 2464 iu
2247 2409 2295 2464 do-

1502 2496 1586 2549 ctriua
1607 2496 1759 2566 evangeliea
1779 2496 1884 2552 uirtutis
1902 2499 1961 2567 ejas
1978 2501 2142 2570 exemplum.
2169 2501 2205 2556 Et
2225 2510 2295 2557 certe

1502 2586 1617 2640 maxima
1641 2584 1685 2641 hic
1702 2594 1761 2643 erat
1782 2603 1862 2643 causa
1884 2587 2073 2660 exprimendi,
2097 2605 2176 2661 qnam
2198 2592 2297 2648 diceret

1502 2677 1624 2745 gratiam,
1639 2677 1682 2732 ubi
1697 2679 1784 2734 locum
1798 2680 1884 2748 ipsum
1897 2680 1931 2734 de
1944 2694 1996 2750 quo
2009 2681 2164 2751 respondet,
2176 2682 2216 2736 sic
2230 2697 2293 2737 con-

1502 2767 1581 2821 clusit
1594 2768 1754 2837 hpostolus,
1770 2778 1800 2824 ut
1813 2769 1914 2825 diceret
1930 2788 1936 2822 ι
1958 2768 2054 2841 Infelix
2066 2787 2113 2841 epo
2137 2772 2223 2839 homo,
2242 2772 2296 2845 quia

1503 2874 1543 2912 otc
1555 2858 1668 2913 liberabit
1688 2860 1720 2913 de
1737 2877 1843 2931 corpore
1856 2862 1942 2917 arortia
1957 2862 2054 2933 liujus?
2074 2862 2164 2918 Gratia
2184 2863 2234 2917 Dei
2255 2881 2297 2934 per

1503 2947 1592 3003 decant
1605 2949 1732 3004 Chrirhmr
1747 2950 1884 3006 Dourinuut
1899 2964 2012 3007 rroatrttar
2024 2953 2110 3025 (hom.
2128 2969 2173 3016 ru,
2189 2955 2233 3018 ta,
2247 2953 2297 3009 25·

1503 3038 1559 3109 ιδ).
1576 3040 1650 3095 llauc
1670 3041 1719 3096 istc
1733 3056 1793 3098 cum
1816 3044 1979 3108 constituat,
1995 3057 2047 3098 non
2069 3044 2095 3097 in
2117 3044 2222 3099 rirmtis
2241 3044 2298 3113 ejus

1505 3130 1613 3194 auxilio,
1630 3130 1677 3186 sed
1692 3132 1847 3187 imitationis
1861 3132 1993 3203 exeruplo,
2010 3133 2072 3204 quid
2086 3133 2243 3203 ampliusde
2253 3135 2298 3188 illa

1506 3234 1614 3290 sperare
1628 3220 1767 3291 debemus,
1782 3223 1940 3293 ubicumque
1953 3224 2045 3294 gratiae
2057 3239 2156 3278 nornen
2176 3225 2226 3280 sub
2242 3239 2299 3279 arrr·

1505 3310 1581 3381 bigua
1596 3313 1768 3380 generalitate
1780 3313 1988 3368 coumremorati

1540 3399 1653 3457 CAPUT
1668 3401 1725 3457 XL.
1739 3432 1776 3443 —
1789 3404 1833 3459 tt.
1849 3403 1914 3459 ltom
1931 3404 1958 3459 in
1972 3404 2067 3459 eodem
2089 3404 2157 3460 libro
2172 3405 2205 3459 ad
2218 3406 2298 3477 rirgi·

1505 3507 1567 3547 nem
1580 3506 1683 3547 sacram
1696 3534 1703 3559 ,
1720 3493 1790 3548 unde
1799 3493 1855 3561 jam
1867 3495 1948 3550 etiam
1963 3510 2042 3564 supra
2055 3494 2240 3564 disseruimus,
2255 3498 2301 3554 ubi

1504 3582 1542 3635 ait
1554 3599 1560 3633 ε
1575 3582 1692 3637 «Subdiu
1702 3583 1785 3637 simus
1795 3585 1860 3650 hen,
1872 3584 1982 3655 ejusque
1991 3584 2114 3641 iaciendo
2124 3587 2302 3658 voluntatem,

1504 3670 1620 3726 diriaam
1634 3687 1783 3728 mereamur
1795 3676 1917 3744 gratiam,
1932 3685 1959 3730 ct
1975 3676 2079 3733 lucilius
2092 3693 2205 3748 nequam
2219 3680 2303 3750 spiri·

1505 3764 1554 3827 tui,
1571 3763 1655 3818 saneti
1671 3764 1787 3834 Spiritus
1807 3767 1916 3832 auxilio,
1940 3769 2105 3824 resistamus.
2122 3788 2132 3823 r
2154 3769 2184 3824 lu
2206 3772 2304 3840 quibua

1505 3854 1563 3924 ejus
1575 3854 1664 3909 uerbis
1678 3863 1750 3911 certe
1764 3855 1933 3913 maallestunr
1947 3866 1998 3923 est,
2021 3859 2057 3914 ita
2076 3874 2137 3915 eum
2161 3861 2229 3917 relle
2251 3876 2303 3919 noa

1505 3945 1624 4016 arlJurari
1645 3949 1728 4018 gratia
1753 3947 1869 4018 Spiritus
1893 3952 2064 4015 sanctiora
2089 3952 2152 4022 quia
2174 3953 2233 4010 siae
2256 3954 2304 4011 illo

1506 4037 1585 4091 ctiam
1597 4051 1645 4106 per
1658 4038 1742 4093 solam
1758 4046 1859 4094 naturae
1875 4041 2077 4110 possibilitatem
2091 4057 2144 4098 noa
2160 4059 2303 4113 possum

1507 4130 1634 4185 resistere
1648 4130 1772 4185 terrtatori
1783 4171 1791 4194 ,
1804 4131 1852 4186 scd
1867 4139 1896 4186 ut
1918 4132 2020 4189 lacibus
2034 4134 2201 4190 resistarmrs.
2223 4134 2302 4204 Quod

1507 4231 1594 4275 tamen
1608 4219 1800 4290 qualecumque
1811 4230 1838 4277 et
1847 4224 2116 4294 quantulumcumque
2127 4225 2299 4295 adjutorium,

1506 4327 1568 4365 cam
1580 4311 1709 4367 credibile
1723 4322 1764 4368 est
1778 4314 1804 4367 iu
1819 4313 1869 4368 hoc
1884 4317 2058 4382 constituere,
2072 4317 2144 4385 quod
2159 4317 2239 4373 nobis
2253 4317 2302 4374 ad·

1506 4402 1578 4457 ditur
1590 4403 1700 4458 seientia
1716 4403 1851 4461 revelante
1864 4403 1964 4475 Spiritu
1985 4422 2031 4476 per
2044 4408 2206 4470 doctrinam,
2220 4424 2301 4479 qaam

1506 4494 1548 4548 rel
1563 4509 1616 4549 non
1630 4510 1782 4566 possumus,
1796 4497 1839 4551 rel
1853 4497 1960 4552 diflicile
1971 4497 2068 4554 babere
2090 4514 2232 4568 possumus
2247 4514 2296 4569 per

1508 4591 1642 4643 naturam.
1659 4584 1710 4639 lsta
1732 4593 1794 4640 surrt
1813 4602 1873 4654 quae
1894 4586 1922 4642 ia
1941 4588 2026 4651 libro,
2049 4603 2129 4659 quem
2149 4590 2256 4660 scripsit
2268 4590 2301 4646 ad

1507 4676 1636 4745 uirginem
1658 4673 1767 4743 Christi,
1791 4677 1929 4735 aduertere
1952 4681 2035 4749 potui,
2058 4682 2101 4738 ubi
2116 4682 2222 4739 ridetur
2239 4699 2300 4754 gra·

1509 4765 1573 4821 tiam
1585 4766 1707 4823 eoussteri
1721 4784 1728 4821 ι
1742 4783 1802 4842 qum
1815 4768 1934 4839 prolecto
1947 4772 2034 4842 qualia
2048 4772 2119 4839 sint,
2135 4774 2226 4845 utique
2239 4790 2301 4831 eer-

1508 4856 1581 4911 nitis.

1543 4947 1655 5005 CAPUT
1665 4949 1827 5007 XLh-dh.
1842 4951 1980 5023 thegani,
1996 4972 2006 5007 r
2024 4954 2122 5024 iuquit,
2138 4973 2148 5009 ι
2162 4957 2243 5012 etiam
2261 4975 2302 5013 re·

1508 5052 1572 5095 ceus
1584 5054 1674 5095 meum
1686 5040 1859 5111 opusculum,
1881 5042 1952 5112 quod
1965 5057 2014 5113 pro
2032 5042 2130 5102 Libero
2151 5061 2238 5116 mrpm
2250 5047 2303 5102 dr·

1508 5129 1587 5186 bitrio
1608 5130 1689 5187 edere
1709 5131 1839 5200 compulsi
1861 5146 1971 5200 sumus;
2005 5143 2032 5190 et
2052 5147 2197 5204 agnoscent
2224 5130 2322 5208 quami

1509 5222 1597 5291 inique
1618 5235 1666 5276 uos
1684 5222 1826 5292 negatione
1839 5223 1931 5293 gratia
1945 5222 2075 5279 inlamare
2088 5225 2245 5295 gestierint,
2259 5229 2304 5298 qui

1510 5330 1557 5384 per
1569 5322 1651 5369 totum
1671 5329 1741 5384 pene
1756 5314 1838 5383 ipsius
1859 5322 1959 5370 textum
1974 5317 2063 5385 operis
2085 5315 2203 5386 perlecto
2219 5327 2306 5390 ¹atque

1510 5404 1613 5474 integre
1626 5411 1653 5457 ct
1666 5403 1778 5459 liberum
1793 5403 1932 5459 arbitrium
1944 5406 2103 5463 comitemur
2115 5416 2143 5462 ιι
2152 5409 2275 5477 gratiam.
2292 5428 2304 5463 ι

1510 5495 1631 5562 Quatuor
1644 5502 1706 5549 sunt
1717 5494 1778 5549 libri
1790 5496 1878 5566 operis
1891 5494 1980 5566 hujus,
1994 5506 2021 5553 et
2031 5497 2080 5554 hos
2090 5498 2153 5568 legi,
2168 5509 2240 5556 etex
2255 5501 2309 5557 illia

1510 5588 1611 5657 sumpsi
1626 5602 1685 5658 qua
1700 5587 1836 5641 tractanda
1850 5596 1878 5642 et
1890 5588 2055 5644 discutienda
2075 5593 2221 5660 proposui,
2237 5601 2265 5647 et
2279 5599 2311 5653 ul

1510 5677 1583 5747 potui
1600 5676 1768 5746 pertractari,
1782 5684 1924 5748 antequam
1938 5678 1971 5733 ad
1984 5680 2043 5748 ejas
2057 5678 2106 5734 has
2120 5680 2235 5749 litteras,
2248 5698 2310 5752 quau

1511 5767 1623 5822 Romam
1648 5768 1737 5823 missac
1759 5778 1838 5836 sunt,
1863 5771 2023 5826 reaircmus.
2044 5771 2097 5827 Sed
2119 5773 2144 5826 iu
2168 5775 2209 5829 his
2227 5773 2311 5831 ctiam

1511 5870 1625 5932 quartuor
1636 5862 1711 5918 libris
1732 5877 1906 5934 quacumque
1927 5878 1976 5934 pro
1987 5865 2072 5935 gratia
2086 5864 2193 5921 ridetur
2205 5867 2311 5933 duero,

1512 5970 1562 6025 qun
1574 5954 1698 6025 juramur
1717 5963 1746 6010 ut
1764 5956 1928 6012 declinemus
1943 5971 1958 6010 a
1973 5956 2043 6011 malo
2059 5956 2213 6028 bonumque
2226 5956 2311 6015 iacia-

1513 6060 1582 6113 mus,
1596 6049 1631 6101 ita
1643 6045 1716 6110 dicit,
1733 6055 1761 6101 ut
1773 6047 1847 6102 nullo
1859 6047 1939 6102 modo
1952 6062 1966 6100 a
1981 6047 2121 6102 verborum
2134 6047 2314 6120 ambiguitate

1513 6135 1641 6205 discedat,
1655 6154 1732 6208 qaam
1749 6139 1884 6209 discipulis
1899 6140 1938 6195 sie
1952 6140 2035 6210 possit
2048 6154 2193 6211 exponere,
2208 6148 2239 6197 ut
2251 6139 2314 6198 aul·

1514 6231 1569 6286 lum
1582 6231 1707 6286 auxilium
1720 6235 1811 6303 gratie
1825 6233 1944 6302 credant,
1961 6250 2012 6305 qua
2028 6244 2130 6290 naturae
2145 6232 2312 6306 possibilitas

1515 6324 1662 6394 arljurctur,
1682 6324 1733 6379 nisi
1758 6326 1783 6381 ia
1806 6325 1863 6398 lege
1878 6337 1957 6396 atque
1974 6327 2094 6383 doctriua
2112 6327 2216 6381 :itaut
2238 6325 2312 6396 ipsas
