5592 7350
504 851 564 912 583

861 810 889 910 S:
909 851 1090 909 thehsttut
1111 852 1258 909 tlt‘lscttlu
1280 851 1378 908 hthua
1400 852 1444 908 DE
1464 846 1619 909 cucullo
1636 853 1819 912 batumum.

2112 862 2164 919 386

502 964 680 1037 mbabdem
691 966 810 1037 quidem,
826 966 873 1021 scd
887 981 939 1019 uon
954 967 1080 1020 tuiturtius
1093 980 1236 1020 excussum
1250 982 1256 1018 ε
1269 975 1314 1020 arn
1367 967 1400 1021 do
1413 976 1503 1021 truttam
1516 960 1564 1036 pla·
1578 970 1637 1034 iroe,
1659 971 1723 1024 sicut
1736 980 1759 1025 et
1773 973 1855 1025 coateri
1875 970 1984 1043 (Epdea.
1999 988 2034 1039 tt,
2049 972 2088 1047 3).
2105 973 2162 1046 ipsa

506 1064 584 1115 uta
598 1058 623 1113 si
640 1057 685 1114 iile
703 1058 744 1125 rie
765 1068 872 1113 sanctus
894 1067 972 1127 alque
994 1056 1102 1112 humilis
1117 1057 1272 1112 Zaclrariam
1288 1066 1314 1112 et
1366 1067 1406 1113 est
1421 1058 1491 1113 cuim
1505 1073 1554 1127 per
1566 1070 1703 1128 peccatum
1717 1061 1794 1131 primi
1809 1061 1934 1129 bominis,
1948 1063 2019 1133 qnod
2034 1079 2067 1119 ca
2078 1064 2163 1123 libero

509 1147 649 1208 flisabetlr
665 1165 778 1205 summae
792 1160 870 1220 atque
885 1148 1040 1204 omnimodo
1055 1148 1178 1219 perieeee
1191 1150 1312 1220 justitiae,
1366 1149 1423 1219 ejus
1436 1150 1508 1204 teuit
1520 1148 1639 1214 arbitrio,
1654 1152 1745 1207 vitiata
1756 1161 1782 1207 et
1792 1150 1915 1207 damnata
1927 1162 2037 1219 uatnra;
2052 1156 2095 1210 eui
2105 1158 2161 1210 sola

508 1240 554 1296 eni
566 1238 635 1295 nibil
649 1239 710 1295 addi
722 1240 777 1310 iam
791 1248 898 1310 posset,
915 1238 996 1293 luisse
1008 1239 1178 1305 existimauit,
1194 1238 1333 1309 prolecto·
1365 1259 1413 1314 per
1423 1244 1594 1300 llediatorem
1606 1245 1652 1299 liei
1665 1253 1692 1301 et
1703 1244 1838 1299 horniaum
1850 1256 1876 1302 et
1886 1248 2096 1316 omnipotentem
2108 1264 2163 1305 me-

496 1331 676 1386 'scatcntiam
692 1345 768 1384 suam
783 1328 909 1384 nriuutius
924 1327 1083 1384 excutiendo
1097 1330 1223 1383 correxit.

543 1420 663 1478 steht·
677 1422 708 1478 L.
719 1452 755 1463 -
767 1422 812 1479 55.
826 1420 952 1477 dttemlat
966 1436 1029 1475 sanc
1043 1421 1092 1475 iste
1107 1422 1133 1475 iu
1146 1422 1240 1477 codem
1255 1424 1312 1492 ipso

511 1515 587 1580 ioco,
612 1514 683 1571 ande
702 1514 752 1569 boc
766 1513 972 1568 Ambrosianum
989 1511 1186 1580 testimoninm,
1201 1514 1270 1583 qrtrtd
1286 1514 1312 1569 ei

511 1603 649 1673 placebat,
663 1603 825 1671 assumpsit,
841 1602 924 1657 etiam
942 1601 1008 1656 illud
1029 1616 1089 1657 enm
1112 1602 1227 1668 dixisse,
1241 1605 1311 1672 qarud

513 1713 523 1745 r
536 1694 572 1748 ab
592 1692 741 1748 initioessc
752 1692 950 1747 immaculatum
965 1692 991 1758 ¹,
1005 1691 1128 1746 hnmanae
1148 1693 1312 1762 impossihile

511 1785 542 1839 sit
559 1794 686 1839 naturae:
704 1802 715 1836 r
733 1783 778 1838 ubi
794 1784 904 1838 otrrniuo
919 1783 990 1837 illam
1010 1784 1157 1838 naturalem
1180 1784 1312 1854 possibili-

511 1886 602 1941 tatern,
616 1890 699 1945 quam
709 1874 833 1945 Pelagius
844 1890 897 1928 non
910 1874 967 1928 ruit
977 1873 1092 1929 lidelitcr
1104 1874 1239 1943 respicere
1250 1890 1313 1944 pec·

512 1974 644 2021 anteesse
656 1966 787 2031 vitiatam,
802 1974 830 2020 et
844 1964 904 2019 ideo
915 1963 1046 2034 jactatrter
1058 1965 1171 2029 extollit,
1185 1980 1311 2022 enervem

513 2059 699 2126 intirmamqne
713 2063 826 2111 testatur
843 2055 1011 2111 venerandus
1026 2056 1181 2111 hmbmsius
1197 2074 1203 2111 :
1218 2058 1311 2127 procul

513 2146 587 2202 tado
601 2155 700 2202 eontra
720 2146 797 2201 istius
810 2146 988 2211 uoluntatem,
1003 2146 1049 2201 sed
1065 2161 1117 2201 non
1137 2154 1229 2201 contra
1247 2161 1311 2217 apo·

514 2239 631 2296 animm
642 2240 793 2306 ueritatem,
806 2238 851 2295 nbi
861 2238 967 2309 legitur,
982 2235 1091 2292 Fuimus
1103 2247 1127 2293 et
1140 2255 1186 2295 aaa
1195 2238 1312 2309 aliquau-

539 2431 548 2466 ¹
558 2440 643 2497 rorte,
652 2432 840 2486 inmaculatam.

1365 1335 1453 1390 dicum
1474 1336 1561 1391 diuina
1583 1336 1706 1392 subvenit
1725 1337 1820 1406 gratia.
1840 1337 1878 1392 lic
1891 1336 1967 1406 enjus
1982 1338 2113 1408 adjutorio
2127 1339 2159 1394 ad

1362 1424 1580 1493 justificationem
1602 1436 1737 1492 nostram,
1753 1442 1805 1496 utto
1819 1428 1890 1482 licus
1911 1428 2080 1497 diligentibus
2100 1443 2159 1483 enm

1364 1517 1452 1570 ottruia
1474 1529 1632 1589 cooperatur
1644 1519 1671 1572 in
1686 1518 1785 1573 boumn
1803 1519 1810 1551 ¹
1827 1518 1914 1590 (liorn
1930 1535 1994 1586 utar,
2009 1519 2073 1591 28),
2093 1533 2162 1589 quot

1364 1608 1438 1678 prior
1450 1608 1542 1663 dilexit
1555 1608 1575 1678 (l
1587 1606 1666 1661 tonat
1679 1625 1716 1674 tv,
1730 1608 1785 1681 ld),
1800 1609 1904 1664 donans
1915 1611 1955 1667 eis
1969 1620 1996 1664 nt
2008 1609 2162 1681 diligeretur

1364 1697 1398 1750 ab
1413 1698 1465 1764 cis,
1480 1699 1542 1768 qrria
1554 1698 1654 1765 jamdiu
1671 1708 1710 1753 est
1724 1709 1752 1753 nt
1767 1699 1922 1754 disserimus
1936 1699 2080 1769 :deinceps
2094 1700 2162 1754 inei·

1364 1789 1485 1858 piamus,
1499 1799 1626 1859 qnantum
1646 1789 1772 1843 bertuinus
1788 1789 1936 1858 adjuverit,
1955 1791 2035 1845 ctiam
2050 1791 2083 1845 de
2097 1805 2161 1859 pec·

1363 1888 1434 1945 ento,
1448 1881 1518 1950 quod
1534 1895 1581 1950 pcr
1596 1896 1675 1934 arnum
1689 1881 1824 1935 lrourincm
1838 1896 1898 1936 euru
1914 1890 2000 1936 morte
2014 1882 2122 1936 intrarit
2135 1883 2161 1937 iu

1364 1969 1509 2036 natrrtdum,
1532 1980 1612 2039 atque
1636 1972 1671 2024 ita
1698 1971 1724 2025 in
1746 1985 1840 2026 omues
1864 1962 1984 2026 lrortiines
2008 1973 2162 2041 pertransiit

1366 2059 1453 2133 (llam
1465 2077 1492 2127 v,
1507 2061 1563 2133 la),
1575 2062 1703 2117 adsersus
1717 2064 1781 2117 istos
1794 2063 1838 2133 qui
1853 2064 1879 2117 in
1892 2078 2010 2119 errorem
2025 2065 2088 2120 huic
2097 2080 2163 2121 con-

1365 2151 1474 2206 trarium
1497 2152 1599 2207 rcrimti
1623 2153 1740 2221 apertius
1762 2162 1922 2223 eruperunt,
1938 2170 1998 2224 quae
2016 2155 2081 2210 satis
2099 2170 2161 2212 esse

1363 2244 1524 2300 ridebuntur
1535 2245 1695 2314 exprimere.

1395 2373 1404 2405 ¹
1418 2381 1468 2421 am.
1482 2380 1508 2423 ct
1518 2380 1572 2433 En,
1588 2387 1635 2434 mro
1648 2383 1723 2426 neum
1732 2372 1884 2439 diligentibus
1901 2388 1957 2426 ema
1972 2374 2054 2427 omma
2073 2388 2159 2441 ooope-

1363 2440 1450 2485 matta
1472 2433 1498 2486 ia
1509 2435 1603 2485 batum.
1617 2435 1685 2498 hale,
1697 2450 1726 2489 ac
1735 2438 1936 2487 dissentientibus
1946 2445 2000 2487 otss.

1474 2546 1603 2555 ———
1660 2548 1663 2553 -
1680 2548 1910 2557 -*———‘.
1922 2549 1971 2558 a·-

755 2655 834 2802 s.
899 2582 1918 2805 lemausum

510 2903 715 3126 nu
818 2895 1415 3123 enarra
1518 2900 2159 3129 curarem

722 3260 834 3387 ET
870 3257 992 3387 DE
1028 3256 1446 3389 PECCATO
1476 3257 1956 3391 ORIGINALI

788 3452 1024 3538 CONTRA
1060 3453 1369 3539 PELAGIUM
1405 3455 1479 3537 ET
1517 3452 1886 3539 COELESTIUM

1197 3605 1333 3702 atta
1351 3615 1470 3703 bito.

1188 3740 1479 3839 «ζωμῷ»

980 3899 1216 4009 LIBER
1244 3897 1687 4006 SECUNDUS.

1092 4065 1143 4124 DE
1163 4061 1346 4125 PECCATO
1367 4061 1587 4123 ultitimum.

1247 4180 1435 4236 afflixi&

538 4317 653 4371 ostenda
661 4317 817 4380 augrtstiaus,
828 4315 952 4379 helagiam
963 4314 988 4363 in
999 4312 1134 4376 qaaestioue
1143 4309 1175 4359 de
1187 4309 1222 4358 ori
1241 4307 1298 4357 iaali
1310 4313 1412 4369 peccato
1423 4318 1452 4356 ac
1461 4305 1494 4354 de
1502 4303 1656 4367 paruulorum
1668 4307 1829 4368 baptisante,
1840 4308 1900 4358 nihil
1910 4311 1992 4372 reipsa
2001 4311 2130 4362 dissentire
2144 4325 2159 4364 a

508 4378 629 4443 decipulo
637 4379 715 4442 ipsius
724 4377 850 4437 caelestia,
863 4379 904 4439 qni
916 4380 1043 4439 peceatum
1051 4369 1169 4435 originale
1181 4322 1291 4442 coudteri
1302 4367 1405 4440 uolens,
1418 4366 1459 4439 uel
1471 4369 1544 4416 ctiam
1555 4374 1641 4430 aperte
1654 4380 1747 4430 negare
1758 4381 1848 4429 ausus,
1869 4372 2013 4433 carthagine
2040 4374 2108 4430 rrius,
2130 4389 2160 4424 ac

508 4449 597 4504 pometa
608 4449 696 4500 honam,
706 4453 721 4489 e
731 4437 986 4502 ›isoopalihusjudiciis
995 4436 1123 4485 damnatus
1131 4439 1178 4482 cst.
1191 4437 1353 4490 Quaestionem
1366 4442 1432 4478 emm
1441 4435 1511 4478 istam
1523 4441 1571 4478 noa
1587 4441 1671 4477 earum
1683 4441 1747 4490 csse,
1756 4437 1783 4480 nt
1793 4431 1904 4480 haeretici
1914 4432 1988 4481 iidem
2000 4446 2030 4481 ro
2041 4433 2123 4493 elatu,
2134 4437 2158 4484 in

541 4504 599 4552 ilms
610 4509 702 4566 praeter
713 4455 769 4549 ddci
781 4499 916 4563 periculum
928 4510 1012 4547 errare
1024 4496 1141 4556 contingit
1152 4507 1157 4541 :
1171 4495 1219 4542 imo
1229 4493 1294 4541 baruc
1302 4502 1505 4562 eorumlerrorem
1516 4491 1567 4551 ipsa
1575 4489 1736 4562 omniuohdei
1746 4491 1883 4541 christianae
1894 4500 1982 4554 petere
1993 4494 2158 4545 fundamenta.

508 4516 607 4615 atella
618 4572 664 4613 eos
715 4569 768 4619 tea,
780 4561 822 4624 qul
833 4558 1012 4622 originalisvitli
1021 4558 1134 4621 dogmate
1143 4554 1280 4617 nuptiarum
1291 4553 1391 4601 bomtatr
1403 4551 1496 4601 detrahi
1504 4586 1511 4610 ‚
1519 4558 1619 4614 neuque
1631 4553 1675 4614 ipsi
1684 4587 1692 4614 ,
1700 4551 1854 4616 homimsqui
1865 4566 1911 4615 per
1920 4556 2015 4616 nuptias
2025 4568 2158 4617 generantr

510 4625 629 4676 mdtou
639 4624 666 4673 ln
674 4625 751 4674 teiam
762 4622 814 4673 fleri
826 4621 1015 4673 contendebant.

543 4728 661 4786 CAPUT
681 4727 820 4784 bulliunt.
834 4755 872 4768 -·
884 4729 910 4781 l.
931 4725 989 4781 lam
1005 4737 1076 4778 nttnc
1095 4721 1235 4793 diiigenter
1257 4719 1306 4774 ad-

511 4822 627 4889 vertite,
643 4820 677 4876 dc
695 4820 858 4890 baptismate
880 4816 1050 4888 paruulorum
1072 4828 1153 4884 quara
1168 4819 1245 4866 cante
1257 4810 1308 4865 de-

511 4911 599 4969 beatis
618 4912 712 4967 audire
734 4910 855 4967 homiues
875 4908 1026 4980 ejusmodi,
1051 4907 1096 4976 qni
1118 4917 1202 4974 neque
1216 4911 1308 4973 aperte

509 5005 549 5061 lili
563 5003 636 5059 :etati
654 5002 788 5056 lavacrum
808 4998 1016 5071 regenerationis
1036 5005 1063 5052 et
1078 5003 1245 5065 peccatorum
1262 5007 1307 5047 re-

510 5094 650 5152 missionis
669 5091 768 5147 audcut
794 5104 909 5161 negare,
936 5103 971 5143 ne
995 5087 1046 5142 boe
1065 5085 1217 5140 christianae
1230 5096 1308 5136 aures

511 5186 582 5242 lerre
602 5199 658 5239 nou
682 5183 800 5253 possiut;
816 5190 945 5237 ettamen
966 5179 1118 5248 opinionem
1139 5191 1231 5241 suam,
1256 5188 1307 5246 qua

512 5284 606 5346 putant
619 5282 733 5344 peccato
742 5270 821 5342 primi
832 5270 947 5326 hominis
961 5268 1093 5324 carnalem
1108 5267 1306 5339 generationem

512 5367 656 5422 obnoxiam
672 5379 724 5420 nou
738 5363 841 5429 teneri,
857 5361 924 5417 tueri
944 5369 971 5417 et
987 5358 1125 5415 deicnsare
1140 5358 1305 5428 persistunt,

512 5459 635 5527 gmmris
647 5456 688 5512 cis
700 5454 864 5525 baptismum
881 5452 1021 5508 uideantur
1035 5452 1062 5507 iu
1077 5460 1245 5522 peccatorum
1266 5465 1308 5503 re·

513 5549 669 5606 missionem
684 5546 842 5603 concedere.
856 5544 958 5615 Nempe
972 5544 1023 5615 ipsi
1036 5559 1051 5597 a
1067 5541 1229 5613 Pelagianos
1240 5555 1307 5610 pre-

514 5650 589 5698 sente
612 5638 759 5711 scripsistis
785 5637 911 5702 audisse,
933 5635 1063 5692 recitante
1077 5633 1152 5688 robis
1166 5632 1201 5687 de
1219 5631 1309 5686 libello

514 5746 572 5799 soe,
587 5745 669 5802 quem
684 5730 765 5785 etiam
783 5729 895 5782 Romam
908 5742 937 5782 se
951 5726 1057 5782 misisse
1070 5722 1223 5790 asserebat,
1237 5720 1307 5793 quod

517 5823 634 5879 «iisdem
649 5821 815 5878 Sacrameuti
826 5819 915 5875 verbis
926 5838 936 5872 a
947 5817 1055 5873 dimota
1070 5815 1168 5871 debere
1181 5813 1307 5884 baptizari

516 5912 649 5980 hiantes,
670 5912 767 5983 quibus
782 5920 808 5966 et
822 5910 949 5980 majores.
971 5926 981 5963 a
1003 5907 1068 5978 Quis
1085 5915 1144 5977 post
1164 5906 1209 5961 illa
1228 5906 1308 5961 rerba

517 6014 629 6077 pataret,
643 6004 684 6059 eis
695 6003 730 6058 de
743 6001 792 6057 hac
805 6017 834 6057 re
849 6001 929 6055 ullam
942 5998 1099 6054 merendam
1109 6013 1169 6053 esse
1181 5997 1309 6066 quaestio·

518 6097 595 6154 aemi
618 6104 666 6150 ant
686 6109 747 6149 cnm
772 6093 887 6157 laceret,
912 6091 956 6146 cni
980 6105 1032 6145 nou
1054 6086 1309 6146 caluuuriosissimns

518 6184 659 6250 rideretur,
676 6185 698 6240 si
712 6199 765 6240 uou
780 6198 872 6239 eorum
891 6179 1029 6236 maailcsta
1043 6180 1122 6235 verba
1138 6180 1307 6248 legerentur,

521 6276 559 6335 nli
588 6287 688 6350 negant
709 6274 833 6351 parrulos
860 6273 964 6330 trahere
998 6272 1125 6344 originale
1151 6279 1307 6342 peccatum,

1362 4731 1509 4785 omnesque
1532 4717 1590 4770 sinc
1610 4716 1665 4770 ullo
1679 4716 1743 4770 nitio
1756 4727 1834 4773 natos
1848 4733 1908 4774 esso
1923 4719 2110 4775 contendunt?

1396 4805 1509 4862 caetu
1520 4803 1551 4859 ll.
1564 4836 1598 4845 -
1607 4805 1635 4858 Ε.
1649 4806 1682 4860 lit
1691 4806 1833 4863 Caelestius
1845 4808 1953 4878 quidem
1965 4810 1990 4864 in
2006 4811 2057 4865 hoc
2071 4812 2154 4866 exsti·

1362 4897 1393 4952 tit
1408 4911 1500 4952 errore
1512 4895 1630 4963 liberior,
1647 4912 1729 4966 nsque
1739 4896 1818 4965 adca,
1831 4907 1860 4953 ut
1872 4914 1958 4970 aeque
1971 4900 1996 4953 in
2008 4900 2156 4971 episcopali

1358 4991 1460 5062 judicio
1474 4990 1545 5061 apud
1567 4989 1753 5059 Carthaginem
1773 4990 1901 5046 damnare
1916 4993 2032 5047 soluerit
2050 4996 2157 5064 eosqui

1360 5080 1461 5146 dicunt,
1481 5099 1490 5132 r
1507 5080 1583 5149 Quod
1596 5089 1735 5149 peccatum
1755 5081 1820 5136 Adae
1834 5081 1920 5152 ipsum
1936 5083 2022 5137 sulum
2036 5083 2156 5153 laeserit,

1360 5180 1387 5226 et
1399 5187 1451 5226 nou
1461 5187 1546 5242 genus
1559 5169 1721 5236 humanum;
1738 5179 1765 5226 et
1778 5171 1849 5241 qraod
1864 5171 2029 5244 inlautesuni
2041 5190 2157 5231 nascun-

1360 5273 1415 5330 tur,
1427 5263 1452 5317 in
1463 5278 1496 5319 eo
1506 5271 1576 5318 statu
1588 5266 1651 5329 sint,
1666 5262 1692 5316 in
1706 5277 1758 5332 quo
1770 5264 1854 5316 Adam
1867 5264 1914 5319 iuit
1923 5273 1985 5319 atate
1996 5268 2155 5334 pravarica-

1360 5355 1471 5410 tioucm.
1492 5373 1501 5406 r
1517 5355 1549 5409 Et
1563 5354 1588 5407 in
1604 5354 1669 5408 urbe
1689 5354 1771 5407 liurna
1787 5354 1812 5407 in
1826 5353 1916 5409 libello
1929 5370 1988 5418 sno,
2001 5372 2079 5427 quem
2090 5357 2155 5411 bea·

1361 5446 1465 5502 tissinro
1477 5461 1552 5516 papae
1566 5445 1674 5499 Zosiruo
1684 5445 1765 5511 dedit,
1779 5447 1803 5499 id
1818 5447 1979 5501 asseuerauit
1992 5449 2154 5516 expressius,

1364 5537 1463 5607 «quud
1487 5538 1659 5607 paruulorum
1690 5539 1823 5591 nemiuem
1852 5538 2000 5609 obstringat
2025 5540 2155 5608 originale

1361 5637 1509 5699 peceatum.
1528 5647 1538 5682 s
1557 5628 1594 5682 De
1608 5627 1690 5698 gestis
1709 5628 1780 5683 enim
1802 5629 1989 5684 ecclesiasticis
2012 5627 2153 5699 Carthagi·

1361 5719 1489 5775 irensibus
1503 5719 1561 5775 hae
1574 5718 1629 5790 ejus
1645 5718 1724 5774 rerba
1741 5718 1941 5788 descripsimus.

1396 5809 1510 5865 CAPUT
1529 5809 1572 5863 ΙΙΙ.
1588 5840 1623 5849 -
1635 5811 1661 5864 3.
1678 5827 1688 5858 r
1708 5808 1830 5863 Aurelius
1845 5809 2069 5880 episcopusdixit
2085 5827 2091 5868 :
2107 5809 2153 5866 Se·

1361 5899 1468 5972 quemia
1483 5901 1636 5955 recitentur.
1656 5901 1688 5954 Et
1703 5900 1842 5954 recitatum
1856 5906 1907 5961 cst,
1923 5897 1999 5966 erod
2015 5909 2153 5968 peecatum

1362 5993 1427 6047 Adae
1439 5992 1489 6062 ipsi
1502 5993 1551 6046 suli
1563 5990 1688 6060 obfuerit,
1703 6000 1730 6044 ct
1742 6004 1794 6043 nou
1804 5991 1893 6059 generi
1905 5990 2031 6045 ltumano.
2046 5991 2079 6046 Et
2092 6007 2154 6048 cnm

1362 6085 1500 6139 recitatum
1526 6092 1615 6145 esset,
1640 6080 1780 6137 Coelestins
1802 6082 1868 6135 dixit
1884 6100 1891 6136 :
1908 6080 1964 6136 bisi
1987 6082 2021 6138 de
2047 6084 2156 6140 traduce

1363 6177 1462 6244 peceati
1485 6174 1595 6228 ‹laabinm
1620 6189 1662 6226 me
1684 6187 1760 6234 csse,
1785 6171 1820 6225 ita
1839 6182 1925 6227 tamen
1945 6182 1973 6228 ut
1991 6174 2033 6228 cui
2046 6173 2157 6229 ductavit

1363 6268 1433 6323 Deus
1447 6267 1558 6329 gratiam
1581 6267 1682 6331 peritiae
1710 6266 1892 6334 consentinam
1917 6267 1977 6337 arria
2002 6268 2106 6326 diversa
2122 6280 2157 6327 ao
