5592 7350
576 922 622 980 ttl
980 920 1115 977 saltitat
1134 913 1303 975 tbttttbtt
1323 912 1551 982 PELbGleUll,
1569 917 1597 974 S.
1619 915 1800 976 aucusita't

577 1057 628 1097 nec
638 1041 702 1111 justi
718 1046 787 1098 sttot,
804 1051 853 1093 nec
863 1037 919 1092 beo
932 1036 1046 1105 plorent,
1060 1036 1102 1092 cui
1120 1034 1177 1090 sinc
1198 1033 1248 1088 bde
1262 1032 1367 1102 plaeere

574 1128 742 1199 impossibiie
754 1138 805 1183 cst.
819 1126 869 1182 Sed
889 1127 922 1181 ati
935 1126 986 1181 boe
1000 1142 1048 1182 eos
1066 1126 1092 1180 in
1104 1124 1149 1181 dic
1164 1123 1254 1194 judieii
1266 1122 1370 1196 cogita·

567 1203 666 1274 'titrncs
686 1233 741 1273 sua.
753 1216 905 1282 defendent,
920 1225 949 1270 ιιι
963 1215 1128 1270 tolerabilius
1140 1214 1294 1285 puniantur,
1306 1213 1368 1281 quia

575 1309 732 1365 naturaliter
754 1323 813 1378 quac
830 1308 896 1377 legis
915 1315 976 1361 snut
996 1314 1138 1377 utcumque
1155 1304 1285 1369 iecerunt,
1304 1301 1370 1357 seri·

576 1410 651 1471 pturn
663 1397 791 1453 babentes
800 1398 828 1453 in
838 1397 963 1452 cordibus
973 1410 1040 1468 opus
1048 1395 1113 1466 legis
1123 1395 1260 1457 lraetenos,
1272 1402 1301 1447 ut
1311 1391 1370 1447 aliis

567 1475 629 1546 ¹non
653 1487 771 1545 lacerent
792 1488 862 1559 quod
877 1487 978 1558 perpeti
1000 1486 1184 1542 nollentzboc
1197 1494 1285 1541 tamen
1306 1498 1368 1553 pec,-

567 1576 680 1645 'eantes,
693 1580 763 1652 qaod
779 1581 900 1635 homines
922 1580 980 1635 sinc
1005 1579 1067 1646 lide,
1082 1593 1136 1633 non
1150 1578 1185 1635 ati
1204 1592 1266 1634 eunt
1289 1576 1369 1631 linem

577 1675 628 1730 ista
649 1689 731 1745 opera
752 1674 908 1737 retulerunt,
924 1671 962 1732 ad,
980 1688 1059 1742 quern
1082 1669 1186 1727 referre
1208 1670 1366 1726 debuerunt.

577 1764 666 1821 ilinos
688 1767 760 1823 enim
781 1764 917 1821 Fabricius
936 1781 1013 1835 quant
1032 1764 1145 1820 Catilina
1163 1765 1297 1834 punietur,
1314 1777 1367 1817 non

577 1858 638 1927 qnia
654 1858 705 1912 iste
724 1856 818 1918 bonus,
835 1856 882 1911 sed
893 1857 954 1926 qnia
969 1856 1012 1910 ille
1027 1856 1110 1925 magis
1128 1857 1212 1909 malos
1225 1874 1231 1908 :
1244 1863 1271 1909 ct
1282 1854 1368 1907 nrioos

573 1949 684 2015 inpios,
696 1963 774 2017 quam
795 1944 917 2011 Catilina,
928 1945 1075 2013 Fabricius,
1094 1961 1146 2000 non
1166 1960 1244 1999 veras
1257 1945 1369 1998 virtutes

576 2038 700 2093 babendo
713 2080 720 2105 ,
735 2039 781 2094 sed
801 2054 816 2092 a
835 2039 905 2093 veris
919 2038 1058 2094 uirtutibus
1080 2053 1134 2094 ttuu
1155 2037 1299 2108 plurimum
1322 2035 1369 2092 de-

572 2130 689 2185 ϊὶιιιιιΙο.

615 2246 661 2299 td.
682 2245 722 2298 An
737 2243 804 2298 lorte
818 2253 845 2298 ct
865 2244 921 2299 istis
940 2244 984 2315 qui
1003 2244 1180 2299 exbibuerunt
1195 2251 1308 2300 terrenae
1321 2259 1370 2314 pa·

569 2338 639 2394 irim
654 2338 840 2411 babylonicam
856 2336 1041 2401 dilectionem,
1053 2345 1080 2393 ct
1092 2338 1189 2392 virtute
1205 2337 1293 2400 cirili,
1314 2351 1369 2391 non

579 2446 659 2495 rora,
677 2429 723 2484 sed
742 2432 799 2484 reri
818 2428 898 2483 simili
913 2427 1076 2483 daemonibus
1089 2429 1130 2483 rel
1143 2427 1267 2482 immanet
1280 2427 1372 2497 glorias

579 2523 740 2583 sortierunt,
754 2518 882 2574 Fabriciis
901 2518 1034 2586 uidelicet,
1050 2528 1077 2574 et
1100 2516 1218 2590 liegulis,
1232 2526 1259 2574 et
1271 2517 1371 2584 Fabiis,

576 2621 607 2667 et
619 2612 804 2683 Scipionibus,
820 2620 847 2668 et
860 2611 994 2678 Cantillis,
1010 2612 1166 2683 ceterisque
1181 2610 1276 2666 talibus
1286 2652 1294 2677 ,
1305 2610 1373 2665 sicut

578 2703 727 2760 intantibus
739 2703 784 2773 qni
803 2704 862 2761 sine
880 2705 1044 2776 baptismate
1060 2703 1228 2767 moriuntur,
1241 2702 1372 2773 provisuri

579 2795 645 2850 estis
658 2794 771 2865 aliquant
793 2794 880 2851 locurn
902 2795 973 2851 inter
991 2793 1188 2850 damnationem
1210 2806 1373 2863 regnumque

573 2886 724 2951 roelnrum;
741 2886 785 2941 nbi
799 2901 853 2942 non
867 2885 923 2942 sint
936 2887 962 2940 in
975 2885 1092 2951 miseria,
1106 2884 1153 2941 sed
1167 2884 1193 2939 in
1207 2882 1373 2939 beatitudine

578 2981 761 3053 sempiterna,
786 2979 831 3051 qui
846 2980 902 3035 Deo
915 2995 968 3034 nnn
990 2979 1156 3050 placuerunt,
1177 2976 1220 3031 cui
1242 2977 1300 3031 sine
1321 2975 1374 3032 lide

580 3073 686 3142 placere
699 3069 865 3141 impossibile
879 3079 931 3137 cst,
942 3084 1020 3141 qnam
1034 3085 1084 3125 nec
1097 3070 1122 3123 in
1136 3068 1270 3139 operibus,
1283 3068 1372 3123 necin

574 3165 706 3220 eordibus
715 3162 955 3220 babuerunttlion
966 3164 1061 3233 opinor
1070 3160 1246 3234 perditionem
1257 3168 1372 3217 vestram

575 3271 665 3329 osque
679 3256 712 3311 ad
728 3256 805 3311 istam
818 3269 898 3327 posse
911 3254 1101 3325 impudentiam
1118 3253 1250 3324 prosilire.
1263 3271 1274 3307 ι
1290 3253 1375 3309 Erunt

576 3364 686 3418 crgn,t
704 3347 806 3418 inquis,
824 3346 1061 3403 «indemnatione
1077 3344 1252 3416 sempiterna,
1268 3344 1295 3400 io
1313 3344 1373 3416 qui-

579 3439 630 3497 bos
640 3449 698 3495 crat
710 3455 773 3496 rera
786 3439 908 3510 justitia?
924 3458 933 3492 ι
951 3439 1078 3495 Orocem
1096 3437 1258 3518 impudentia
1273 3436 1374 3507 majore

578 3530 759 3601 praecipitanti
773 3529 831 3584 lion
846 3538 914 3595 erat,
934 3528 1041 3600 inquam
1052 3530 1072 3597 ¹,
1085 3528 1112 3586 in
1125 3528 1164 3584 cis
1176 3543 1238 3584 vera
1252 3527 1372 3599 justitia;

499 3686 502 3691 Ι
578 3622 709 3691 quianon
725 3620 839 3688 actibus,
855 3619 902 3676 sed
917 3620 1012 3677 llttibus
1027 3630 1172 3692 pensantur
1184 3619 1282 3676 cilicia.
1371 3621 1375 3628 '

543 3740 545 3744 “
616 3732 661 3787 tt.
677 3732 731 3786 Sed
746 3731 830 3788 tacete
851 3747 883 3787 ac
906 3731 992 3802 lepide
1014 3732 1095 3788 bomo
1115 3735 1328 3806 elegantissimus
1347 3746 1374 3792 et

580 3822 784 3889 nrlnoissimos,
796 3839 805 3872 ι
817 3821 846 3877 Si
854 3819 967 3887 dicatur,
984 3821 1101 3894 sinquls,
1111 3842 1120 3876 ι
1131 3826 1305 3894 quiaeastitas
1319 3827 1374 3882 inii·

578 3913 680 3967 delium
703 3915 811 3969 castitas
835 3927 887 3969 non
909 3925 966 3980 est;
990 3915 1082 3970 eadem
1103 3914 1301 3973 lreutedicctur
1311 3919 1373 3990 quia

581 4020 678 4076 conpos
691 4006 962 4078 l’aganorumcorpus
972 4023 1025 4062 non
1035 4008 1079 4074 sit,
1090 4007 1194 4064 etoculi
1208 4009 1373 4081 Paganorurn

581 4114 688 4153 sensnm
703 4114 755 4153 non
765 4099 879 4156 babeant
895 4099 1060 4165 intuendi,et
1069 4099 1202 4158 frumenta
1213 4117 1273 4172 qum
1283 4103 1309 4158 in
1320 4103 1373 4158 Pa-

580 4205 709 4259 gottorum
723 4202 869 4248 nascuntur
879 4193 960 4266 agris,
977 4195 1169 4251 irumcntanon
1183 4196 1287 4252 sintzet
1304 4197 1373 4252 mul·

581 4294 619 4349 ta,
629 4300 640 4336 ι
651 4283 748 4354 inquis,
760 4283 830 4339 talia
838 4299 898 4357 qntc
906 4292 985 4340 tantae
993 4284 1165 4341 absurditatis
1175 4294 1245 4353 sunt,
1255 4287 1373 4344 utrisum

581 4377 685 4446 pnrssint
695 4377 903 4449 intelligentibus
911 4392 1090 4436 commorere.
1104 4379 1179 4435 »Non
1193 4379 1372 4451 planerisom,

579 4467 629 4524 aed
652 4467 742 4524 lietttm
772 4471 860 4539 potius
886 4468 1094 4541 intelligentibus
1116 4481 1205 4527 vester
1223 4481 1375 4529 commovet

578 4560 661 4625 moos,
676 4561 746 4616 sieut
757 4559 888 4616 mentibus
902 4561 1049 4616 amicorum
1065 4575 1190 4617 sanorum
1200 4561 1290 4618 lictum
1302 4578 1375 4618 conr-

577 4663 671 4709 moret
681 4652 751 4708 risus
767 4652 993 4724 pltrenetieorum.
1003 4651 1077 4709 itane
1089 4661 1136 4709 aut
1148 4664 1240 4710 contra
1253 4654 1373 4725 Scripto-

578 4762 625 4802 rss
640 4755 746 4801 sanetas
755 4743 869 4802 inddelis
881 4745 999 4802 animum
1013 4744 1138 4802 iornicari
1152 4760 1242 4819 negas,
1259 4756 1305 4804 aut
1314 4763 1374 4806 csse

576 4839 609 4891 io
623 4839 713 4892 animo
726 4836 875 4893 fornicante
883 4853 973 4894 reram
986 4838 1133 4894 castitatem
1144 4838 1228 4906 dicis;
1250 4848 1278 4896 et
1292 4841 1373 4906 rides,

583 4940 611 4983 ct
625 4929 771 4985 sanuses?
785 4928 873 4997 Unde,
888 4930 1032 5001 quomodo,
1052 4946 1103 5001 qua
1116 4931 1219 4987 ratione
1230 4931 1300 4988 istud
1315 4933 1373 4990 beri

581 5018 692 5086 potestt
706 5019 819 5075 Prorsus
832 5034 883 5075 nec
895 5019 940 5074 illa
950 5027 991 5076 est
1004 5021 1113 5077 castitas
1127 5037 1200 5091 acra,
1215 5038 1265 5079 nec
1275 5024 1374 5079 sanitas

576 5126 657 5167 cera.
683 5110 814 5175 Prorsus,
836 5112 961 5182 inquam,
976 5128 1026 5168 nec
1040 5128 1101 5168 vera
1116 5122 1157 5169 cst
1170 5115 1280 5170 castitas
1291 5116 1373 5171 animi

583 5200 752 5268 fornicantis,
767 5211 795 5257 et
807 5216 868 5257 vera
879 5203 980 5256 insarno
994 5213 1035 5259 est
1054 5203 1170 5260 bominis
1189 5205 1302 5263 dicentis
1322 5207 1375 5265 lroc

581 5296 700 5352 dedecus
710 5304 737 5350 ct
748 5293 868 5350 ridentis.
882 5293 936 5349 Nos
946 5303 1034 5351 amem
1047 5296 1118 5352 absit
1131 5305 1159 5352 ut
1171 5296 1291 5354 dicamus
1303 5301 1374 5370 quod

579 5385 858 5458 corpus‘l‘aganorum
882 5398 979 5455 corpus
992 5400 1045 5441 non
1059 5387 1108 5455 sit,
1122 5396 1149 5443 et
1170 5397 1266 5446 cetera
1283 5390 1375 5461 bojas·

579 5478 664 5535 modi.
677 5475 769 5548 Neque
783 5476 853 5532 enim
865 5485 905 5532 est
918 5491 1093 5548 consequens,
1109 5490 1138 5534 nt
1150 5481 1173 5535 si
1185 5496 1239 5537 nnn
1254 5490 1296 5537 est
1313 5499 1373 5537 vera

579 5572 666 5626 rlrttrs
686 5585 737 5641 qua
758 5568 884 5640 gloriatur
905 5570 1011 5640 impius,
1033 5573 1142 5628 nonsit
1164 5589 1256 5628 terrun
1278 5590 1375 5645 corpus

580 5661 651 5732 qnod
662 5669 788 5732 operatur
801 5659 879 5716 Deus.
894 5659 945 5716 Sed
959 5660 1038 5730 plane
1051 5677 1191 5731 possmmts
1206 5665 1303 5728 dicere,
1320 5666 1336 5720 b
1346 5686 1374 5721 r-

570 5737 729 5809 ‘rcttconnn
753 5750 867 5807 irontcm
883 5766 935 5806 nort
958 5766 1019 5808 csse
1034 5751 1160 5816 frontem,
1183 5755 1204 5809 si
1220 5773 1271 5811 non
1288 5775 1372 5812 narru-

578 5841 661 5898 ttnnrn
675 5841 746 5915 (prod
757 5840 820 5898 iecit
833 5843 914 5910 bens,
928 5843 1079 5914 signibeare
1090 5844 1267 5912 intelligamur
1278 5847 1373 5906 frontis

581 5933 711 5999 nornine,
726 5932 774 5990 sed
793 5932 932 6004 pudorem.
946 5933 1033 6003 Quid,
1048 5935 1071 5990 si
1086 5950 1137 5991 non
1152 5936 1219 5991 ineo
1234 5939 1291 6008 ipso
1306 5940 1373 5997 libro

582 6023 706 6090 nicaeni
714 6023 884 6094 respondisse
899 6023 1025 6095 tejamm,
1038 6035 1099 6082 ante
1109 6037 1308 6097 praestruerem,
1320 6033 1372 6086 ne¹

583 6113 611 6169 in
627 6111 676 6168 bac
689 6116 830 6179 sementia,
846 6131 897 6186 qua
911 6115 1035 6187 (linimus,
1051 6117 1132 6176 Oratae
1145 6121 1214 6192 qood
1226 6139 1276 6178 nrm
1294 6134 1329 6176 eat
1342 6143 1373 6180 rr

614 6273 622 6304 ¹
635 6278 682 6320 tm.
695 6275 721 6319 et
730 6273 795 6326 tiss..
806 6268 887 6334 igittrr.

612 6336 623 6401 ξ
635 6332 702 6408 tpttti
710 6337 774 6400 let„
787 6342 840 6383 ttsc.

1425 1029 1487 1099 prta,
1503 1040 1630 1099 percolunt
1646 1041 1682 1086 est
1692 1047 1701 1093 ,·
1713 1032 1792 1086 eliam
1804 1029 1847 1086 itta
1864 1030 2042 1102 intelligantur
2055 1032 2214 1094 infidelium.

1422 1135 1482 1191 qurn
1500 1122 1570 1177 dosa
1590 1133 1654 1179 sunt
1667 1124 1731 1191 bet,
1751 1123 1807 1178 sive
1827 1123 1965 1190 inanimi,
1986 1124 2044 1181 sire
2057 1126 2084 1181 to
2096 1129 2216 1197 eorporis

1423 1210 1520 1265 bonis?
1533 1213 1569 1268 lbi
1584 1212 1656 1268 enirn
1668 1222 1729 1268 snnt
1742 1221 1771 1268 et
1787 1212 1837 1267 ista
1851 1229 1910 1283 qnae
1923 1214 2038 1270 inaniter
2048 1216 2146 1286 garris,
2156 1231 2216 1271 eor·

1422 1319 1483 1374 pos,
1500 1316 1526 1360 et
1544 1306 1626 1373 oculi,
1642 1315 1669 1361 et
1680 1306 1800 1362 membra
1815 1315 1922 1361 cetera.
1943 1305 1971 1359 ln
1990 1320 2024 1361 eo
2042 1322 2140 1378 genere
2153 1318 2215 1364 stro

1422 1396 1503 1451 etiam
1518 1412 1577 1467 ane
1591 1398 1619 1451 in
1633 1398 1704 1467 agris
1716 1397 1882 1467 Paganorum
1897 1394 2029 1452 frumenta
2051 1409 2215 1465 nascuntur,

1423 1503 1536 1555 quorum
1549 1487 1619 1544 [leus
1631 1497 1738 1544 creator
1746 1497 1798 1556 est,
1816 1503 1869 1543 non
1884 1488 1992 1559 Pagani.
2008 1488 2106 1544 Annon
2120 1498 2147 1544 tu
2160 1491 2217 1561 ipse

1423 1577 1494 1633 inter
1507 1587 1604 1635 caetera
1618 1579 1698 1634 etiam
1712 1579 1762 1634 ista
1773 1579 1852 1635 rerba
1873 1594 1932 1635 mea
1945 1579 2069 1651 posuisti,
2085 1580 2131 1635 ubi
2143 1580 2215 1636 dixi:

1427 1687 1437 1721 ι
1452 1670 1545 1725 intima
1565 1670 1637 1725 cnitn
1652 1680 1679 1726 et
1696 1685 1793 1742 corpus
1806 1681 1834 1726 et
1845 1686 2019 1741 proauumque
2032 1672 2103 1728 bona
2120 1673 2217 1729 animae

1423 1760 1582 1829 etcorporis
1600 1760 1757 1817 naturaliter
1776 1761 1866 1830 insita,
1889 1763 1968 1818 etiam
1987 1764 2014 1819 in
2034 1763 2219 1834 peecatoribm

1424 1848 1495 1904 dttna
1509 1850 1556 1905 lici
1571 1859 1650 1917 sunt;
1665 1852 1790 1922 quoniam
1802 1854 1881 1919 Deus,
1894 1869 1947 1908 non
1960 1853 2008 1925 ipsi
2022 1854 2072 1909 ista
2082 1852 2217 1909 iecerunt:

1423 1939 1458 1995 de
1470 1941 1511 1995 bis
1525 1950 1613 1996 annm
1626 1958 1686 2013 qute
1698 1944 1798 1999 iaciunt
1809 1943 1910 1999 dictum
1923 1953 1974 2009 cst,
1995 1944 2076 1998 Onure
2088 1944 2158 2016 quod
2170 1962 2219 1999 ιιοιι

1421 2041 1460 2084 cat
1471 2048 1501 2085 es
1512 2033 1571 2099 fide,
1587 2042 1715 2104 peccatum
1728 2046 1764 2088 ιιι
1776 2052 1786 2086 ι
1800 2032 1852 2105 (De
1863 2032 1971 2105 Nuptiis
1989 2044 2013 2088 et
2033 2033 2219 2106 Concupisces·

1424 2122 1469 2185 tia,
1481 2121 1525 2176 ttt.
1537 2123 1563 2185 l,
1573 2140 1600 2177 n.
1611 2124 1657 2194 il?
1666 2124 1920 2191 llarrcbrerem,scd
1929 2126 2020 2195 utique
2029 2136 2151 2196 apertam
2159 2143 2219 2182 sen·

1424 2213 1533 2267 tentiam
1548 2229 1635 2269 meam
1650 2214 1673 2268 si
1687 2223 1776 2270 mente
1787 2216 1927 2280 tenuisses,
1940 2224 2004 2286 puto
2013 2215 2086 2287 quod
2100 2225 2155 2272 tam
2171 2217 2219 2273 iot·

1424 2304 1523 2375 probus
1532 2321 1584 2360 non
1595 2305 1701 2376 luisses,
1712 2316 1742 2363 ut
1752 2323 1800 2363 nos
1815 2324 1894 2379 posse
1903 2309 1992 2366 dicere
2002 2325 2147 2378 assereres,
2159 2312 2218 2382 qa‘u

1427 2414 1438 2450 ι
1452 2411 1553 2468 corpus
1567 2398 1730 2470 Paganorum
1744 2414 1843 2471 corpus
1855 2415 1907 2456 non
1920 2402 1966 2467 sit,
1978 2410 2007 2455 et
2019 2401 2091 2457 oculi
2103 2401 2219 2474 Pagone

1420 2504 1486 2546 ,rum
1499 2503 1607 2545 sensum
1622 2505 1675 2546 non
1690 2490 1807 2547 babeant
1820 2491 1939 2548 intuendi
1950 2532 1958 2559 ,
1968 2508 1996 2553 pt
2009 2492 2144 2549 tramenta
2162 2508 2219 2563 qtae

1424 2578 1452 2634 in
1465 2578 1632 2650 Paganorum
1652 2591 1799 2637 nascuntur
1810 2582 1898 2653 agris,
1915 2580 2046 2637 frumenta
2060 2598 2114 2637 non
2128 2584 2191 2637 sint.
2207 2601 2216 2635 ι

1426 2668 1539 2725 literato
1554 2670 1601 2724 tibi
1616 2680 1740 2741 tanquam
1753 2671 1787 2728 de
1800 2686 1894 2728 somno
1906 2675 2023 2729 excitato
2033 2672 2129 2729 eadem
2140 2673 2218 2729 rerba

1424 2774 1484 2816 mea
1496 2769 1632 2830 repetam,
1645 2777 1705 2832 quae
1717 2769 1770 2818 tuos
1782 2764 1918 2820 memorie
1931 2762 2054 2819 fortassis
2067 2773 2098 2820 ut
2112 2764 2170 2820 bec
2179 2765 2218 2820 di·

1424 2865 1501 2907 ceres
1523 2851 1693 2919 exciderunt,
1711 2872 1720 2907 t
1735 2854 1799 2910 llaec
1817 2854 1899 2910 etiam
1914 2855 1940 2909 in
1953 2855 2139 2925 peccatoribus
2151 2854 2218 2910 dona

1426 2942 1473 2998 liei
1487 2951 1566 3009 sunt;
1580 2944 1705 3015 qnoniam
1721 2945 1800 3011 licus,
1817 2960 1870 3001 nnn
1894 2945 1944 3015 ipsi
1962 2946 2011 3000 ista
2026 2945 2171 3002 lecerunt:
2186 2946 2220 3002 de

1427 3031 1569 3087 bisantem
1582 3048 1642 3103 quse
1655 3031 1757 3089 iaciunt
1767 3033 1867 3090 dictum
1883 3044 1934 3101 est,
1948 3034 2030 3090 Omne
2040 3034 2110 3105 qaod
2122 3045 2220 3092 nonest

1424 3138 1458 3178 es
1470 3122 1531 3192 pide,
1546 3133 1676 3193 peccarunt
1692 3134 1737 3179 ert.
1754 3143 1764 3177 ι
1779 3124 1831 3181 Sed
1846 3141 1906 3180 eum
1918 3126 2009 3180 insana
2022 3124 2090 3181 dicis
2101 3135 2129 3182 et
2140 3127 2218 3190 rides,

1425 3213 1582 3284 phrenetico
1596 3228 1626 3269 cs
1639 3215 1735 3269 similis
1751 3234 1759 3271 :
1773 3231 1832 3270 com
1847 3225 1936 3271 autem
1950 3233 2010 3272 cera
2025 3231 2086 3287 quae
2100 3217 2160 3273 dico
2173 3216 2221 3271 abs

1426 3313 1452 3360 tc
1469 3306 1548 3375 paulo
1561 3315 1624 3361 ante
1636 3317 1861 3373 commemorata,
1876 3318 1904 3363 et
1924 3310 1985 3365 buic
2006 3310 2057 3379 ipsi
2080 3312 2155 3380 operi
2175 3319 2220 3366 tuo

1425 3410 1479 3465 quo
1489 3395 1553 3451 mibi
1567 3398 1730 3467 respondere
1744 3399 1841 3455 rideris
1854 3399 1963 3465 inserta,
1976 3401 2015 3457 sic
2028 3417 2082 3457 non
2095 3403 2220 3469 attendis,

1425 3488 1465 3543 sic
1478 3487 1659 3555 oblivisceris;
1674 3505 1727 3546 non
1738 3490 1794 3562 jam
1807 3491 1988 3563 phreneticis,
1999 3494 2048 3551 sed
2067 3495 2221 3569 lethargicis

1425 3578 1596 3646 compararis.

1460 3665 1505 3723 ss.
1532 3686 1542 3720 ι
1560 3667 1648 3724 ilirari
1667 3679 1694 3726 te
1714 3689 1723 3723 ι
1745 3670 1833 3742 dieis,
1856 3692 1866 3726 ι
1884 3675 1955 3745 qood
1977 3678 2218 3742 coexsulem.»

1425 3775 1514 3815 meum
1528 3761 1661 3829 videlicet,
1674 3764 1743 3820 sicut
1755 3765 1897 3822 irridenter
1915 3767 2044 3838 loqueris,
2061 3787 2072 3823 ι
2089 3786 2143 3826 non
2157 3772 2221 3827 ridit

1425 3851 1570 3922 ingenium,
1585 3862 1711 3924 quantum
1727 3870 1773 3911 ros
1786 3857 1812 3911 in
1829 3857 1880 3912 boe
1893 3873 2000 3929 quoque
2018 3860 2145 3930 juverim.
2159 3863 2220 3932 quia

1425 3941 1490 4007 diri,
1504 3943 1569 3998 tiliis
1581 3946 1756 4014 peceatisalia
1771 3938 1877 4017 pec'com
1890 3949 2042 4003 vincuntur.
2060 3969 2070 4002 ι
2088 3950 2220 4006 Continuo

1424 4033 1523 4103 quippe
1535 4033 1647 4089 subditis
1656 4044 1735 4105 atque
1744 4035 1902 4092 concluditis
1912 4037 2048 4094 dieentes:
2061 4057 2071 4091 ι
2090 4040 2221 4098 Periaeilo

1426 4122 1506 4193 igitur
1524 4124 1611 4180 studio
1633 4126 1789 4192 sanctitatis,
1811 4127 1881 4198 quod
1905 4129 1975 4184 bens
1998 4130 2118 4201 adimat,
2133 4142 2220 4203 potest

1425 4211 1506 4271 ltomo
1519 4230 1611 4271 carere
1633 4218 1758 4286 peccatis.
1775 4218 1801 4273 Si
1824 4220 1895 4274 enirn
1909 4219 2061 4290 uincuntur,
2082 4240 2092 4274 ι
2111 4224 2218 4294 inquis,

1428 4322 1439 4358 ι
1466 4314 1572 4375 peccata
1594 4307 1727 4377 peccatis,
1751 4316 1851 4378 quanto
1874 4312 1959 4380 magis
1979 4323 2094 4381 possunt
2113 4314 2219 4369 rirtoti·

1425 4393 1476 4451 bus
1495 4403 1602 4465 peccata
1625 4398 1769 4466 superarit
1789 4418 1798 4451 ι
1815 4400 1895 4468 Quasi
1918 4415 1967 4458 nos
1987 4417 2127 4472 negemus,
2144 4403 2219 4475 adju·

1425 4487 1522 4543 lorium
1539 4487 1584 4543 bet
1607 4497 1707 4543 tantum
1723 4489 1822 4553 valere,
1847 4490 1869 4545 si
1894 4492 1958 4547 velit
1979 4501 2009 4547 ut
2029 4492 2112 4549 laodic
2135 4494 2220 4550 nullas

1426 4579 1653 4650 concupiscentias
1667 4581 1750 4636 malas
1769 4570 1868 4638 babere
1883 4583 2027 4653 possimus,
2043 4594 2140 4640 contra
2154 4600 2219 4657 quas

1426 4669 1469 4723 rel
1482 4668 1654 4725 invictissime
1676 4669 1833 4727 dimicemus
1847 4690 1853 4725 :
1868 4682 1895 4727 ct
1917 4682 2005 4729 tamen
2021 4689 2075 4729 non
2088 4675 2159 4741 lieri,
2172 4693 2218 4733 nec

1427 4767 1456 4815 tu
1476 4774 1567 4831 negas.
1589 4760 1642 4815 Cur
1656 4770 1745 4816 autem
1764 4776 1815 4816 non
1829 4762 1885 4830 liat,
1900 4763 1960 4834 quis
1973 4768 2100 4835 cognorit
2111 4762 2216 4823 set'rsmn

1426 4851 1533 4907 Domini
1547 4850 1635 4924 (bont.
1655 4869 1692 4918 rr,
1713 4852 1779 4926 dlii
1793 4853 1851 4910 Non
1864 4864 1952 4910 tamen
1967 4870 2062 4926 parum
2077 4857 2146 4925 scio,
2160 4873 2216 4912 euru

1427 4943 1493 5009 scie,
1509 4958 1682 5013 quaecumque
1703 4944 1747 4998 illa
1767 4959 1847 5000 causa
1869 4947 1913 5010 sit,
1936 4946 2007 5015 quod
2023 4962 2075 5003 nec
2093 4947 2217 5018 josaba·

1426 5031 1462 5088 sit
1475 5033 1610 5103 iniquitas,
1625 5049 1675 5089 aee
1693 5035 1882 5105 omnipotentis
1901 5037 2053 5092 infirmitas.
2073 5039 2123 5093 Est
2144 5038 2218 5110 igitur

1427 5124 1525 5195 aliquid
1545 5126 1570 5180 in
1586 5126 1643 5195 cios
1661 5126 1751 5183 abdito
1764 5127 1871 5198 altoque
1891 5128 2015 5191 cotrsilio,
2030 5143 2081 5185 cur
2094 5131 2218 5200 quamdiu

1427 5217 1540 5271 ririrntts
1561 5217 1587 5271 in
1609 5216 1659 5272 itae
1678 5232 1759 5272 carne
1779 5218 1901 5287 mortali,
1923 5228 1964 5274 est
1984 5220 2010 5274 itt
2031 5221 2111 5276 nobis
2129 5232 2218 5276 cotnra

1428 5306 1498 5375 quoti
1520 5323 1595 5360 ututts
1611 5306 1720 5362 dimicet
1737 5317 1826 5363 nostro
1846 5326 1853 5362 ι
1871 5317 1912 5364 est
1930 5311 2010 5365 etiarn
2027 5311 2220 5382 propterquod

1428 5396 1566 5459 dieanttts,
1588 5396 1692 5452 llintitte
1709 5399 1780 5454 nobis
1791 5400 1873 5454 debito
1885 5411 1972 5454 nostru
1985 5400 2092 5471 (iinttb.
2106 5420 2152 5471 rt,
2166 5404 2220 5473 ¹2).

1429 5487 1482 5542 Sed
1497 5498 1525 5541 ut
1539 5487 1585 5542 tibi
1597 5491 1636 5544 sic
1648 5490 1741 5559 loquar
1757 5502 1880 5561 tanquam
1894 5492 1992 5548 bomini
2006 5494 2106 5561 bomo,
2122 5505 2150 5549 et
2166 5496 2222 5549 talis

1428 5581 1509 5634 ltrnno
1536 5581 1611 5650 euius
1639 5591 1743 5638 terrena
1775 5583 1931 5640 inhabitatio
1957 5585 2081 5655 deprimit
2114 5602 2222 5644 sensuro

1428 5672 1510 5724 malta
1523 5674 1683 5741 cogitantem
1697 5673 1773 5744 (Sap.
1786 5689 1829 5739 tx,
1845 5676 1901 5743 lb),
1916 5675 1980 5730 nibil
1991 5685 2032 5731 est
2045 5678 2069 5731 in
2080 5681 2221 5746 creatoris,

1427 5761 1497 5831 quod
1511 5762 1605 5817 attinet
1618 5763 1651 5818 ad
1667 5764 1845 5819 institutarum
1860 5765 1987 5821 divinitus
2001 5770 2098 5822 merita
2115 5783 2222 5825 namra-

1427 5870 1504 5920 rurn,
1528 5855 1649 5908 rationali
1672 5867 1762 5911 mente
1784 5857 1961 5926 praestantius.
1985 5858 2061 5916 Unde
2080 5860 2110 5915 itt
2129 5877 2222 5918 conse·

1427 5960 1512 6013 quens
1528 5954 1555 5997 ot
1570 5960 1645 5999 mens
1660 5947 1728 6001 bona
1743 5949 1825 6017 magis
1839 5950 1888 6004 sibi
1904 5950 2025 6019 placcat,
2040 5953 2181 6023 magisque
2195 5968 2223 6006 se

1428 6037 1484 6103 ipsa
1507 6033 1637 6102 delectet,
1661 6053 1739 6108 quarn
1764 6039 1889 6108 quotibet
1911 6040 1962 6094 alia
1982 6051 2117 6096 ereatura.
2137 6043 2222 6113 Qaatn

1428 6143 1491 6184 turo
1504 6130 1671 6200 periculose,
1687 6131 1739 6185 ime
1749 6133 1898 6202 perniciose
1911 6133 1960 6188 sibi
1975 6134 2089 6202 placeat,
2104 6150 2166 6189 com
2179 6150 2224 6205 per

1428 6222 1479 6275 boc
1501 6223 1626 6279 tumescit
1648 6223 1729 6296 typbo
1748 6235 1774 6280 et
1794 6227 1887 6281 rnorlto
1907 6225 2052 6282 inflationis
2066 6228 2223 6296 extollitur,

1430 6313 1555 6385 quatttdin
1578 6332 1629 6370 nun
1648 6315 1719 6373 ridet
1735 6315 1799 6373 sicut
1818 6316 1914 6374 ridebit
1929 6317 1955 6373 iu
1971 6318 2024 6376 linc
2039 6335 2176 6378 sumtuum
2190 6320 2224 6376 tl·
