5592 7350
542 931 578 986 m
826 896 834 914 ’
1278 916 1471 972 tartesus.
2154 922 2211 984 aa·

543 1059 639 1103 serso
655 1044 792 1105 natura,
816 1036 851 1095 in
866 1049 957 1113 quom
967 1046 1028 1111 per
1037 1036 1196 1109 pececlttm
1218 1025 1324 1107 lapsus
1339 1028 1455 1097 Adam,
1473 1037 1594 1090 netrrrce
1608 1050 1682 1098 aeos
1697 1034 1775 1093 ertio
1792 1036 1942 1099 rnolorroa
1959 1038 2097 1099 ornatum
2112 1059 2190 1100 exo·-

542 1141 612 1183 men
625 1122 701 1181 inse
722 1116 904 1194 susceperit.
920 1110 1031 1185 Quinti
1047 1111 1141 1187 latins
1157 1109 1289 1186 capituli
1306 1109 1501 1169 calumniam
1518 1109 1628 1185 ipsene
1642 1112 1830 1174 Theodorus
1851 1117 1973 1193 primus
1989 1127 2188 1180 commentus

544 1201 656 1267 licerit,
679 1197 764 1259 haud
779 1194 872 1256 lacile
889 1190 1067 1251 dixerimus
1085 1208 1093 1248 r
1114 1204 1184 1250 earrr
1211 1188 1413 1267 Augustinus
1428 1206 1500 1249 cum
1520 1194 1630 1267 postea
1652 1191 1795 1253 audisset
1820 1195 2009 1275 Pelagianos
2029 1198 2190 1260 intentare

544 1277 734 1347 Catholicis,
760 1275 801 1335 ab
818 1274 867 1333 his
883 1268 1103 1349 depellendam
1119 1267 1259 1345 suscepit
1273 1284 1370 1345 opere
1386 1267 1426 1327 dc
1442 1268 1615 1345 b'uptiisct
1636 1269 1914 1349 Concupiscentia.
1934 1277 2075 1337 Alteram
2091 1278 2190 1338 simi-

544 1361 619 1421 liter
632 1356 739 1435 quarti
756 1352 888 1431 capituli
907 1368 971 1410 non
989 1349 1087 1410 semel
1105 1348 1136 1431 in
1152 1347 1218 1407 suis
1232 1351 1343 1408 contra
1359 1346 1523 1407 lulianum
1540 1347 1630 1406 libris
1644 1348 1767 1410 diluere
1789 1356 1973 1430 compulsus
1992 1361 2040 1416 est
2054 1357 2062 1435 (
2076 1357 2187 1438 Infra,

546 1448 656 1501 ceretro
669 1436 855 1500 Iulianum,
874 1429 927 1492 lib.
944 1427 979 1501 5,
995 1447 1027 1488 n.
1040 1427 1075 1487 51
1089 1448 1096 1496 ;
1112 1427 1224 1507 Operis
1238 1427 1358 1506 imperf.
1374 1435 1486 1486 contro
1502 1426 1636 1486 errordem
1650 1426 1705 1487 lib.
1722 1427 1758 1499 h,
1779 1449 1868 1510 capp.
1886 1434 1925 1492 76
1937 1479 1945 1504 ,
1959 1435 1997 1493 87
2008 1436 2029 1513 ),
2058 1437 2190 1513 Aliquot

545 1538 583 1579 ex
598 1516 665 1577 istis
676 1511 837 1575 'lheodori
857 1510 946 1570 libris
964 1514 1116 1584 excerpta
1132 1525 1204 1566 cum
1221 1504 1349 1569 alierret
1359 1506 1529 1574 llercator,
1542 1506 1602 1565 hoc
1613 1507 1708 1568 titulo
1719 1510 1856 1584 primum
1870 1516 2059 1589 praenotavit
2070 1534 2077 1573 z
2090 1516 2189 1575 Tlccc.

545 1598 617 1657 dori
629 1590 843 1673 diopraestcni
858 1586 1042 1667 episcopide
1056 1585 1190 1645 sccrmdo
1216 1584 1320 1645 codice
1335 1583 1411 1645 libri
1424 1585 1547 1663 quarti,
1563 1587 1642 1664 solio
1663 1587 1799 1655 decimo.
1825 1600 1935 1651 contro
1956 1603 2097 1653 sanctum
2117 1597 2189 1655 Aa.
2236 1630 2241 1637 .

546 1676 702 1754 pristinum
719 1670 930 1751 defendentem
943 1666 1098 1744 originale
1108 1674 1269 1743 peccatum
1281 1709 1288 1730 ,
1302 1672 1329 1722 et
1347 1663 1446 1724 Adam
1459 1680 1517 1742 per
1531 1667 1807 1743 transgressionem
1821 1670 1980 1731 mortalem
1995 1676 2112 1754 (creterra
2135 1692 2189 1734 co-

548 1755 657 1814 tholice
672 1751 880 1812 disserentem.
1590 1752 1597 1761 “

585 1831 675 1893 llaud
688 1829 788 1890 multo
806 1832 877 1905 post
894 1824 1055 1903 vulgatam
1068 1822 1180 1904 synodi
1194 1821 1423 1899 Diospolitanoe
1435 1821 1551 1882 iamam
1563 1841 1635 1883 euni
1653 1824 1853 1916 Augustinus
1868 1847 2048 1890 sermonem
2062 1830 2175 1892 habuit

548 1913 636 1989 eujus
652 1911 687 1970 in
704 1909 903 1986 fragmento,
920 1902 1005 1980 quod
1020 1904 1196 1962 etiamnum
1211 1905 1374 1978 superest,
1390 1901 1429 1960 de
1443 1902 1560 1979 Pelagii
1577 1904 1782 1964 absolutione
1797 1906 1923 1967 disserit
1937 1909 1968 1968 in
1984 1911 2050 1970 haee
2065 1914 2162 1972 verba
2178 1954 2185 1968 .

546 1992 638 2051 illum
654 2006 743 2048 neme
760 1986 844 2047 (licat
861 1982 1035 2044 absolutum
1051 2000 1112 2040 esse
1127 1980 1163 2040 ab
1179 1980 1333 2061 episcopis
1347 2000 1357 2038 .·
1371 1978 1513 2040 absolata
1527 1990 1588 2048 est,
1604 1981 1657 2041 scd
1667 1985 1819 2064 cortsessio
1832 2032 1838 2053 ,
1853 1988 1944 2066 quasi
1956 1990 2107 2049 correctio
2121 1990 2187 2069 ipsa

548 2068 755 2128 crudentate.
770 2065 975 2141 Quieeaqme
990 2061 1073 2121 discit
1089 2070 1161 2119 arcte
1180 2060 1359 2138 episcopos,
1387 2058 1539 2119 catholica
1558 2059 1745 2121 videbantur
1764 2084 1774 2123 .·
1797 2082 1864 2143 qtae
1882 2074 1984 2125 autem
2006 2069 2133 2146 scripsit
2155 2070 2190 2131 in

546 2147 634 2208 atra
646 2145 731 2217 seris,
743 2143 881 2223 episcopi
897 2142 952 2221 qui
961 2138 1373 2206 absoluerunt,nescierunt
1384 2159 1394 2206 ,-
1406 2146 1433 2196 et
1446 2140 1583 2218 forsitan
1606 2150 1764 2200 correctus
1779 2151 1832 2202 est.
1855 2146 2026 2224 Desperare
2050 2147 2130 2207 sitim
2151 2149 2187 2210 ris

547 2226 664 2287 iserniae
677 2241 741 2285 non
757 2222 912 2294 debemus,
928 2220 981 2299 qni
990 2220 1072 2299 (erte
1086 2217 1159 2299 fidei
1172 2216 1332 2279 catholice
1344 2217 1477 2296 adjungi
1491 2236 1521 2274 sc
1535 2219 1659 2285 rnerluit.
1676 2229 1703 2279 et
1718 2221 1758 2281 od
1772 2220 1838 2299 ejus
1855 2225 1990 2301 pretione
2010 2226 2191 2287 ‹rusilium-

546 2325 600 2384 que
612 2304 757 2384 consopit
773 2304 876 2381 rsortc
890 2300 948 2360 bec
962 2298 1152 2378 (rectumsitc
1169 2305 1268 2355 tritten
1284 2314 1348 2356 non
1361 2295 1485 2356 barecis
1504 2304 1547 2356 cst
1565 2296 1726 2367 absolute,
1746 2302 1798 2361 secl
1813 2302 1901 2362 bomo
1915 2303 2052 2366 ledrrsim
2069 2324 2205 2383 nepaes,

547 2386 750 2461 (Sermonem
765 2382 971 2458 Fragmenta,
983 2379 1094 2456 (rapm.
1112 2377 1127 2435 1
1143 2423 1149 2443 ,
1165 2394 1198 2434 n.
1218 2373 1254 2447 5,
1274 2375 1307 2436 in
1320 2384 1402 2435 terne
1421 2375 1463 2453 5).
1478 2376 1525 2434 Ex
1539 2378 1657 2452 quihus
1675 2379 1779 2438 serbis
1803 2386 1853 2442 sat
1869 2383 2038 2444 manifesto
2060 2401 2188 2462 eogno-

546 2466 656 2533 scitur‚
671 2478 776 2538 neque
788 2457 968 2537 Augustino
979 2457 1064 2517 risos
1078 2455 1183 2515 adhuc
1195 2472 1265 2514 esse
1278 2453 1377 2515 libros
1395 2454 1483 2513 illins
1499 2455 1537 2514 de
1552 2455 1654 2515 libero
1668 2459 1813 2531 arbitrio,
1832 2478 1936 2538 neque
1961 2479 1979 2524 a
2002 2455 2129 2524 Zosirno
2153 2466 2187 2525 in

545 2542 680 2615 gratiam
695 2542 761 2600 sive
780 2539 812 2598 in
826 2535 1125 2597 condemnationem
1140 2532 1280 2611 eJ'usdem
1302 2533 1420 2613 Pelagii
1438 2534 1609 2611 scriptum;
1622 2536 1778 2612 quinimo
1792 2557 1849 2600 nec
1864 2543 1905 2600 ab
1917 2542 1987 2621 ipso
1998 2544 2187 2605 transcensio

546 2623 603 2681 hac
617 2620 656 2681 de
669 2638 705 2680 re
719 2618 895 2696 quidquam
911 2614 1166 2692 pronuntiatum.

584 2701 700 2761 Narrat
713 2702 843 2757 sanctus
861 2695 979 2754 Ductor
992 2691 1102 2752 codem
1116 2691 1205 2764 loeo,
1223 2690 1411 2763 Urbanum,
1429 2692 1484 2770 qui
1501 2694 1744 2774 expresbytero
1764 2697 1907 2759 ecclesiae
1930 2698 2037 2769 illins,
2062 2703 2095 2761 in
2121 2720 2187 2778 qua
2231 2757 2243 2775 .

545 2784 610 2837 tum
627 2780 697 2855 ipsc
712 2777 809 2837 verba
826 2773 979 2843 iaciebat,
994 2770 1129 2831 tortasse
1152 2771 1389 2848 Hipponensis,
1414 2771 1611 2831 Siccensium
1634 2780 1840 2836 consecratus
1866 2777 1969 2838 ltrecrat
1993 2782 2185 2857 episcopus,

546 2860 652 2917 trasna
664 2873 737 2918 cum
753 2853 925 2931 Pelagiano
938 2850 1078 2928 quedam
1093 2849 1292 2928 disputassc;
1309 2867 1447 2927 euinque
1463 2850 1553 2909 illum
1568 2851 1598 2911 ri
1612 2850 1779 2913 dominicae
1793 2857 1950 2917 orationis
1963 2865 2111 2936 urgeret,
2127 2877 2186 2921 cros

544 2937 609 2996 ileo
626 2954 666 2995 ne
682 2952 741 2994 nos
755 2933 788 2993 in
803 2930 1010 2992 tentationem
1027 2929 1158 3001 inierat,
1174 2930 1336 2990 incassum
1346 2930 1530 3007 supplicare
1539 2928 1764 2992 demonstrans
1778 2977 1785 3002 ,
1802 2936 1828 2992 si
1844 2935 1973 3010 quidem
1985 2938 2016 2997 in
2030 2944 2187 3014 potestate

543 3018 585 3073 sit
601 3021 714 3075 nostra
729 3029 793 3071 non
813 3027 963 3089 peecare,
980 3013 1010 3068 el
1025 3025 1136 3067 oerrnes
1155 3013 1359 3086 peccatorum
1374 3010 1566 3070 tentationes
1579 3009 1656 3069 solis
1672 3009 1847 3072 voluntatis
1865 3019 1981 3075 nostrae
1996 3017 2116 3078 viribus
2133 3035 2185 3079 su·

542 3110 675 3172 (serare3
695 3090 898 3168 respondisse
914 3088 953 3148 ad
968 3088 1028 3147 hoc
1041 3087 1246 3165 Pelagianum
1261 3106 1268 3145 :
1283 3087 1440 3165 Eopamns
1455 3089 1552 3147 Deam
1574 3106 1612 3148 ne
1634 3105 1692 3146 nos
1712 3090 1827 3170 inserat
1853 3093 1886 3152 in
1909 3096 2127 3164 tentationem,
2149 3115 2187 3156 as

541 3170 665 3252 aliquid
678 3170 754 3231 moli
766 3169 934 3248 potiamur,
947 3165 1030 3245 qood
1046 3182 1110 3226 aon
1122 3165 1264 3226 habentus
1278 3164 1544 3303 inpotestotesne
1556 3184 1645 3226 mora
1658 3168 1779 3247 deeque
1793 3217 1801 3240 ,
1817 3179 1844 3230 et
1862 3190 1899 3231 ne
1913 3175 2056 3252 (serapam
2067 3176 2185 3253 pedani,

544 3271 581 3311 nc
592 3254 676 3313 tetro
687 3269 733 3309 me
744 3247 925 3327 interficiat,
940 3255 967 3306 et
978 3246 1005 3306 si
1016 3245 1092 3325 qnid
1104 3244 1292 3325 hujusmodi.
1306 3245 1323 3304 l
1341 3263 1383 3305 oc
1394 3245 1473 3305 enirn
1487 3262 1551 3304 non
1563 3244 1657 3306 habco
1673 3247 1707 3306 in
1718 3256 1870 3326 potestate
1883 3271 1892 3311 .·
1906 3271 1976 3311 reeta
1987 3254 2110 3315 sincere
2121 3264 2188 3315 ten-

545 3330 679 3391 tationes
689 3336 890 3408 peccatorum
904 3342 1055 3392 incertam,
1072 3326 1101 3388 si
1113 3326 1205 3395 eolo,
1225 3331 1253 3383 et
1263 3342 1409 3403 pessum,
1425 3342 1479 3383 nec
1496 3324 1553 3384 net
1564 3324 1726 3403 adjutorio
1740 3344 1867 3404 pessum
1887 3330 2004 3410 (ibid,
2019 3351 2051 3392 n.
2067 3334 2115 3410 1).
2131 3334 2192 3398 Pa-

544 3408 838 3486 teturAugustinus
848 3406 907 3467 hoc
918 3404 1062 3482 responsi
1073 3402 1307 3465 horroremsihi
1320 3419 1383 3462 non
1394 3403 1585 3464 mediocrem
1597 3404 1781 3481 incussisse,
1792 3407 1831 3466 ad
1842 3417 1922 3485 qua's
1931 3410 2026 3471 etiam
2035 3411 2188 3493 Pelagia-

545 3506 605 3549 nas
623 3505 718 3549 uoces
735 3503 800 3546 non
815 3485 920 3544 mitms
936 3484 1090 3545 universa
1105 3483 1217 3543 concio
1234 3482 1407 3542 inhorruit.

545 3565 618 3626 Xll.
640 3565 830 3643 Hieronymi
839 3562 1025 3642 scriptiones
1042 3562 1162 3642 aliquot
1177 3559 1214 3621 ab
1230 3560 1344 3621 Oresio
1362 3562 1396 3622 in
1410 3560 1547 3640 Africam
1559 3560 1746 3642 afferuntur,
1763 3582 1799 3625 oc
1813 3566 1904 3627 simul
1924 3568 2055 3630 llcrotis
2069 3578 2098 3631 et
2118 3572 2186 3632 La-

585 3646 655 3707 :ari
668 3645 783 3706 littero
798 3642 835 3703 dc
857 3661 949 3703 consa
962 3641 1096 3722 Pelagii.
1113 3639 1370 3720 carthaginensis
1392 3640 1530 3720 synodos
1547 3641 1735 3702 innocentio
1757 3654 1867 3706 centra
1882 3646 2079 3728 Pelopicnmn
2093 3649 2188 3711 ltere·

588 3726 644 3786 sira
657 3722 780 3786 scribit.
796 3722 882 3782 idem
902 3729 1034 3812 prestet
1052 3721 1250 3783 Mileeitena.
1268 3718 1392 3780 Idcrnet
1413 3720 1547 3801 quinque
1565 3721 1756 3800 conjunctim
1778 3727 1926 3806 episcopi.
1951 3729 1997 3788 De
2016 3730 2187 3809 Anqustini

589 3802 727 3882 epistolis
742 3802 783 3862 od
799 3800 960 3861 Hilarium
975 3809 1002 3860 et
1015 3801 1056 3862 ad
1069 3802 1234 3862 loannem.

587 3883 705 3944 Paulus
721 3880 874 3951 Orosius,
890 3898 987 3957 quem
999 3881 1199 3958 Augustinus
1215 3877 1254 3941 ad
1272 3878 1505 3959 hieronymum
1520 3896 1606 3942 anno
1623 3883 1790 3959 superiore
1803 3885 1953 3959 miserat,
1966 3887 2025 3949 hoc
2036 3892 2184 3966 prasenti

547 3962 678 4023 revertit
692 3961 728 4020 in
743 3958 957 4031 Occidentem,
973 3976 1076 4036 eoque
1092 3958 1215 4036 primus
1231 3958 1513 4035 omniumaliqnas
1527 3959 1680 4039 Stephani
1695 3963 1844 4042 martyris
1859 3967 2012 4043 reliquias
2028 3968 2185 4045 importa-

549 4042 594 4100 rit
609 4039 810 4120 (Marcellin.
823 4038 857 4098 in
870 4036 1011 4116 Cicron.)
1029 4057 1036 4096 :
1054 4053 1126 4117 quas
1143 4054 1239 4116 porro
1252 4055 1318 4115 quo
1331 4043 1489 4116 apparatu
1505 4045 1646 4118 exceptae
1659 4039 1794 4112 tuerint,
1810 4050 1927 4119 quotve
1942 4045 2085 4126 prodigia
2099 4049 2186 4109 Deus

547 4137 662 4180 carum
677 4119 847 4180 occasione
865 4115 1014 4189 ediderit,
1029 4117 1088 4181 iste
1104 4133 1168 4177 non
1185 4116 1317 4177 idoneus
1334 4123 1381 4177 est
1395 4116 1519 4177 dicendi
1533 4117 1635 4179 loeus.
1652 4118 1786 4181 Orosius
1800 4127 1885 4182 certe
1899 4123 1965 4202 jam
1980 4125 2052 4186 inde
2066 4142 2086 4188 a
2100 4127 2185 4188 veris

548 4200 641 4258 initio
656 4216 673 4259 e
688 4197 857 4260 Palaestina
871 4195 1030 4273 protectus
1046 4201 1094 4257 est
1110 4215 1117 4255 :
1132 4194 1394 4273 quandoquidem
1408 4196 1447 4257 ad
1472 4195 1608 4258 reditum
1628 4197 1696 4277 jam
1712 4204 1777 4258 tum
1794 4202 1981 4281 accingebat
1996 4220 2085 4273 sese,
2111 4223 2186 4266 curn

550 4278 633 4339 beati
649 4275 895 4354 Protomartpris
909 4292 981 4336 ossa
998 4280 1116 4336 retecta
1131 4281 1220 4342 sunt;
1239 4279 1328 4335 tanto
1343 4274 1397 4334 illc
1415 4275 1525 4352 patries
1540 4276 1699 4338 desiderio
1714 4277 1884 4339 tenebatur
1904 4280 2003 4356 (Aeiti
2016 4283 2125 4361 Epist.
2145 4281 2188 4346 ad

549 4354 816 4425 Pulcherrima&
830 4354 972 4491 retipriis
982 4353 1016 4415 S.
1031 4353 1191 4433 Stephani,
1209 4354 1242 4414 in
1252 4353 1430 4431 Appendicc
1445 4355 1521 4416 tomi
1536 4355 1591 4434 7i¹
1607 4356 1706 4416 Extra
1722 4356 1854 4417 dubium
1870 4367 1936 4434 est,
1952 4362 2185 4442 Hieronymum

549 4435 662 4497 eodem
685 4434 744 4495 illo
763 4431 872 4514 bajulo
910 4432 1045 4493 irenisse
1067 4431 1105 4493 ad
1122 4433 1338 4510 Augustinum
1359 4433 1527 4509 epistolam
1550 4434 1678 4511 (Epist.
1697 4435 1770 4502 172,
1796 4437 1880 4497 inter
1901 4441 2185 4522 ,techrrstinicnash

550 4531 622 4590 quae
635 4514 682 4576 sic
695 4512 829 4589 incipit:
851 4511 960 4573 Virum
977 4509 1189 4571 honorabilem
1202 4509 1331 4591 [ratem
1350 4529 1463 4577 merem,
1490 4512 1590 4592 filium
1612 4513 1817 4590 Diqnationis
1843 4526 1922 4584 tna.
1942 4518 2091 4581 Orosium
2107 4539 2189 4599 pra·

550 4591 721 4670 clyterum,
735 4591 824 4652 etsui
836 4590 958 4659 merito,
976 4597 1002 4649 el
1019 4587 1322 4670 tcjnbcntesuscepi.
1337 4589 1393 4650 Uhi
1415 4590 1561 4668 quidem,
1578 4579 1664 4668 quod
1676 4593 1744 4670 ejus
1765 4593 1890 4655 duobus
1913 4598 2020 4670 libris,
2035 4600 2187 4660 nimirum

549 4671 588 4738 de
611 4672 744 4743 Anima,
773 4669 877 4748 deque
901 4668 1037 4746 epistola
1064 4669 1196 4741 lacohi,
1227 4685 1290 4727 non
1323 4669 1541 4747 responderit,
1571 4687 1604 4729 se
1634 4678 1811 4748 tenrporum
1827 4673 2010 4736 infelicitate
2026 4682 2185 4739 excusat:

550 4767 691 4827 quonam
720 4754 828 4810 autem
853 4748 946 4808 modo
972 4747 1098 4826 siterga
1122 4747 1227 4824 ipsum
1254 4744 1404 4818 allectus,
1433 4747 1476 4807 ita
1503 4749 1654 4824 exprimit
1673 4750 1781 4808 :Mihi
1801 4760 1916 4820 autem,
1945 4754 2066 4832 inquit,
2083 4756 2189 4818 decre·

551 4838 617 4888 torn
631 4839 658 4888 tc
672 4846 790 4894 arctare,
805 4837 832 4887 te
847 4827 1017 4906 suscipere,
1034 4826 1132 4898 colere
1143 4872 1151 4894 ‚
1164 4825 1275 4886 mirari
1284 4870 1292 4892 ,
1307 4834 1419 4904 tuaque
1432 4826 1617 4906 dictoqucsi
1630 4845 1693 4886 mea
1708 4827 1879 4907 defendere.
1895 4833 1984 4892 Certe
2000 4842 2028 4894 et
2048 4835 2083 4895 in
2102 4836 2190 4897 nta-

550 4908 622 4984 loqo
635 4926 722 4987 quern
732 4923 833 4985 nuper
846 4906 929 4966 edidi
949 4905 1093 4983 (Dialop.
1109 4905 1288 4965 scaceras
1306 4903 1493 4981 Pelopicnos
1506 4906 1534 4980 ),
1554 4914 1614 4964 tace
1633 4906 1860 4975 Ecatitndinis,
1876 4921 1910 4970 ut
1925 4911 2054 4989 dipnnm
2066 4914 2185 4996 (timot,

550 4987 732 5046 recordetur
744 5005 812 5045 sum
824 5005 831 5045 :
843 4985 1114 5075 magisqueelcmus
1128 5001 1251 5062 operam
1263 5030 1270 5050 ‚
1283 4991 1317 5042 nt
1325 4984 1590 5061 perniciosissima
1600 4984 1721 5044 (temesis
1731 4985 1768 5045 de
1780 4987 1914 5050 ecclesiis
1926 4993 2089 5075 cesseratar
2097 5016 2107 5063 ‚·
2122 5013 2189 5077 qcroe

549 5083 666 5144 semper
680 5064 804 5126 sinrulet
818 5064 1045 5142 penitentiam.
1061 5071 1096 5124 at
1107 5061 1239 5123 docendi
1254 5061 1287 5122 in
1300 5062 1435 5124 ecclesiis
1449 5060 1554 5122 herbeot
1569 5063 1765 5144 sacerdotem,-
1779 5083 1817 5125 ne
1828 5067 1856 5126 si
1868 5080 1974 5146 operta
1990 5092 2020 5130 se
2034 5074 2100 5134 lece
2108 5092 2189 5151 pro-

549 5145 686 5208 diderit.
701 5145 787 5238 [oros
803 5142 933 5223 erpulsa
946 5143 1111 5203 neoriotnr.
1130 5140 1298 5218 ltcperitur
1313 5141 1396 5201 haud
1416 5143 1515 5202 multo
1532 5147 1603 5220 post
1619 5143 1734 5204 citatus
1750 5146 1791 5204 ab
1804 5145 1984 5227 Augustino
2001 5150 2051 5213 hic
2064 5152 2189 5215 illedia·

550 5223 643 5300 lngus
659 5222 789 5301 (Epist.
809 5221 881 5289 180,
906 5240 938 5281 n.
955 5220 986 5299 5(
1005 5241 1012 5279 τ
1030 5220 1114 5280 unde
1136 5220 1249 5279 merito
1262 5221 1373 5280 credas
1386 5266 1394 5292 ,
1409 5221 1565 5297 adipsum
1581 5222 1610 5280 id
1625 5222 1730 5299 operis
1744 5225 1785 5283 ab
1799 5224 1914 5287 Oresio
1930 5229 2062 5289 allatum
2076 5231 2186 5294 tuisse.

535 5321 543 5384 2
590 5303 676 5362 ldem
694 5303 815 5362 litteras
832 5301 907 5361 illuc
918 5300 1030 5361 detulit
1045 5300 1085 5361 ab
1096 5299 1214 5361 Herote
1229 5303 1261 5359 et
1273 5300 1409 5367 Lazaro,
1423 5317 1495 5376 quse
1512 5300 1672 5379 Pelagium
1688 5318 1727 5362 ac
1740 5301 1922 5365 Ccelcstium
1937 5310 2108 5387 excogitati
2128 5329 2184 5370 no-

551 5381 623 5442 tarii
641 5380 884 5457 detestandique
906 5378 1063 5459 dogmatis
1092 5378 1299 5456 postulabant
1325 5377 1445 5458 (Epist.
1466 5377 1542 5449 175,
1566 5396 1598 5438 n.
1613 5380 1659 5470 1).
1680 5381 1843 5459 Pelagium
1868 5387 2069 5445 testabantur
2090 5405 2187 5467 agere

549 5459 771 5539 ierosolymis
789 5459 897 5535 ibique
910 5457 1084 5518 nonnullos
1097 5457 1242 5536 decipere
1260 5477 1267 5516 ε
1283 5457 1432 5533 quamvis
1446 5457 1475 5518 ei
1491 5459 1688 5536 sagacissimi
1705 5461 1839 5537 quique,
1852 5480 1871 5523 a
1886 5465 2005 5540 quibus
2022 5465 2090 5543 ejus
2109 5485 2188 5527 sen·
2274 5496 2277 5501 ·

550 5557 608 5600 sus
624 5539 769 5616 intlagari
783 5540 964 5615 potuerant,
981 5553 1018 5597 ac
1037 5536 1176 5597 maxime
1189 5535 1332 5597 omnium
1344 5534 1571 5616 Hieronymus,
1590 5538 1958 5602 sortiterrelurtarentur
1971 5541 2099 5621 (Epist.
2117 5547 2188 5614 tra,

549 5637 572 5678 o
600 5616 645 5695 le).
662 5617 771 5693 Neque
794 5615 935 5694 proiecto
960 5615 1073 5686 iidem,
1090 5618 1125 5675 ul
1137 5614 1281 5693 judicare
1297 5619 1362 5682 cst,
1379 5616 1584 5690 praeteribant
1610 5616 1839 5694 Diospolitanre
1862 5621 1979 5679 sinodi⁴
1991 5622 2158 5684 historiam
2178 5650 2185 5684 ι

549 5715 671 5774 quippe
687 5696 743 5773 qui
762 5695 881 5774 Pelagii
901 5712 1032 5755 causam
1053 5694 1255 5770 apertissime
1281 5693 1479 5753 ventilabant
1504 5693 1634 5772 (Epist.
1651 5694 1726 5763 186,
1746 5715 1779 5756 n.
1796 5700 1846 5776 P).
1871 5682 2008 5759 istorum
2022 5702 2134 5763 littera
2148 5709 2190 5765 ab

549 5775 668 5836 Oresio
678 5774 829 5837 exhibitio
843 5780 917 5837 sunt
931 5772 1174 5836 Proconsularis
1199 5771 1373 5850 prorineioe
1388 5772 1546 5850 episcopis
1564 5772 1573 5854 (
1588 5774 1694 5851 Epist.
1715 5775 1783 5840 175.
1801 5796 1831 5835 a.
1851 5777 1908 5856 1),
1926 5777 1982 5855 qui
1996 5790 2186 5844 consuetam

550 5875 591 5916 ac
602 5854 779 5915 solemnem
798 5853 977 5929 senodum,
995 5851 1128 5912 dirersis
1149 5851 1187 5911 de
1205 5850 1311 5911 causis
1327 5860 1573 5930 congregatam,
1589 5853 1619 5912 id
1643 5855 1793 5930 temporis
1809 5860 1841 5914 in
1865 5857 1935 5933 ipsa
1951 5860 2033 5919 urbo
2047 5860 2181 5923 Cartha·

549 5936 628 6014 gine
643 5932 816 6003 habebant,
841 5932 921 5992 iorte
936 5931 1061 5992 circiter
1080 5949 1222 5992 anensem
1234 5929 1374 6006 junium.
1390 5931 1605 5992 Provinciales
1628 5933 1713 5991 enirn
1736 5934 1849 6013 synodi
1875 5936 2043 6012 sidentur,
2059 5946 2114 6001 aut
2130 5941 2189 6002 herc

548 6013 631 6072 esnni
648 6016 850 6088 tempestate,
867 6016 923 6071 aut
942 6011 1027 6071 cirea
1049 6014 1239 6070 autumnum
1256 6009 1411 6070 celebrari
1437 6027 1493 6087 per
1517 6009 1655 6070 Africam
1671 6011 1783 6073 solitas.
1807 6014 1897 6086 Quod
1914 6035 1992 6079 vero
2011 6020 2051 6080 ad
2066 6037 2188 6081 ananan

550 6092 675 6153 reditus
702 6089 820 6159 Orosii,
848 6090 927 6166 (quin
949 6086 1332 6166 isqnadringentesimus
1355 6087 1496 6148 decimus
1520 6095 1631 6147 sextus
1659 6088 1764 6159 inerit,
1781 6095 1873 6154 nobis
1893 6104 2061 6173 (technam
2082 6101 2188 6162 tileta-

549 6170 736 6232 rircscriem
766 6169 913 6229 dubitare
938 6168 1189 6244 haudquaquam
1216 6167 1299 6227 licet.
1326 6167 1398 6243 ipsa
1421 6168 1516 6226 etiam
1547 6167 1716 6244 responsio
1743 6170 1921 6236 lactorentii
1947 6176 1985 6236 ael
2024 6178 2190 6256 epistolia

549 6255 736 6310 memoratae
749 6248 874 6326 synodi,
892 6265 999 6306 mense
1013 6246 1163 6323 (tertiario
1176 6246 1252 6305 antri
1271 6245 1579 6322 quadringentesimi
1600 6247 1712 6308 decimi
1731 6252 1857 6327 septimi
1880 6256 1952 6318 dara
1986 6263 2115 6326 interius
2137 6269 2191 6325 «ιο.

549 6327 797 6389 monstrabitur.
1997 6331 2003 6339 ·

594 6405 820 6468 Conserteraul
833 6403 871 6465 ad
888 6404 971 6466 hanc
986 6401 1143 6481 systolam
1159 6402 1328 6482 sexaginta
1353 6409 1424 6465 oeta
1439 6403 1598 6485 episcopi,
1612 6427 1757 6486 ipsoram
1770 6412 1924 6473 ammam
1940 6422 2228 6490 qqqqeqqqffiffi
