5592 7350
646 871 699 931 itit)
1111 860 1156 918 DE
1173 857 1307 919 st‘ttttttt
1328 859 1373 917 Et
1393 856 1554 927 bittunt,
1575 856 1604 914 S.
1626 854 1810 915 aucustutt
2231 860 2288 919 wo

642 989 704 1044 dem
721 986 754 1041 ad
768 982 921 1042 Corinthios
941 979 1086 1052 Epistolam
1106 989 1232 1037 tractaret
1245 980 1368 1050 exposuit
1382 975 1433 1051 (ιι),
1488 974 1754 1047 quoshomincsiam
1770 974 1872 1029 ratione
1892 973 1899 1005 ¹
1921 975 2035 1037 utcaatcs,
2058 972 2084 1029 in
2108 971 2162 1033 boe
2184 978 2288 1035 secutio

642 1077 712 1149 quod
727 1075 851 1146 exentpla
864 1075 916 1145 jam
936 1082 1129 1143 praecesserant
1144 1113 1151 1137 ‚
1177 1083 1203 1128 et
1225 1074 1343 1127 virorum
1366 1083 1436 1141 quot
1489 1066 1587 1121 risisse
1600 1065 1642 1120 rei
1655 1065 1745 1119 rivere
1762 1082 1769 1119 a
1790 1064 1935 1135 opuodum
1950 1073 1990 1119 est
2010 1073 2038 1118 ιιι
2053 1067 2097 1120 ilat
2109 1107 2117 1131 ‚
2131 1067 2287 1124 ettoandutu

643 1184 755 1234 uxores,
766 1177 794 1223 ει
808 1166 962 1221 teminorum
974 1178 1040 1235 quas
1055 1164 1143 1218 mariti
1158 1161 1344 1219 lucrifecerant
1358 1160 1436 1216 Citri-

642 1268 701 1325 sto,
717 1267 744 1313 ct
757 1256 927 1328 parvolorum
942 1254 975 1310 ad
989 1269 1055 1325 quos
1068 1254 1203 1309 iaciendos
1215 1253 1374 1308 cbristianos
1388 1266 1435 1306 ro-

643 1348 731 1402 luntas
745 1346 889 1402 christiana
910 1346 990 1401 etiam
1008 1345 1087 1399 unius
1108 1343 1223 1413 parantis
1236 1344 1353 1398 evicerat
1369 1359 1375 1395 :
1390 1348 1436 1397 aut

643 1440 677 1502 si,
689 1437 760 1508 quod
769 1437 852 1509 magis
862 1438 943 1492 verba
957 1436 1076 1507 Apostoli
1085 1435 1208 1490 videntur
1221 1448 1318 1489 sonare
1330 1442 1357 1488 ει
1369 1447 1436 1503 quo-

643 1530 704 1585 dam
720 1528 799 1583 modo
811 1543 917 1600 cogere,
931 1527 1017 1597 aliqua
1032 1527 1085 1581 illic
1097 1523 1268 1595 intcllipeoda
1281 1530 1324 1578 est
1337 1522 1436 1577 saucti-

643 1621 749 1684 licatio,
764 1634 816 1689 qua
831 1616 1065 1673 sanctificabantur
1074 1617 1114 1670 vir
1128 1623 1156 1673 et
1169 1614 1264 1669 mulier
1277 1613 1393 1669 infidelis
1408 1612 1435 1667 in

641 1710 753 1780 cottjttqe
765 1708 846 1775 ltdeli,
858 1717 945 1778 etqua
959 1706 1043 1761 sancti
1057 1704 1234 1760 nascebantur
1244 1702 1291 1757 lilii
1306 1701 1433 1769 tidelium,

642 1802 699 1857 sive
711 1801 772 1872 qnia
787 1801 813 1856 in
831 1808 968 1854 menstruo
988 1812 1084 1853 cruore
1104 1795 1234 1861 mulieris,
1257 1810 1272 1849 a
1292 1792 1435 1849 concubitu

642 1894 805 1959 continebat,
819 1893 979 1963 quicumque
991 1890 1032 1944 vir
1044 1890 1085 1945 vel
1098 1887 1196 1944 lomina
1212 1886 1238 1941 id
1253 1887 1279 1941 io
1292 1885 1352 1957 lego
1364 1885 1435 1940 didi-

642 1996 725 2052 cerat,
741 2001 801 2040 nam
812 1985 863 2040 hoc
874 1982 994 2039 Ezechiel
1007 1982 1075 2036 inter
1086 1981 1129 2036 illa
1140 1987 1270 2051 praecepta
1281 1978 1365 2048 ponit,
1375 1992 1435 2047 quae

642 2075 821 2146 aenigmate
841 2071 993 2143 accipienda
1016 2079 1078 2127 sunt
1097 2070 1204 2141 (unct.
1217 2085 1291 2132 ttvut,
1312 2067 1341 2139 6)
1355 2086 1361 2121 :
1376 2068 1435 2124 sive

643 2177 751 2238 propter
764 2166 843 2219 aliam
857 2162 1023 2235 quamlibet,
1037 2177 1097 2232 quac
1118 2160 1153 2214 ibi
1175 2170 1266 2229 aperte
1281 2160 1366 2231 posita
1381 2174 1435 2213 non

641 2267 693 2323 εει,
705 2272 736 2312 er
753 2257 808 2325 ipsa
823 2254 1018 2310 necessitudine
1031 2252 1213 2323 conjugiorum
1226 2261 1306 2321 atque
1319 2250 1434 2306 liliorum

641 2347 789 2404 sanctitatis
808 2345 996 2417 asperginem:
1015 2343 1078 2398 iliud
1094 2352 1182 2398 tannen
1198 2342 1256 2398 sine
1271 2339 1435 2397 dubitatione

642 2437 785 2493 tenendum
801 2445 860 2500 est,
876 2449 1049 2506 qnmcumqne
1068 2434 1110 2489 illa
1125 2434 1300 2489 sanctificatio
1314 2434 1367 2498 sit,
1381 2449 1435 2488 non

641 2529 730 2583 valere
743 2528 776 2583 ad
790 2527 950 2582 christianos
963 2523 1117 2590 iaciendos,
1132 2534 1211 2595 atque
1232 2524 1264 2578 ad
1278 2524 1435 2579 dimittenda

641 2628 761 2689 peccata,
778 2617 829 2672 nisi
851 2616 997 2671 christiana
1017 2625 1044 2671 ct
1066 2616 1246 2671 ecclesiastica
1269 2615 1435 2672 institutione

641 2706 999 2767 Sacramentis¹eliaciantur
1021 2706 1124 2762 lideies.
1143 2706 1209 2762 Nam
1234 2722 1284 2763 nec
1303 2707 1434 2778 conjuges

641 2801 772 2862 infideles,
788 2800 931 2869 quamlibet
950 2798 1049 2854 sanctis
1068 2797 1187 2879 etin-tis
1208 2798 1364 2869 conjugibus
1379 2797 1435 2854 bae·

640 2899 728 2957 reattt,
744 2890 777 2945 ab
790 2890 929 2961 iniquitate
941 2888 1118 2953 mundantur,
1133 2905 1192 2959 qum.
1205 2903 1219 2942 a
1234 2903 1317 2960 regno
1333 2887 1379 2943 Dei
1392 2903 1436 2945 se-

641 2989 750 3053 paratos
760 2981 786 3034 in
797 2980 991 3035 damnationem
1006 2979 1097 3033 venire
1106 2979 1256 3047 compellit;
1267 2991 1318 3032 nac
1331 2977 1434 3048 parvtdi

642 3074 676 3129 de
690 3072 853 3141 quibuslibet
876 3072 975 3125 sanetis
994 3070 1126 3140 justisque
1142 3070 1284 3140 procreati,
1299 3068 1435 3138 originalis

642 3165 744 3235 peccati
754 3173 830 3219 rcatu
845 3163 1030 3229 absolvantur,
1045 3161 1095 3216 nisi
1110 3161 1136 3216 in
1150 3161 1258 3217 Christo
1271 3159 1371 3216 luerint
1387 3160 1435 3215 ba·

640 3255 732 3324 ptizati
746 3275 753 3321 ·,
768 3269 817 3314 nro
836 3254 932 3321 qoibus
946 3260 1020 3306 tanto
1035 3252 1182 3323 impensius
1196 3252 1267 3322 loqui
1285 3252 1432 3319 debemus,

640 3354 740 3411 quanto
756 3359 803 3413 pro
816 3360 845 3398 se
859 3343 909 3414 ‘pst
922 3344 1009 3398 minus
1023 3351 1142 3412 possunt.

675 3432 789 3491 Cbl‘b'T
805 3432 910 3488 xut-
923 3432 967 3488 ἥ.
991 3427 1126 3506 Epiio'qtts.
1152 3432 1280 3490 Sollicitos
1293 3451 1346 3490 etse
1358 3452 1434 3507 opor·

640 3535 675 3579 tet
699 3535 726 3579 :tt
750 3526 907 3591 baptizentur
927 3527 1046 3594 insontes.
1065 3525 1092 3581 id
1104 3528 1175 3581 enim
1188 3525 1242 3596 agit
1255 3527 1298 3581 illa
1312 3527 1434 3597 disputa·

645 3609 696 3678 tio,
722 3624 815 3670 contra
841 3614 918 3682 cujus
941 3614 1085 3668 novtutem
1116 3616 1223 3686 antiqua
1250 3616 1363 3671 verltme
1390 3614 1434 3670 ni-

641 3703 748 3759 tendum
768 3712 824 3767 est,
840 3714 868 3758 ut
885 3705 996 3760 infantes
1017 3705 1126 3761 omnino
1149 3704 1283 3777 superduc
1305 3707 1441 3776 baptizari

641 3795 788 3849 rideantur.
798 3793 851 3850 Sed
860 3806 952 3865 aperte
961 3794 1074 3851 ltocnon
1083 3795 1189 3863 dicitur,
1202 3812 1235 3852 ne
1244 3807 1298 3852 tam
1311 3799 1433 3855 llrmata'

640 3887 784 3942 salubriter
796 3887 924 3943 Ecclesiae
944 3889 1108 3944 consuetudo
1121 3890 1263 3946 violatores
1282 3905 1346 3946 suos
1361 3891 1433 3949 icrre

641 3995 694 4034 non
715 3981 809 4051 possit.
833 3981 885 4035 Sed
909 3996 930 4035 st
947 3982 1052 4051 pupillis
1071 3996 1149 4051 opcm
1162 3981 1231 4038 lerre
1250 3983 1431 4054 praecipimur,

640 4071 836 4141 quantomagis
852 4087 900 4141 pro
915 4071 973 4126 istis
989 4071 1110 4127 laborare
1124 4072 1271 4141 debemus,
1286 4074 1331 4145 qui
1349 4074 1433 4130 desti·
1452 4069 1454 4073 ’

641 4166 751 4217 tutiores
765 4171 792 4217 ct
814 4163 969 4218 miseriores
983 4162 1091 4234 pupillis
1103 4164 1184 4220 etiam
1206 4165 1257 4220 sub
1277 4166 1432 4236 parentibus

639 4253 834 4319 remanebunt,
851 4254 873 4308 si
885 4257 925 4309 cis
937 4254 1035 4310 Citristi
1054 4256 1140 4326 gratia
1153 4254 1337 4328 denegabitur,
1352 4273 1432 4329 quana

640 4361 689 4415 per
702 4360 732 4401 se
744 4346 754 4377 ⁸
768 4347 817 4415 ipsi
832 4346 950 4417 liapitare
965 4362 1017 4401 non
1028 4347 1161 4418 possunt?

676 4436 722 4493 ιι.
744 4438 807 4493 lllnd
824 4448 911 4492 autem
925 4438 996 4508 quod
1008 4439 1110 4506 dicunt,
1125 4439 1183 4495 sine
1197 4439 1252 4496 ullo
1262 4442 1433 4511 peccatoali·

672 4551 681 4582 ¹
694 4549 761 4609 editi,
772 4556 795 4600 ct
811 4548 977 4602 sacramentis.
989 4550 1152 4614 copulativam
1168 4551 1310 4615 pausatam
1323 4553 1370 4604 hoc
1380 4551 1434 4606 loeo

639 4623 688 4661 non
703 4614 795 4662 balrent
806 4614 971 4676 manuscripti.

672 4676 682 4706 ¹
694 4683 719 4724 tn
731 4684 793 4730 uss..
810 4681 858 4726 ιιιιιι
869 4673 949 4739 [trum.

673 4737 684 4768 ⁸
695 4737 805 4787 ttonrtolii
819 4745 881 4795 uss,
890 4750 934 4802 pro
945 4749 978 4788 se.

1489 1164 1578 1211 estut
1598 1155 1658 1221 liat,
1685 1155 1885 1227 supplicandum
1909 1164 1952 1211 est
1976 1166 2003 1211 ut
2031 1156 2090 1223 dat;
2116 1175 2170 1215 non
2195 1169 2287 1221 tames

1489 1249 1564 1318 quasi
1585 1247 1682 1304 iactum
1703 1247 1782 1303 luerit
1800 1247 1987 1304 confidendum
1998 1251 2019 1303 ⁸.
2035 1248 2093 1306 lloc
2104 1252 2176 1306 enirn
2188 1260 2287 1322 optan-

1490 1339 1561 1394 tibus
1580 1350 1608 1394 ει
1632 1338 1791 1393 conantibus
1817 1347 1844 1393 et
1864 1338 1943 1408 digna
1969 1340 2163 1409 supplicatione
2187 1342 2287 1412 depae*

1488 1428 1621 1496 cantibus,
1644 1428 1772 1499 quidquid
1796 1430 1955 1483 remanserit
1975 1440 2156 1499 peccatorum,
2172 1445 2222 1502 per
2235 1433 2288 1490 boe

1488 1519 1608 1593 quotidie
1631 1521 1754 1589 solvitur,
1778 1521 1848 1592 quod
1872 1521 2005 1577 veraciter
2026 1522 2051 1576 in
2076 1525 2198 1579 oratione
2223 1524 2289 1581 diet-

1490 1626 1549 1665 mus
1561 1609 1592 1664 ⁸:
1607 1610 1713 1664 Diutitte
1733 1610 1805 1665 stolis
1828 1609 1911 1664 debita
1935 1622 2034 1676 nostro,
2054 1612 2119 1667 aictd
2139 1622 2163 1666 et
2182 1629 2230 1668 noa
2247 1614 2290 1669 di·

1488 1703 1610 1758 mittimus
1633 1701 1786 1757 debitoribus
1809 1704 1900 1757 nostris
1921 1701 2037 1777 (natat.
2056 1720 2099 1770 ut,
2117 1705 2151 1760 Η
2162 1702 2183 1779 ).
2200 1706 2288 1775 Quam

1488 1795 1636 1849 oradonem
1654 1794 1775 1864 quisquis
1800 1793 1910 1848 cuilibet
1931 1792 2162 1849 uomtnttsaocto
2188 1806 2217 1850 ει
2238 1796 2287 1852 bct

1488 1884 1651 1940 voluntatem
1664 1884 1758 1939 scienti
1771 1892 1850 1953 atque
1863 1883 1989 1951 iacienti,
2006 1893 2102 1955 prater
2116 1902 2199 1942 unum
2219 1888 2289 1944 &rta-

1488 1981 1560 2027 ctum
1587 1983 1759 2040 sanctorum,
1788 1974 1854 2029 dicit
1880 1974 1907 2029 in
1939 1975 1989 2030 itae
2013 1976 2066 2030 rita
2103 1980 2287 2035 neeessariam

1488 2077 1542 2119 non
1561 2064 1654 2129 luisse,
1670 2063 1781 2118 muitum
1794 2072 1877 2131 errat,
1890 2079 1940 2120 nec
1955 2073 2043 2135 potest
2062 2068 2172 2123 omnino
2183 2068 2221 2123 illi
2236 2068 2287 2139 ipsl

1489 2154 1595 2225 placere
1607 2168 1685 2225 quem
1704 2153 1813 2210 laudat:
1827 2155 2088 2226 siautemseipsnm
2104 2157 2184 2213 talem
2199 2167 2285 2229 putat,

1489 2245 1586 2318 ipsese
1599 2245 1708 2314 decipit,
1722 2257 1750 2300 ει
1759 2246 1857 2301 veritas
1871 2247 1897 2301 in
1912 2261 1946 2302 eo
1961 2261 2013 2302 noo
2027 2256 2069 2302 est
2078 2247 2099 2321 (l
2112 2247 2192 2305 loon.
2206 2266 2226 2313 ι,
2237 2253 2285 2323 8);

1489 2352 1542 2391 nan
1562 2336 1597 2390 ob
1613 2336 1694 2401 aliud,
1712 2336 1762 2391 uisi
1777 2337 1838 2406 quia
1851 2335 1947 2393 laisum
1963 2346 2047 2408 putat.
2066 2338 2144 2395 Novit
2156 2355 2223 2411 crgo
2241 2340 2287 2399 iiie

1488 2429 1618 2496 medicus,
1630 2429 1675 2499 qni
1689 2444 1741 2483 narn
1757 2438 1796 2483 est
1816 2442 1884 2499 opus
1903 2430 1993 2498 sanis,
2010 2431 2057 2487 sed
2074 2433 2285 2502 aegrotantibus.

1488 2521 1714 2596 quemadmodum
1728 2536 1778 2576 nos
1792 2522 1910 2578 curando
1925 2523 2045 2593 perduint
2057 2526 2083 2579 in
2099 2534 2228 2581 :eternam
2238 2540 2285 2581 sa·

1488 2614 1569 2671 intem
1587 2632 1594 2669 :
1609 2614 1695 2684 quiet
1709 2614 1793 2686 ipsam
1804 2625 1929 2684 mortem,
1941 2617 2062 2686 quamvis
2071 2618 2173 2687 peceati
2188 2617 2285 2673 merito

1488 2704 1587 2760 inllicta
1600 2704 1650 2770 sit,
1664 2720 1717 2759 non
1731 2705 1816 2760 aulert
1827 2705 1853 2760 in
1872 2705 1923 2761 boc
1941 2708 2040 2763 saeculo
2052 2706 2091 2763 eis
2110 2708 2209 2778 quibus
2224 2722 2287 2779 pee-

1487 2804 1545 2851 cata
1559 2795 1678 2862 dimittit,
1698 2802 1727 2850 ut
1743 2796 1824 2851 ctiam
1839 2810 1899 2851 curn
1918 2796 1978 2866 ejus
1998 2797 2093 2852 timore
2113 2796 2286 2868 superando·

1487 2887 1633 2956 suscipiant
1647 2900 1695 2956 pro
1710 2885 1771 2940 lidci
1785 2886 1939 2944 sinceritate
1959 2899 2095 2943 certamen
2116 2905 2123 2940 :
2142 2897 2171 2944 et
2183 2889 2210 2943 iu
2222 2888 2287 2959 qui·

1488 2978 1599 3034 busdam
1624 2980 1705 3034 etiam
1725 2976 1901 3048 justossoos,
1926 2980 2053 3049 qnoniam
2077 2979 2166 3035 adhuc
2189 2979 2287 3036 extolli
2322 3029 2326 3035 .

1488 3079 1617 3141 possunt,
1645 3086 1698 3125 non
1724 3070 1833 3140 adjuvat
1850 3070 1885 3126 ad
1912 3071 2102 3145 perlieiendam
2132 3072 2285 3143 iustitiam,

1488 3160 1589 3217 utdum
1604 3175 1657 3216 nou
1674 3160 1837 3231 justificatur
1857 3161 1885 3216 iu
1908 3172 2053 3232 conspectu
2066 3163 2125 3233 ejus
2140 3164 2229 3220 omnis
2242 3163 2287 3219 vi·

1487 3267 1553 3309 vens
1566 3250 1651 3325 (Paci.
1664 3267 1749 3319 cxttt,
1762 3252 1802 3323 ἲ),
1816 3253 1948 3308 actionem
1961 3253 2107 3323 gratiarum
2126 3269 2234 3325 semper
2244 3256 2287 3311 itt·

1487 3342 1629 3413 dulgentia
1640 3342 1724 3414 ipsius
1734 3341 1899 3411 debeamus;
1910 3352 1938 3399 et
1949 3333 2035 3400 sic'ab
2047 3345 2091 3399 illa
2104 3347 2191 3415 prima
2203 3361 2286 3401 cause

1486 3432 1606 3488 omnium
1616 3433 1754 3502 ultionum,
1765 3432 1817 3489 hoe
1829 3442 1881 3501 est,
1896 3449 1911 3490 a
1925 3442 2030 3490 tumore
2044 3436 2177 3505 superbier
2191 3447 2286 3493 ειιιειι

1487 3525 1636 3582 bumilitate
1647 3541 1775 3583 sanemur
1785 3526 1806 3579 ⁸.
1822 3525 1897 3581 lianc
1908 3527 2049 3598 epistolam
2064 3528 2128 3583 dum
2143 3529 2287 3601 dispositio

1487 3631 1547 3673 mea
1565 3617 1700 3674 'brevem
1728 3617 1859 3688 parturit,
1886 3617 1954 3674 iiber
1974 3618 2095 3689 prolixus
2118 3627 2160 3676 est
2184 3629 2283 3700 uptus,

1487 3707 1588 3762 utinam
1598 3715 1651 3763 tana
1661 3707 1805 3779 perlectus,
1817 3723 1897 3779 quam
1908 3708 2015 3765 undem
2026 3710 2168 3780 aliquando
2181 3711 2283 3769 danitas.

1485 3860 2286 3986 fflpibiffieiimwm'dmmwmffl

1486 4006 1729 4130 111ξῃωιιιειιξιξτειξιῃιξιειε
1739 4006 1844 4070 additur,
1854 4007 1963 4074 propriae
1977 4008 2113 4064 oolmttmis.
2124 4011 2170 4062 sed
2183 4026 2232 4063 nou
2245 4019 2286 4065 est

1518 4131 1528 4161 ¹

1517 4191 1529 4223 ⁸
1539 4135 1608 4250 ¹ffitvts',
1616 4127 1806 4263 ittoet'lfiiougiduitmotte
1814 4189 2011 4266 dteimtts.tbesi,
2018 4193 2070 4255 iliu,
2082 4197 2282 4262 amanuscriptls.

1513 4251 1614 4322 imru,
1631 4251 1728 4304 mandet
1738 4260 1812 4304 ιιιιιιιι
1820 4252 1919 4304 ιιοιιιιιιι.
1936 4263 1978 4306 ute
1994 4269 2092 4308 rursmu
2102 4267 2155 4308 uss.
2166 4261 2284 4311 omitumt

1485 4318 1650 4424 memmii
1662 4382 1725 4435 uss,
1737 4380 1764 4425 ut
1775 4374 1848 4426 cliton
1858 4376 1911 4438 eiua
1923 4375 2034 4428 tiatorem
2044 4379 2183 4443 eupermtdo
2193 4393 2202 4431 .·
2212 4388 2284 4434 recte

1486 4435 1583 4485 tametsi
1594 4433 1695 4484 alteram
1706 4436 1839 4488 lectionem
1849 4439 1960 4502 praelerrl
1976 4438 2053 4491 velint
2062 4443 2234 4492 lovanienses.
2245 4444 2284 4493 tl·

1485 4495 1518 4546 de
1529 4508 1610 4558 supra,
1619 4494 1664 4545 lib.
1676 4496 1700 4557 Ξ,
1711 4510 1737 4547 u.
1749 4498 1789 4548 ttt.

1518 4557 1529 4588 ⁸
1551 4565 1606 4608 vost
1626 4559 1737 4628 veritum,
1759 4573 1887 4621 ιαιιειιιιιι,
1903 4563 2053 4627 antiquiores
2063 4564 2160 4614 codices
2171 4565 2283 4628 interpo-

1485 4623 2282 4748 ”tiadatbllat‘atiuutttlmfflaile

1485 4738 1519 4791 tia
1528 4753 1590 4791 mett.
1598 4715 1756 4794 t'lousentiunt
1766 4734 1821 4794 tiss.
1833 4718 1955 4808 tadmnli,
1968 4760 2018 4797 uno
2026 4755 2119 4797 tautum
2130 4721 2246 4812 e's’tcepto,
2255 4751 2282 4802 itt

669 4799 705 4862 (ιι)
722 4800 762 4848 adi
773 4800 961 4849 mnaorentarlos
970 4801 994 4849 in
1004 4798 1103 4849 nautum
1119 4799 1183 4851 inter
1198 4801 1335 4865 ttleronymi
1347 4813 1433 4864 opera,
1485 4816 1535 4865 quo
1546 4801 1645 4867 legitur,
1655 4802 1853 4869 dispositionem
1863 4807 1928 4870 quod
1937 4809 2017 4871 aptius
2027 4809 2131 4859 videtur.

682 4890 723 4898 ——
733 4891 775 4898 ...-
787 4890 900 4899 ..---.-
939 4891 1099 4899 -ι--ι

1386 4892 1614 4902 -η--ῇ

643 4965 686 5025 m
702 4964 815 5026 tauram
830 4965 868 5026 aa
883 4965 1004 5042 spano
1019 4930 1346 5040 ιιῖιιιῖιῖζιῖιῖιῖιιι.
1361 4967 1392 5039 a,
1408 4969 1845 5048 copuuttetractattonum,
1860 4982 1885 5036 e.
1902 4975 1931 5046 ι,
1956 4939 2279 5050 naamani.

724 5043 770 5104 Ad
784 5061 880 5120 quem
896 5044 939 5123 (o)
951 5044 1157 5122 scripseram,
1169 5047 1315 5126 usquead
1328 5047 1388 5108 coi.
1403 5046 1473 5117 oto,
1489 5047 1604 5117 uerbis,
1619 5050 1681 5111 Fili
1696 5051 1886 5113 charissime
1899 5055 2097 5117 Marcelline.
2154 5058 2198 5120 Μ.
2288 5116 2290 5121 .

669 5140 1019 5217 (oi-uareeiiinmntribunum,
1032 5145 1070 5193 cui
1082 5152 1192 5217 acceptae
1200 5144 1337 5218 referendae
1346 5153 1403 5219 sunt
1410 5153 1460 5196 ιιιιι
1469 5147 1552 5198 multa
1560 5147 1615 5198 aiiae
1627 5151 1750 5223 augustini
1761 5148 2113 5219 loommnonessubsequemt
2125 5159 2200 5209 etiam
2211 5161 2282 5223 operi

637 5217 793 5278 οςεεειοιιειιι1
801 5205 931 5266 praebuisse
942 5204 1022 5276 docet,
1035 5211 1099 5254 mota
1107 5213 1242 5280 quaesttone
1254 5219 1286 5278 cr
1299 5206 1367 5279 libras
1377 5207 1411 5258 de
1422 5215 1576 5282 Peccamrum
1592 5217 1721 5285 uervus‘et
1738 5215 1903 5274 neartssione,
1919 5228 1982 5278 quos
1998 5216 2112 5269 videlicet
2124 5218 2199 5271 libros
2207 5234 2281 5285 mapsa

638 5268 744 5317 dammas
756 5265 834 5315 edutos
851 5278 914 5315 anno
924 5266 1009 5315 citrtstt
1025 5264 1079 5315 tte.
1094 5273 1163 5316 tusce
1173 5276 1256 5317 autom
1268 5267 1335 5317 itbrts
1347 5269 1371 5317 in
1383 5273 1600 5320 uetmuauonmus
1609 5273 1735 5334 subiacuur
1743 5287 1805 5338 opus
1820 5275 1852 5324 de
1863 5277 1950 5337 spriritu
1963 5285 1989 5327 et
1999 5280 2096 5334 littera.
2109 5294 2157 5330 non
2170 5285 2282 5344 proximo

637 5330 750 5393 quidem,
762 5327 806 5376 scd
818 5335 904 5390 quarto
915 5334 969 5391 post
977 5326 1037 5387 loco,
1049 5329 1164 5391 sculptum
1175 5329 1238 5378 lund
1250 5329 1325 5378 dubie
1336 5331 1400 5378 cirea
1411 5329 1485 5380 linem
1498 5343 1512 5378 e

1568 5345 1608 5382 cm
1619 5334 1677 5383 anati
1688 5334 1742 5395 dli,
1759 5349 1805 5386 seu
1824 5336 1948 5400 aliquanto
1958 5347 2016 5389 autc
2024 5341 2117 5390 eaedem
2130 5343 2259 5395 marcelini
2272 5379 2280 5405 ,

637 5403 692 5454 quae
703 5403 766 5440 anno
775 5388 829 5448 lid,
842 5402 927 5440 mense
934 5389 1068 5452 septembri
1079 5391 1174 5441 accidit.
1182 5393 1271 5441 citatur
1279 5391 1325 5440 boc
1335 5391 1402 5441 idem
1412 5404 1474 5456 opus
1483 5332 1579 5444 sufflo
1589 5393 1623 5445 de
1633 5395 1688 5446 tide
1700 5404 1727 5447 et
1737 5399 1864 5459 operibus,
1873 5412 1898 5447 u.
1906 5397 1946 5461 21,
1959 5407 1985 5450 ει
1996 5402 2021 5450 in
2033 5400 2120 5453 buroi
2130 5403 2163 5455 de
2172 5412 2282 5458 noctram

987 5655 1052 5783 ε.
1103 5655 1432 5784 annuunt
1480 5655 1917 5787 auousmm

762 5870 903 6043 DE
969 5868 1400 6049 SPIRITU
1466 5871 1606 6045 ET
1671 5873 2145 6051 LITTERA

1249 6121 1400 6203 Ltuutt
1437 6120 1578 6202 UNUS
1603 6144 1656 6216 (ι).

637 5453 773 5508 daristtana.
785 5465 810 5501 o.
820 5450 859 5500 id.

669 6233 812 6286 Marcellino
819 6236 944 6288 scribente
953 6251 980 6288 se
991 6245 1129 6301 permotum
1139 6253 1179 6300 co,
1188 6240 1254 6303 quod
1262 6238 1288 6289 ln
1299 6252 1329 6289 su

1347 6239 1423 6289 erlori
1432 6250 1510 6301 opere
1518 6240 1632 6304 legisset,
1643 6240 1697 6292 lieri
1706 6253 1779 6304 posse
1788 6248 1813 6290 ut
1823 6242 1856 6291 sit
1866 6240 1940 6292 homo
1948 6243 1973 6292 lu
1981 6243 2028 6294 bac
2036 6243 2084 6292 vita
2094 6243 2149 6292 sine
2158 6247 2271 6305 peceato.

637 6298 658 6348 si
668 6297 737 6355 tulit,
746 6299 864 6360 aditatusa
874 6299 996 6357 licomec
1005 6300 1083 6350 attium
1093 6308 1174 6352 tamen
1186 6315 1286 6363 usquam
1296 6302 1321 6351 lu
1330 6252 1471 6352 inminibus
1481 6302 1653 6366 lamperleotae
1659 6305 1763 6366 josuae
1773 6306 1915 6371 exemplum
1925 6312 2025 6355 exstare
2035 6306 2272 6369 :baucbuqostiutts

662 6359 705 6421 ‚¹a)
714 6361 829 6424 Scriptus
841 6360 887 6411 sub
899 6362 972 6412 linem
985 6364 1041 6412 antri
1056 6363 1111 6412 lta.
