5592 7350
1295 979 1489 1041 rontano,
2173 988 2207 1042 u

575 1090 693 1168 iniecit,
708 1091 746 1153 de
761 1090 870 1154 Gratia
883 1092 1077 1154 Testamenti
1093 1093 1183 1154 Novi.
1197 1092 1286 1154 Hauc
1301 1093 1366 1155 illic
1379 1093 1542 1172 precipua
1557 1108 1633 1153 cura
1648 1097 1679 1153 et
1693 1093 1857 1173 diligentia
1872 1096 2031 1171 discussit,
2047 1103 2144 1176 atque
2161 1098 2202 1159 ad

572 1187 644 1233 earn
665 1169 807 1248 reliquas
823 1188 932 1232 omnes
946 1172 1117 1233 revocavit.
2016 1183 2022 1195 ·

611 1247 695 1309 Huic
709 1250 849 1326 epistolae
864 1250 951 1310 aliud
964 1266 1044 1327 opus
1058 1255 1170 1312 contra
1184 1250 1373 1328 Pelagianos
1389 1249 1496 1310 itidem
1514 1249 1700 1311 Marcellino
1716 1260 1935 1330 nuncupatum
1953 1256 2120 1335 subjungit
2137 1259 2202 1315 Au·

572 1327 720 1406 gustiuus
734 1328 743 1405 l
753 1331 889 1388 Retrucl.
906 1328 960 1389 lib.
975 1328 1010 1401 2,
1028 1347 1094 1406 cup.
1110 1329 1148 1388 37
1161 1331 1182 1406 l.
1199 1330 1277 1389 Nam
1293 1328 1369 1403 quia
1385 1328 1419 1387 in
1435 1329 1517 1388 libro
1534 1328 1572 1388 de
1593 1330 1798 1390 Peccatorum
1818 1333 1938 1393 riseritis
1959 1341 1990 1394 et
2010 1335 2200 1395 remissione

572 1407 713 1468 secundo
728 1406 863 1477 dixerat,
879 1407 947 1468 lieri
962 1426 1055 1484 posse
1070 1414 1104 1468 ut
1119 1409 1159 1467 sit
1173 1409 1267 1467 bomo
1279 1408 1347 1467 sine
1369 1414 1522 1482 peccato,
1539 1408 1565 1466 si
1583 1409 1730 1469 voluntas
1749 1409 1818 1486 ejus
1836 1428 1899 1470 ιιοιι
1920 1412 2011 1481 desit,
2031 1430 2091 1488 ope
2102 1413 2201 1490 adju-

575 1494 667 1545 vante
680 1486 807 1556 divina;
833 1503 891 1546 nec
906 1492 1011 1547 tameo
1026 1486 1100 1564 jure
1117 1487 1189 1546 iude
1204 1486 1329 1565 colligi,
1347 1485 1509 1545 bominem
1523 1486 1643 1556 ullum,
1658 1493 1791 1565 excepto
1811 1487 1958 1558 Cbristo,
1978 1498 2041 1551 tam
2055 1491 2201 1568 perfectu

569 1562 700 1642 justitias
717 1564 748 1623 iu
765 1565 825 1632 bac
843 1566 906 1625 vita
923 1566 974 1625 vel
997 1564 1116 1637 luisse,
1133 1566 1184 1625 vel
1202 1581 1293 1636 esse,
1309 1563 1361 1624 vel
1386 1563 1529 1623 iuturum
1543 1582 1613 1625 esse
1629 1584 1637 1623 :
1656 1567 1820 1643 rescripsit
1840 1568 2065 1639 Marcellinus,
2090 1569 2120 1627 id
2140 1570 2201 1629 sibi

570 1642 688 1702 mirum
707 1643 824 1714 videri,
840 1661 898 1704 nec
913 1644 991 1704 satis
1009 1661 1123 1720 capere
1139 1661 1193 1714 se,
1209 1658 1350 1720 quonam
1373 1641 1468 1701 modo
1479 1659 1516 1704 ea
1538 1661 1602 1714 res,
1626 1642 1718 1721 cujus
1730 1645 1856 1705 nullum
1877 1651 1980 1707 exstet
1995 1648 2199 1724 exeurplum,

571 1720 639 1782 lieri
655 1726 761 1783 taurea
779 1738 872 1798 posse
885 1722 1084 1799 praedicetur.
1103 1722 1171 1782 Hoc
1186 1739 1262 1800 ergo
1280 1720 1494 1799 augustinum
1511 1722 1657 1798 impulit,
1677 1726 1712 1781 ut
1731 1741 1851 1784 novum
1864 1743 1944 1802 opus
1959 1770 1966 1796 ,
1983 1725 2021 1785 de
2034 1726 2153 1802 Spiritu
2169 1732 2200 1785 et

570 1799 710 1872 Littera,
729 1806 764 1860 ut
781 1802 925 1871 vocavit,
946 1800 984 1861 ad
999 1802 1089 1860 illum
1099 1800 1262 1879 dirigeret.
1275 1800 1436 1876 Principio
1456 1800 1586 1876 quidem
1606 1801 1796 1873 innumera,
1818 1821 1890 1879 quse
1905 1822 2011 1881 neque
2031 1806 2199 1876 exstitere,

571 1895 676 1956 troque
692 1881 865 1940 exstabunt
877 1896 1033 1956 unquam,
1049 1883 1154 1940 tamen
1169 1880 1307 1940 maxime
1322 1896 1392 1938 esse
1409 1878 1595 1954 possibilia,
1618 1878 1683 1938 illie
1699 1878 1908 1943 demonstrat.
1922 1884 2042 1943 Verum
2058 1901 2130 1943 curn
2145 1902 2202 1942 re·

569 1973 691 2033 ponere
710 1964 818 2035 posset
831 1958 1058 2030 Marcellinus,
1075 1958 1224 2035 exempla
1246 1957 1301 2018 illa
1325 1956 1357 2016 in
1383 1957 1615 2017 miraculorum
1639 1974 1678 2018 ac
1697 1975 1832 2035 operum
1855 1961 2039 2023 divinorum
2065 1979 2202 2022 numero

529 2061 532 2066 ·
569 2037 728 2098 censenda
743 2055 825 2109 esse,
839 2037 969 2114 justitior
985 2055 1060 2098 vero
1073 2036 1300 2113 perlectionem
1311 2035 1342 2094 in
1359 2034 1490 2095 homine
1504 2036 1544 2096 ad
1558 2052 1640 2113 opus
1657 2036 1758 2113 ipsius
1776 2038 1915 2101 bominis
1938 2041 2098 2117 pertinere
2117 2059 2124 2098 r
2141 2040 2202 2101 leuc

526 2133 534 2172 1:
570 2116 768 2194 Augustinus
784 2116 913 2194 quidem
928 2117 1084 2200 agnoseit,
1097 2115 1149 2177 sed
1165 2115 1259 2175 simul
1273 2131 1344 2175 eam
1355 2113 1584 2190 perlectionem
1595 2131 1676 2191 opus
1690 2116 1911 2178 essedivinum
1927 2118 2100 2179 contendit.
2118 2118 2200 2179 ilinc

533 2221 536 2226 ·
570 2195 742 2255 occasione
757 2200 887 2272 accepta
911 2194 948 2254 de
969 2194 1129 2272 adjutorio
1152 2194 1263 2273 gratius
1278 2193 1334 2252 liei
1356 2192 1520 2269 disputare
1535 2193 1657 2269 pergit:
1674 2199 1772 2272 atque
1792 2196 1847 2257 illa
1865 2215 2031 2275 exponens
2056 2198 2201 2274 Apostoli

569 2272 686 2342 verba,
727 2274 847 2333 littero
876 2272 1009 2339 occidit,
1042 2272 1183 2351 Spiritus
1214 2279 1315 2331 aretem
1343 2271 1482 2351 eieificut
1511 2270 1567 2351 (11
1586 2271 1657 2333 Cor.
1678 2290 1731 2341 ru,
1763 2274 1821 2351 6),
1856 2276 1995 2335 ostendit
2025 2294 2089 2335 uon
2114 2276 2200 2336 solas

568 2349 722 2429 figuratas
738 2352 905 2418 dictiones,
919 2370 1023 2429 neque
1037 2352 1115 2429 legis
1130 2352 1334 2418 cerimonias,
1349 2368 1422 2427 quur
1439 2349 1554 2411 Christi
1571 2350 1710 2411 adventu
1725 2352 1855 2413 luerunt
1869 2354 2056 2431 antiquatae,
2073 2372 2130 2431 per
2143 2372 2202 2414 oe-

567 2429 723 2490 cidentem
734 2431 872 2491 litteram
891 2431 1070 2506 intelligere
1079 2433 1207 2490 beatum
1222 2429 1356 2489 Paulum
1367 2448 1375 2500 3
1388 2428 1442 2489 sed
1454 2429 1657 2490 savrctissima
1674 2448 1812 2507 qureque
1825 2438 1982 2509 praecepta
1995 2477 2002 2505 ,
2017 2438 2047 2492 ct
2058 2450 2131 2510 quae
2150 2433 2201 2509 pie

568 2507 784 2586 inviolateque
799 2515 969 2570 serventur
981 2510 1188 2587 dignissima,
1205 2509 1232 2568 si
1248 2514 1372 2568 tantum
1386 2525 1498 2567 eorum
1512 2526 1551 2566 ex
1570 2508 1640 2585 lege
1654 2508 1888 2586 cognitionem,
1906 2528 1969 2570 non
1985 2517 2092 2572 autem
2105 2512 2143 2570 ad
2162 2528 2201 2572 ea

567 2588 773 2664 exsequenda
795 2589 859 2647 vim
882 2588 969 2648 illam
983 2594 1014 2647 et
1035 2588 1223 2648 charitatem
1244 2586 1441 2650 babeamus,
1458 2601 1530 2661 quus
1554 2586 1645 2643 nobis
1671 2604 1729 2662 per
1752 2587 1808 2647 bei
1832 2588 1984 2665 Spiritum
2006 2597 2036 2649 et
2064 2590 2200 2668 gratiam

566 2664 792 2726 infunduntur.
806 2668 846 2725 Et
860 2667 1035 2727 lraeccausa
1054 2666 1112 2725 luit
1127 2684 1186 2724 cur
1200 2665 1283 2723 libro
1298 2662 1336 2721 de
1359 2662 1479 2738 Spiritu
1500 2668 1530 2721 et
1555 2662 1675 2723 Littera
1705 2664 1833 2725 titulum
1858 2666 1983 2737 lecerit;
2009 2685 2074 2745 quo
2099 2669 2132 2728 iu
2154 2669 2202 2727 li-

567 2744 762 2897 mmmmm
785 2745 930 2805 inimicos
957 2745 1068 2823 gratiss
1089 2742 1205 2802 divinoe
1225 2756 1290 2819 qua
1308 2740 1426 2817 impius
1448 2739 1658 2818 justificatur,
1680 2760 1714 2802 se
1739 2744 1856 2805 acriter
1879 2744 2059 2823 disputasse
2076 2747 2202 2809 dicebat

565 2899 620 2963 vt.
637 2824 832 2981 tielenses
844 2919 926 2960 ouon
942 2900 1245 2979 quadringentesimo
1259 2898 1374 2960 decimo
1390 2899 1483 2959 tertio
1500 2898 1687 2977 Certltoqine
1710 2910 1821 2961 contre
1837 2902 2021 2979 Pelopiooes
2035 2904 2201 2964 conciona-

606 2988 669 3041 tur.
685 2980 838 3041 ltere-tlte
856 2979 993 3054 Peloqio.
1010 2980 1189 3040 doctrinam
1201 2977 1237 3040 dc
1249 2978 1354 3057 pretia
1369 2978 1427 3038 bet
1440 2977 1628 3057 contrarius
1640 2978 2200 3060 deresimcoofirmutlitterissuisod

603 3059 802 3119 Anactorium
817 3069 844 3118 et
860 3059 1036 3118 Prrrtlinum.

606 3138 816 3215 Posteaquam
834 3155 909 3198 suos
926 3137 964 3197 ael
975 3137 1198 3198 blerrcelliuum
1213 3142 1324 3198 contra
1338 3153 1453 3197 novam
1466 3135 1612 3197 ltaeresim
1626 3136 1725 3198 libros
1736 3136 1877 3198 ediderat
1888 3139 2099 3217 Augustinus,
2114 3139 2201 3200 Car-

564 3216 727 3295 tbagioem
743 3216 918 3293 aliquando
929 3217 1102 3294 proiectus,
1119 3233 1156 3277 ea
1173 3216 1204 3275 iu
1220 3219 1300 3277 urbe
1312 3217 1418 3293 ipsum
1433 3213 1515 3275 diem
1531 3217 1670 3275 natalem
1687 3216 1821 3276 loannis
1839 3218 1986 3294 Baptistae
1998 3219 2172 3278 celebravit
2189 3241 2197 3278 :

564 3313 602 3356 uc
613 3294 746 3372 proinde
763 3313 827 3354 non
842 3313 928 3354 aurio
946 3294 1265 3373 quadringentesimo
1279 3294 1468 3355 duodecimo
1484 3337 1492 3365 ,
1507 3311 1572 3371 quo
1585 3294 1712 3370 quidem
1728 3295 1813 3372 apud
1834 3295 1973 3367 Cirtam,
1989 3299 2100 3357 urbem
2114 3298 2199 3357 Car-

564 3373 617 3433 tbu
643 3374 694 3433 ine
710 3381 838 3433 centum
855 3374 926 3451 plus
943 3374 1050 3435 minus
1071 3376 1179 3434 leucas
1198 3374 1382 3441 distantem,
1406 3373 1438 3431 in
1457 3373 1593 3432 concilio
1609 3372 1722 3433 ibidem
1745 3374 1854 3434 babitu
1869 3374 1992 3434 decimo
2007 3382 2121 3436 octavo
2136 3394 2198 3437 ea-

563 3392 674 3513 lenias
694 3454 785 3512 'eilias
801 3454 910 3513 aderat
923 3453 1048 3531 (Epist.
1069 3452 1124 3512 1tt
1145 3454 1167 3533 ).
1186 3454 1288 3532 lgitur
1308 3452 1392 3513 beati
1409 3452 1620 3512 Praecursoris
1637 3451 1716 3513 leste
1731 3452 1924 3531 Cartbagine
1941 3454 2052 3513 babuit
2066 3473 2197 3515 sermo-

564 3545 639 3592 nem
661 3472 699 3592 ari
719 3533 871 3610 populum
896 3533 1013 3611 (Serm.
1028 3531 1107 3612 aad)
1130 3537 1252 3609 :atque
1284 3532 1365 3593 inter
1388 3539 1513 3597 eutero,
1536 3531 1661 3607 inquit,
1680 3549 1746 3610 quo
1770 3530 1899 3592 dicende
1925 3531 2133 3600 ridebuntur,
2156 3535 2197 3594 ud

565 3610 759 3690 Baptismum
780 3612 988 3690 paruulorum
1010 3628 1109 3670 serore
1133 3610 1283 3671 (teducius
1306 3619 1368 3678 est:
1383 3619 1411 3669 et
1426 3608 1577 3689 quiajam
1590 3609 1740 3688 prolixus
1754 3619 1820 3669 erut
1840 3611 1917 3670 etde
1932 3611 1986 3671 illo
2003 3612 2197 3673 rerodmmdo

563 3690 858 3767 cogitationem
880 3700 969 3750 touta
984 3691 1068 3752 dicto
1095 3698 1168 3748 scrut
1192 3689 1228 3750 dc
1244 3699 1332 3749 touta
1345 3689 1536 3767 questione,
1559 3697 1678 3765 quante
1699 3690 1732 3750 in
1753 3690 1896 3767 periculo
1914 3701 2002 3751 tereto
2018 3711 2036 3750 u
2051 3691 2198 3752 sollicitis

563 3768 806 3829 dicidebueruut
818 3769 928 3847 (Serto.
940 3767 1052 3842 acteo.
1067 3769 1108 3845 l).
1119 3768 1306 3844 litenimqui
1322 3767 1381 3826 sibi
1392 3765 1576 3842 persuaderi
1587 3784 1713 3827 errores
1728 3769 1846 3845 Pelagii
1859 3770 1943 3829 eirca
1958 3776 2122 3846 peccatum
2134 3771 2199 3830 ori·

564 3846 671 3927 ginale
687 3848 771 3924 possi
787 3847 933 3917 lucrant,
949 3849 970 3907 ii
986 3847 1081 3907 latius
1101 3846 1212 3906 indies
1232 3846 1342 3906 eadem
1358 3844 1508 3921 dogmata
1529 3845 1767 3920 proseminare,
1784 3862 1822 3906 uc
1838 3847 1896 3905 sibi
1911 3847 2087 3924 adjungere
2100 3866 2197 3925 quam

563 3927 718 4006 plurimos
734 3925 820 3985 orani
837 3944 897 4001 ope
911 3926 1127 3985 moliebantur
1142 3924 1266 4004 (iufra,
1281 3922 1428 3984 tleGestls
1442 3922 1574 4000 Peloqt'i,
1586 3941 1619 3980 n.
1633 3921 1703 4002 25);
1727 3923 1769 3982 ita
1783 3930 1819 3982 ut
1833 3924 1870 3983 de
1886 3926 2096 3985 orientalibus
2113 3945 2198 3986 eoro-

566 4004 770 4065 utinareutur
795 4005 944 4065 Ecclesiis
960 4049 967 4076 ,
984 4004 1070 4082 qnod
1094 4003 1154 4061 nisi
1182 4004 1249 4064 lvrcc
1264 4005 1419 4071 tenerent,
1434 4018 1546 4063 earum
1564 4007 1694 4078 possent
1707 4002 1829 4080 judicio
1844 4004 2062 4063 condemnari.
2081 4006 2197 4065 Parum

564 4088 634 4145 erat
651 4084 726 4160 quia
741 4083 934 4143 dissererent
949 4090 979 4143 et
994 4083 1194 4161 disputarent
1205 4083 1320 4157 impias
1336 4079 1494 4157 quasdam
1514 4081 1690 4149 novitates3
1705 4086 1734 4140 et
1751 4081 1925 4141 catholicos
1939 4082 2083 4143 doctores
2096 4101 2198 4145 ‹roua-
2249 4143 2255 4151 ,

564 4163 840 4240 banturarguere,
867 4161 951 4237 qrrod
975 4161 1094 4238 aliquid
1119 4178 1238 4219 novum
1251 4161 1529 4235 ‹licereuttneque
1546 4159 1689 4236 antiquus
1704 4158 1773 4219 fidei
1800 4160 2022 4220 (defensoribus
2051 4168 2197 4221 tantum-

564 4240 791 4379 modogteimcrc
809 4241 977 4316 obsistere,
992 4240 1047 4300 sed
1058 4256 1112 4300 eos
1124 4239 1258 4317 insuper
1272 4238 1435 4316 appellare
1450 4237 1629 4311 lteretieos,
1642 4237 1773 4299 minime
1785 4238 1974 4301 dubitabant
1988 4239 2106 4319 (Serra.
2122 4241 2194 4316 adt,

563 4321 651 4380 mul
678 4365 686 4389 ,
718 4320 736 4379 ll
762 4363 768 4378 .

603 4399 715 4477 ltaque
733 4321 863 4460 gabelus
880 4401 1013 4470 Doctor,
1030 4404 1065 4461 ut
1082 4418 1208 4462 orrens
1231 4418 1248 4460 c
1264 4399 1446 4478 pectoribus
1467 4415 1578 4459 eorum
1592 4399 1647 4476 qui
1669 4417 1740 4460 sese
1756 4399 1818 4460 illis
1834 4398 2030 4460 seducendos
2046 4402 2196 4477 praeboe-

564 4482 650 4545 rant,
668 4480 794 4554 pertitus
810 4480 971 4548 evelleret,
988 4487 1119 4541 auctore
1139 4480 1268 4539 acerelio
1284 4481 1435 4556 episcopo
1450 4478 1708 4556 Carthaginensi,
1723 4495 1761 4538 ea
1776 4478 1813 4540 de
1825 4497 1858 4539 re
1872 4479 1982 4538 statuit
1997 4479 2103 4539 destruo
2119 4498 2195 4539 con-

564 4555 687 4617 cionari
703 4558 815 4633 quinto
830 4559 979 4620 calendas
992 4559 1101 4637 julias.
1117 4558 1257 4639 Contigit
1270 4565 1377 4618 autem
1393 4556 1550 4618 celebrari
1573 4576 1611 4616 eo
1631 4556 1681 4616 die
1703 4557 1853 4637 martyris
1879 4558 2052 4618 Guddentis
2073 4576 2197 4617 memo-

564 4635 669 4699 riam:
684 4635 737 4695 sed
754 4636 934 4697 erudiendis
950 4638 1112 4703 fidelibus,
1129 4655 1226 4715 quam
1243 4635 1403 4697 laudando
1425 4635 1558 4714 martyri
1578 4652 1712 4703 vacare,
1736 4639 1836 4697 satius
1857 4637 2063 4697 existimavit.
2089 4640 2196 4710 Qtrrrre

588 4715 705 4775 erlecto
719 4713 835 4775 Christi
850 4716 977 4776 Durnini
993 4718 1031 4777 ad
1047 4717 1251 4777 Nicodemum
1268 4731 1428 4785 serrone,
1443 4713 1475 4772 in
1492 4714 1624 4774 basilica
1640 4715 1816 4792 biajorum,
1833 4716 1913 4786 sive,
1937 4722 1971 4774 ut
1987 4716 2041 4776 alii
2064 4716 2195 4793 legunt,

565 4834 575 4854 .
600 4794 700 4871 ojore,
716 4795 765 4853 vel
781 4794 942 4872 biajoriui‚
959 4797 1170 4873 quaestionem
1182 4795 1219 4855 de
1232 4794 1394 4871 llaptismo
1406 4793 1614 4870 parvulorum
1628 4795 1826 4854 tractandam
1841 4794 1992 4872 suscepit,
2007 4811 2044 4854 ac
2055 4796 2193 4871 primum

566 4873 730 4952 redarguit
748 4874 993 4953 Pelagiauorum
1011 4881 1225 4935 documentum
1242 4873 1331 4941 illud,
1352 4891 1418 4949 quo
1433 4871 1601 4941 dicebaut,
1618 4872 1793 4938 Paruulus,
1811 4875 1868 4934 etsi
1892 4892 1957 4932 oon
1983 4872 2194 4951 baptizemur.

563 4951 674 5013 merito
696 4954 898 5021 innocentie,
915 4954 1047 5044 eoquod
1068 4952 1189 5014 nullum
1203 4951 1331 5013 ltubeout
1349 4951 1493 5018 orrtuino,
1510 4969 1565 5011 nec
1582 4952 1765 5029 prrrrprium,
1783 4970 1839 5011 nec
1854 4953 2007 5028 originale
2025 4962 2194 5030 peccuturu,

563 5028 727 5092 babituros
744 5032 872 5092 solertem
886 5042 913 5092 et
941 5042 1036 5092 crtum
1058 5041 1218 5100 eternum·
1234 5031 1286 5091 sed
1308 5039 1474 5108 propterea
1497 5028 1702 5107 baptizandos
1719 5049 1791 5097 esse,
1808 5040 1841 5089 ut
1855 5032 1971 5091 intrent
1984 5032 2074 5090 etium
2090 5030 2123 5089 io
2141 5048 2196 5088 rc-

563 5127 660 5188 puum
683 5110 751 5170 uer.
777 5112 858 5170 'l'um
882 5110 1037 5188 impetivit
1051 5111 1236 5171 eurumdem
1253 5108 1419 5187 effugium,
1442 5109 1497 5183 qui
1520 5108 1595 5167 dum
1617 5113 1810 5185 urgerentur
1828 5109 2003 5185 apostolica
2024 5110 2194 5179 sententia,

564 5188 627 5250 Per
640 5207 736 5249 uuum
747 5188 900 5249 ltouu'uem
911 5197 1074 5268 peccatum
1086 5189 1217 5249 intrusit
1230 5187 1263 5247 io
1279 5185 1427 5246 reundum
1441 5185 1548 5262 (Rern.
1563 5204 1592 5257 v,
1610 5186 1647 5244 la
1662 5188 1690 5263 );
1715 5186 1797 5245 barte
1813 5186 1879 5245 ideo
1891 5186 2005 5246 dictum
2020 5186 2198 5263 respoude-

565 5268 654 5340 banl,
678 5268 751 5348 quio
768 5268 889 5346 prierius
912 5271 1051 5345 peccauit
1074 5268 1187 5334 Adrou,
1212 5275 1240 5326 et
1259 5267 1315 5346 qrri
1329 5275 1439 5344 posteo
1455 5274 1677 5342 percurrerunt,
1701 5263 1789 5323 illum
1813 5264 1963 5324 imitando
1979 5273 2195 5342 peceoecrunt.

564 5348 678 5411 Postea
689 5347 728 5409 ad
743 5364 853 5407 eurum
863 5345 1052 5408 refellendas
1068 5346 1288 5407 cavillationes
1300 5344 1453 5422 perrexit,
1464 5360 1602 5432 quartem
1614 5343 1710 5403 aliam
1720 5343 1765 5401 sic
1775 5345 1998 5419 proponebant
2010 5364 2017 5401 ε
2030 5344 2066 5404 Si
2077 5343 2112 5403 de
2123 5362 2178 5422 pec
2194 5378 2198 5388 ·

565 5434 670 5489 cotors
681 5435 857 5506 peccatores
872 5427 941 5487 neti
957 5434 1029 5487 sunt
1041 5446 1050 5493 ,·
1064 5444 1159 5506 qrtorc
1170 5443 1236 5485 non
1250 5425 1286 5485 de
1298 5423 1457 5502 baptizato
1464 5441 1533 5500 Jum
1547 5421 1632 5500 fideli
1641 5467 1648 5488 ,
1671 5421 1722 5480 cui
1735 5421 1861 5481 seruisse
1874 5429 1946 5480 stent
1962 5422 2106 5482 uniuerso
2117 5441 2198 5501 pec·-

565 5504 737 5586 eara,jesrr
750 5507 945 5566 noscuntur?
957 5505 1060 5566 Alium
1076 5513 1184 5566 autem
1202 5524 1208 5564 :
1228 5504 1264 5564 Si
1280 5503 1394 5569 Adorei,
1421 5502 1630 5579 inquiebant,
1650 5508 1739 5560 nocer
1757 5498 1804 5560 ltis
1819 5501 1874 5579 qui
1886 5518 1950 5560 noo
1969 5510 2198 5579 perronensis

565 5601 638 5663 erqo
658 5595 685 5644 et
699 5584 838 5648 cbristus
857 5584 1001 5664 prodesse
1019 5583 1103 5644 debet
1121 5585 1214 5644 etium
1235 5583 1284 5642 liis
1298 5582 1353 5661 qtri
1374 5599 1438 5641 non
1456 5580 1665 5642 crediderunt.
1690 5578 1736 5639 ad
1759 5585 1938 5640 extremum
1961 5598 2019 5657 pro
2044 5589 2199 5659 perpetuo

563 5663 715 5727 Ecclesiae
731 5665 763 5724 io
780 5680 818 5725 ea
841 5665 1018 5742 quaestione
1033 5680 1205 5732 consensu,
1224 5661 1375 5740 Cypriani
1400 5660 1571 5752 martyris,
1594 5676 1691 5736 quem
1713 5659 1883 5735 antiquum
1903 5658 2089 5736 episcopum
2116 5660 2199 5720 sedis

565 5741 661 5822 buius
677 5743 832 5813 nominat,
854 5742 980 5823 insigne
994 5742 1211 5803 testimonium
1227 5759 1265 5800 ex
1284 5741 1384 5818 ipsius
1401 5739 1439 5799 ad
1461 5739 1572 5799 Fidum
1594 5737 1747 5816 epistola,
1762 5743 1889 5814 sumpto
1906 5737 1938 5795 in
1961 5756 2075 5799 inunus
2092 5739 2199 5800 codice

566 5822 720 5883 recitavit.
736 5821 921 5883 Sermonem
941 5821 1143 5900 postmodum
1158 5820 1292 5887 clausit,
1310 5818 1497 5896 patientiam
1518 5834 1594 5897 erga
1613 5833 1713 5877 novos
1732 5817 1896 5877 iimretieos
1913 5817 2024 5893 primis
2038 5818 2100 5879 illis
2116 5825 2200 5878 tem-

566 5901 699 5979 poribus
714 5903 755 5962 ab
769 5902 912 5964 Ecclesia
926 5901 1100 5963 cultibilem
1115 5898 1340 5960 commendans
1356 5897 1388 5957 iu
1410 5897 1475 5957 baec
1492 5899 1588 5958 verba
1605 5916 1612 5954 z
1628 5896 1830 5972 impetremus
1844 5912 1928 5971 erqo,
1948 5896 1975 5955 si
1988 5916 2165 5974 pressurum,
2181 5917 2199 5954 a

564 5978 719 6061 {ratribus
732 5981 860 6048 nostris,
874 5999 912 6041 ne
923 6000 981 6042 nos
994 5982 1123 6058 insuper
1140 5979 1294 6056 cprpcllent
1310 5975 1468 6035 tter-utere
1484 5995 1491 6042 ι
1505 5975 1589 6054 quod
1604 5993 1653 6033 eos
1668 5974 1743 6035 telio
1765 5973 1960 6052 disputantes
1975 5994 2032 6034 orvs
2046 5976 2202 6053 appellere

562 6058 718 6141 possimus
730 6059 877 6140 forsitan,
890 6061 917 6120 si
932 6061 1071 6126 uelimus,
1086 6076 1140 6118 nec
1156 6054 1462 6134 tornenuppellomus.
1477 6055 1636 6116 Sustiueul
1651 6072 1700 6112 eos
1713 6062 1810 6113 taeter
1821 6054 1885 6130 plis
1900 6052 2069 6114 visceribus
2084 6073 2203 6114 sorteso-

564 6138 750 6217 despectet
766 6136 941 6206 docendos,
958 6159 996 6200 oe
1011 6139 1144 6218 plooqot
1166 6145 1316 6195 ruortuos.
1337 6133 1477 6195 Nilidem
1497 6143 1541 6193 cst
1563 6152 1623 6212 quo
1642 6131 1915 6211 progrediuntur:
1928 6133 2057 6192 rrrrrlrum
2072 6142 2127 6197 est,
2147 6133 2202 6193 eir

564 6217 724 6299 [mendum
738 6225 793 6285 cst,
812 6234 867 6296 mo„
882 6236 929 6278 ne
939 6220 1101 6297 patientie
1119 6215 1219 6276 odbetc
1236 6214 1335 6295 servi:
1352 6230 1417 6272 non
1434 6210 1606 6272 obruantur
1620 6210 1676 6271 tec
1691 6211 1845 6288 patientie
1859 6211 1890 6270 Ε
1895 6210 2020 6276 eclesie,
2040 6213 2204 6290 corriqon·

566 6308 631 6366 tur,
648 6296 760 6359 boticem
775 6304 830 6357 est.
875 6304 887 6357 l
902 6297 994 6358 amici
1005 6296 1217 6363 exhortemur,
1232 6311 1297 6355 reon
1311 6301 1346 6353 ut
1358 6292 1477 6352 inimici
1490 6291 1661 6367 litigatoris.
1675 6289 1849 6349 iletrubuot
1859 6288 1963 6356 nobis,
1977 6290 2106 6369 [criasus
2121 6311 2130 6346 .·
2146 6310 2206 6351 co-

558 6378 719 6437 mninos
733 6375 908 6443 detrabunt,
923 6375 1051 6437 ueritati
1064 6392 1129 6435 non
1140 6373 1322 6440 detrudunt‚·
1337 6368 1485 6431 Ecclesia
1501 6380 1617 6430 sunctrr
1634 6385 1694 6448 pro
1707 6369 1887 6431 remissione
1900 6369 2022 6446 peceati
2037 6369 2206 6462 originalis

528 6452 759 6518 stmusoram
770 6454 928 6517 euertisse
937 6453 1102 6517 laboranti
1123 6471 1189 6516 nou
1207 6450 1438 6515 contradicant.
1457 6448 1606 6512 Fundere
1619 6446 1680 6510 isto
1696 6465 1744 6510 rer
1759 6456 1814 6509 est.
1827 6445 1990 6510 Ferendus
2004 6458 2047 6511 est
2065 6447 2207 6522 depriva-
