5592 7350
634 908 687 967 stt

634 1040 676 1078 ιιιιι
690 1023 711 1090 ¹,
724 1034 802 1091 quam
816 1033 876 1075 cnut
885 1016 1018 1073 bucolicis
1030 1015 1174 1071 Donatistis
1185 1012 1299 1069 babituri
1309 1024 1428 1071 eminus,

633 1111 854 1183 occupatissimus
874 1108 933 1163 lut:
950 1108 995 1163 ilie
1009 1121 1073 1162 vero
1094 1107 1174 1161 ctiam
1196 1104 1230 1162 ad
1253 1102 1429 1158 transmarina

635 1203 796 1274 properarit.
814 1200 916 1254 interea
930 1212 979 1268 per
991 1212 1038 1252 ora
1049 1213 1141 1252 eorutu
1162 1197 1206 1268 qui
1228 1197 1288 1265 ejus
1305 1192 1429 1262 discipuli

546 1336 552 1346 .
638 1294 801 1357 lcrcbautur,
814 1290 937 1360 dogmata
951 1289 1002 1344 ista
1026 1288 1181 1343 fervebant:
1197 1287 1231 1341 ita
1246 1295 1275 1341 ιιι
1288 1283 1431 1341 Coelcstius

636 1384 670 1437 ad
689 1382 899 1438 ecclesiasticum
923 1378 1051 1449 judicium
1070 1376 1231 1447 perueniret,
1246 1384 1273 1430 et
1283 1383 1431 1445 reportaret

633 1475 741 1546 diguam
757 1489 803 1529 sua
825 1473 1000 1543 peruersitate
1021 1470 1190 1525 senteutiam.
1210 1468 1347 1525 salubrius
1366 1478 1430 1520 sanc

635 1568 765 1623 ailrersus
778 1582 825 1621 eos
839 1568 879 1633 agi
899 1565 1067 1635 putabamus,
1083 1564 1105 1618 si
1124 1563 1259 1617 bouiiuuut
1280 1560 1431 1615 nominibus

636 1658 731 1719 tacitis,
748 1657 797 1727 ipsi
818 1654 996 1711 refutarentur
1011 1664 1037 1709 et
1061 1653 1286 1722 redarguerentur
1313 1664 1429 1713 errores,

636 1759 716 1821 atipte
731 1748 767 1804 ita
782 1757 854 1815 netu
874 1747 961 1816 putiirs
974 1746 1146 1802 ecelesiastici
1158 1743 1249 1815 judieii
1265 1743 1432 1812 corrigeren-

636 1850 679 1897 tur
692 1841 827 1902 homines,
841 1854 920 1909 quam
932 1838 990 1907 ipsu
1001 1836 1101 1907 judicio
1118 1836 1284 1906 punirentur.
1297 1833 1431 1889 lieclibris

636 1931 856 2004 igituraduersus
870 1929 938 1985 mala
958 1929 1003 1984 illa
1023 1929 1165 1993 disserere,
1192 1942 1240 1981 icc
1262 1924 1431 1997 popularibus

637 2023 795 2077 tractatibus
808 2022 990 2077 cessabamus.

673 2113 786 2170 curbi
807 2111 900 2170 lxiii.
920 2141 957 2151 —
974 2112 1019 2168 ti.
1038 2109 1105 2165 Com
1117 2125 1181 2164 uero
1194 2108 1258 2163 mihi
1273 2108 1352 2163 etiarn
1364 2107 1432 2161 liber

637 2205 770 2261 illedatus
784 2214 854 2259 essct
868 2204 978 2258 ascruis
991 2202 1048 2269 Dei,
1069 2201 1146 2256 lionis
1171 2211 1197 2255 et
1225 2200 1343 2255 boiiestis
1367 2198 1432 2252 siris

641 2296 759 2351 'litrtasio
772 2307 798 2351 et
809 2295 919 2360 lacobo,
935 2294 980 2349 obi
990 2294 1157 2364 apertissime
1170 2290 1291 2361 Pelagius
1301 2289 1431 2358 abjectam

636 2390 688 2447 sibi
701 2406 715 2443 a
731 2404 760 2444 sc
775 2389 833 2458 ipsu
846 2397 971 2457 taniptiam
981 2387 1015 2442 ab
1027 2384 1193 2450 aduersario,
1208 2383 1277 2436 aride
1289 2382 1342 2452 jam
1353 2397 1432 2452 grau·

636 2480 664 2535 di
683 2480 780 2535 insidia
797 2477 948 2541 laborabat,
961 2477 995 2533 de
1008 2476 1054 2532 [lei
1074 2476 1159 2547 gratia
1183 2474 1356 2545 questionem
1380 2487 1432 2527 ιιοιι

636 2570 716 2626 aliter
732 2570 781 2625 sibi
797 2569 902 2623 sulrerc
916 2567 988 2623 risus
1001 2576 1052 2632 est,
1068 2566 1117 2620 uisi
1128 2574 1156 2619 ιιι
1166 2574 1286 2619 naturam
1293 2578 1353 2618 cunt
1364 2562 1432 2618 libe·

637 2678 668 2718 ιο
680 2662 790 2716 arbitrio
805 2661 951 2729 conditam,
964 2660 1009 2716 llei
1021 2660 1122 2715 diceret
1135 2659 1263 2729 gratiam,
1279 2655 1431 2729 aliquando,

636 2753 716 2825 idque
740 2753 855 2809 teuniter
866 2754 889 2818 ¹,
904 2768 954 2809 nec
967 2759 1072 2821 aperte,
1087 2751 1111 2805 ei
1130 2749 1295 2819 coniungens
1311 2747 1353 2803 rel
1367 2748 1433 2818 legis

638 2845 814 2916 uiljuturium,
829 2844 872 2900 rel
886 2844 1070 2899 rcnrissiuucut
1083 2843 1162 2897 etiam
1174 2850 1340 2912 peccatorum
1354 2855 1361 2893 ι
1377 2847 1433 2895 ιιιιιι

639 2951 704 2991 reru
727 2935 786 2991 siue
801 2935 852 2989 ulla
871 2933 1037 2989 dubitatione
1059 2933 1122 2988 uiilti
1137 2932 1242 2995 claruit,
1264 2947 1343 3002 (tuam
1362 2941 1434 2986 esset

638 3024 791 3080 christianae
804 3024 884 3080 saluti
899 3039 1032 3080 ieiunum
1055 3025 1125 3080 illius
1139 3023 1320 3094 perversitatis
1344 3022 1434 3076 iuimi-

639 3134 712 3174 rum.
726 3118 780 3173 Nec
795 3119 835 3174 sic
848 3129 936 3173 tamea
948 3118 1022 3187 operi
1039 3131 1113 3181 meo,
1126 3132 1179 3186 iguo
1198 3114 1321 3171 eiinrdcm
1336 3115 1434 3169 librum

641 3212 737 3276 relclli,
755 3211 853 3283 Pelagii
864 3225 961 3267 noiriru
977 3209 1076 3265 inserui
1089 3227 1096 3263 ι
1109 3206 1214 3264 facilius
1227 3222 1269 3263 nic
1279 3206 1435 3263 existimaus

639 3304 817 3373 prestaturum,
831 3305 853 3358 si
864 3312 967 3357 seruata
982 3303 1108 3368 aruicitia,
1121 3300 1209 3356 adbuc
1228 3300 1288 3370 ejus
1301 3316 1434 3358 verecun-

639 3395 690 3449 die
704 3410 851 3463 parcerem,
864 3394 941 3463 cujtts
960 3394 1056 3449 litteris
1076 3394 1131 3463 jam
1148 3408 1257 3464 parcere
1285 3408 1337 3448 non
1353 3392 1435 3448 debe·

640 3501 707 3539 retu.
724 3486 791 3541 lliuc
804 3495 854 3550 cst,
871 3484 941 3556 qtiod
957 3486 1147 3541 tauricinuleste
1161 3487 1227 3553 iero,
1241 3487 1266 3540 iu
1280 3484 1436 3556 hncjiralicio

640 3576 740 3631 dixisse
755 3577 828 3631 illum
849 3576 964 3647 qtiodaur
983 3577 1052 3642 locu,
1072 3595 1082 3630 ι
1098 3577 1305 3633 anathematizo
1318 3577 1378 3633 illos
1390 3578 1435 3648 qui

640 3669 679 3727 sie
692 3680 793 3734 terium,
804 3680 848 3723 aut
862 3669 1005 3741 aliquando
1017 3681 1167 3726 tenuerant.
1180 3691 1190 3724 ι
1203 3670 1350 3727 Sttiiecerat
1363 3671 1436 3728 dice·

641 3776 682 3829 re,
697 3778 706 3812 t
720 3761 811 3830 pitisio
826 3769 933 3823 tenent,
948 3781 958 3815 ι
971 3769 1000 3815 ιιι
1018 3777 1079 3818 cum
1098 3761 1269 3817 crederemus
1292 3777 1352 3817 esse
1374 3778 1422 3817 eor

642 3862 742 3910 rectum
759 3867 839 3906 :cum
865 3867 928 3907 tero
950 3851 1062 3916 addidit,
1088 3859 1155 3907 ιιιιιι
1175 3851 1318 3922 aliquando
1341 3863 1436 3909 tenus·

642 3931 747 4008 ruut;'r
770 3943 893 4011 primum,
912 3957 992 4012 quiam
1014 3942 1113 4012 ittjuste
1133 3940 1262 3998 damnare
1287 3942 1437 3998 immeritus

641 4048 722 4089 ausus
736 4043 787 4094 cst,
801 4032 845 4104 qui
857 4031 915 4097 illo,
929 4047 1010 4103 quern
1024 4032 1080 4088 sire
1098 4029 1168 4097 aliis,
1184 4032 1242 4087 sive
1255 4032 1313 4102 ipsu
1325 4032 1438 4089 doctore

643 4124 805 4190 didicerant,
819 4137 913 4179 errore
925 4122 1084 4180 caruerunt?
1097 4121 1378 4194 uindemiarum
1391 4123 1438 4197 qui

641 4230 702 4270 euru
718 4216 768 4271 ista
783 4231 835 4271 uon
856 4216 941 4272 solum
956 4213 1100 4286 aliquando
1111 4214 1237 4281 terruisse,
1251 4230 1342 4271 nerum
1356 4215 1438 4272 etiam

641 4307 764 4371 doeitisse
779 4316 927 4375 nonerunt,
942 4323 995 4363 uon
1016 4307 1112 4362 merito
1132 4307 1299 4378 suspicetur,
1314 4305 1438 4363 simulate

641 4400 880 4455 arratlieinatizasse
893 4399 938 4470 qui
958 4398 1017 4454 baec
1039 4407 1141 4465 tenent,
1158 4413 1218 4453 cum
1236 4396 1331 4453 eudem
1357 4395 1439 4451 modo

642 4489 867 4544 auatltumatizare
881 4505 933 4544 ιιιιιι
950 4489 1080 4544 dubitarit
1094 4488 1139 4560 qui
1159 4488 1216 4543 buc
1234 4488 1377 4559 aliquando
1399 4498 1438 4546 te·

642 4591 766 4644 nueruut,
782 4580 808 4634 iu
827 4580 924 4650 prailius
937 4594 997 4635 eum
1016 4578 1102 4649 ipsum
1124 4577 1336 4634 recordabuuu'ir
1352 4579 1437 4649 magi·

642 4676 744 4730 strum?
758 4674 835 4739 Ecce,
851 4684 881 4728 ut
894 4673 962 4727 alins
976 4681 1090 4736 taceam,
1106 4671 1251 4727 Timasium
1263 4670 1435 4739 etlaeobum,

642 4765 738 4836 quibus
750 4764 845 4826 oculis,
854 4779 905 4833 quia
922 4762 1008 4819 ironte
1018 4761 1437 4832 conspiciet,suosctdilectores,

642 4856 823 4926 utaliquando
838 4855 992 4924 discipulos,
1006 4854 1040 4909 ad
1061 4869 1128 4925 garos
1142 4854 1238 4911 librum
1265 4854 1370 4924 scripsi,
1393 4854 1438 4910 ubi

643 4943 711 4998 libro
725 4945 783 5012 ejus
795 4946 918 5014 respuinli
931 4945 988 5016 (nil
998 4945 1043 5015 ‹pd
1054 4944 1359 5014 certequemadmodum
1372 4946 1438 5001 milii

645 5031 848 5103 rescripserint,
865 5035 1005 5088 tacrinlutu
1018 5044 1045 5089 et
1063 5033 1277 5104 praetercundum
1291 5051 1342 5089 nun
1359 5046 1437 5104 puta·

645 5115 685 5176 ri:
700 5115 747 5168 seii
761 5115 911 5183 exernpluni
924 5116 1071 5172 litterarum
1086 5119 1177 5172 subter
1189 5119 1314 5173 annexui.

679 5205 791 5264 CAPUT
811 5206 907 5262 xxiv.
927 5237 964 5248 -
981 5207 1027 5264 t8.
1048 5209 1185 5263 rDomiuo
1198 5224 1260 5264 vero
1271 5209 1437 5280 lteatissimo,

642 5309 670 5356 et
685 5299 781 5356 merito
793 5299 938 5354 venorabili
957 5298 1023 5370 patri
1035 5302 1160 5372 episcopo
1177 5303 1333 5373 ilrigustino,
1347 5304 1438 5359 Tima-

643 5391 737 5450 siuset
749 5389 875 5455 lacobus,
891 5392 917 5446 iu
932 5391 1045 5447 [lorraine
1058 5393 1180 5448 salutem.
1197 5393 1234 5448 lta
1248 5411 1298 5450 nos
1308 5395 1402 5452 reiecit
1412 5404 1439 5451 et

645 5484 777 5542 recreauit
787 5484 873 5557 gratia
898 5483 944 5538 ilci
959 5483 1107 5539 ministrata
1121 5500 1168 5555 per
1181 5486 1290 5541 terbum
1306 5495 1391 5553 tonui,
1412 5496 1441 5542 ut

646 5591 756 5648 prorsus
772 5589 899 5647 germane
922 5574 1052 5641 dicamus,
1068 5573 1139 5630 llicit
1152 5576 1252 5630 uerbum
1264 5593 1347 5642 ιιιιιιιι,
1361 5586 1384 5631 et
1395 5594 1440 5630 aa·

646 5670 715 5727 rruuit
724 5685 767 5726 eos
781 5667 868 5740 (Paul.
878 5666 997 5737 crido),
1009 5666 1117 5723 domiue
1131 5666 1294 5733 beatissime,
1308 5676 1335 5723 et
1345 5667 1442 5724 merito

646 5761 804 5817 reserabitis
818 5761 985 5833 patresano
1002 5777 1032 5817 ea
1047 5759 1184 5834 diligentia
1208 5761 1351 5818 ventilasse
1370 5760 1440 5816 Sau-

646 5853 764 5908 stitatem
779 5861 851 5908 tuam
865 5864 964 5909 textum
976 5852 1095 5924 ejusdem
1104 5851 1187 5908 libelii
1202 5852 1359 5921 reperimus,
1371 5862 1398 5906 ut
1407 5851 1440 5905 ad

645 5944 765 6015 singulus
778 5946 868 6015 apiices
883 5961 1010 6017 respousa
1031 5945 1133 6002 reddita
1149 5955 1320 6014 stupeamus,
1331 5944 1387 5999 sire
1414 5945 1439 5997 in

647 6036 687 6092 bis
701 6051 760 6106 ipuae
774 6035 900 6103 relutare,
914 6037 1050 6104 detestari,
1066 6052 1098 6093 ae
1111 6034 1201 6110 lugete
1215 6034 1309 6093 deccat
1320 6032 1442 6092 cliris'tia·

677 6193 684 6224 ¹
703 6199 780 6250 suar..
789 6191 886 6257 pauido
897 6193 962 6244 «iren
973 6192 1135 6245 ιιιιιιιιιιιιιιιιι.

677 6254 689 6288 l
704 6253 774 6315 aliti,
785 6253 812 6305 iu
822 6255 886 6318 gaud
898 6257 982 6305 truuu.

679 6317 716 6378 (a)
733 6315 781 6367 tib.
793 6316 826 6368 tie
838 6324 895 6365 latu
910 6331 923 6364 a
937 6326 960 6368 et
970 6318 1048 6366 utalia

1161 889 1206 957 bs
1224 898 1343 957 GESllS
1358 891 1504 957 l’ELiGll,
1524 891 1553 948 S.
1571 893 1754 952 :leESlel

2224 896 2276 952 ila

1482 1021 1546 1061 ιιιιιιι
1559 1024 1567 1071 ;
1578 1008 1634 1063 sire
1647 1008 1672 1063 iu
1688 1009 1751 1074 illis,
1767 1010 1899 1082 inquibus
1914 1026 1970 1066 uon
1989 1011 2053 1067 satis
2075 1010 2210 1069 inuenitur
2231 1028 2277 1068 er·

1483 1114 1571 1162 rassc;
1590 1102 1720 1171 qiiarnris,
1735 1103 1825 1157 nescio
1836 1117 1886 1173 qua
1896 1102 2050 1167 calliditate,
2059 1102 2085 1156 in
2097 1103 2163 1172 ipsis
2172 1117 2277 1172 quoquae

1480 1191 1592 1261 gratiani
1608 1192 1655 1247 bei
1676 1193 1790 1248 credidit
1803 1193 2029 1263 supprimendam.
2053 1192 2106 1249 Sed
2132 1209 2214 1248 unurn
2238 1205 2278 1247 ιιι

1482 1283 1552 1352 quod
1569 1297 1617 1337 rios
1627 1284 1653 1338 iu
1669 1294 1741 1338 tantu
1752 1285 1882 1342 benettcto
1893 1286 1984 1350 allicit,
1995 1285 2057 1355 quia
2071 1283 2146 1339 tarde
2162 1284 2213 1339 boc
2225 1294 2276 1339 tau

1483 1376 1638 1445 praclarum
1652 1378 1743 1447 gratie
1766 1377 1811 1433 llei
1827 1393 1923 1433 martius
1935 1378 2044 1433 eilulsit.
2061 1377 2198 1448 Siquidem
2210 1391 2276 1433 ron·

1483 1465 1541 1535 tigit
1556 1465 1700 1522 ¹absentes
1713 1468 1769 1522 lieri
1791 1468 1931 1538 quosdam,
1955 1483 2068 1538 qnorum
2094 1467 2209 1522 caecitati
2230 1470 2279 1522 ista

1483 1565 1536 1612 urin
1550 1560 1698 1626 perspicuae
1711 1559 1830 1613 ueritatis
1843 1560 1984 1613 illustratio
1993 1557 2280 1629 deberetunadquos.

1482 1648 1532 1701 etsi
1552 1649 1663 1714 budius,
1692 1665 1744 1703 nou
1769 1648 1922 1705 diilidituus'
1941 1654 2056 1720 propitio
2076 1650 2133 1704 ileo
2156 1648 2266 1705 eatttdet

1483 1742 1593 1809 gratiani
1616 1743 1771 1811 peruenire,
1787 1744 1832 1813 qui
1855 1742 1910 1796 ruit
1931 1757 2026 1797 orurtcs
2047 1743 2170 1797 bornines
2190 1742 2282 1797 salros

1484 1833 1552 1898 lieri,
1566 1834 1637 1889 etad
1651 1835 1813 1904 agnitionem
1827 1834 1948 1889 ueritatis
1961 1834 2053 1890 uenire
2064 1834 2086 1905 (l
2102 1831 2171 1889 Tim.
2189 1848 2225 1899 n,
2239 1834 2280 1902 li.

1483 1928 1537 1983 Nus
1555 1944 1631 1993 uero,
1646 1927 1697 1982 etsi
1711 1927 1775 1981 oliui
1788 1928 1882 1998 spiritu
1895 1927 2036 1984 eharitatis
2046 1930 2067 1993 ¹,
2084 1929 2130 1999 qui
2144 1928 2171 1983 in
2186 1939 2213 1983 te
2226 1936 2280 1994 est,

1483 2024 1575 2089 docti,
1602 2024 1794 2093 subiectionem
1810 2024 1893 2094 ⁸eius
1914 2023 2091 2094 abjecerimus
2116 2023 2227 2086 erroris.
2253 2022 2280 2078 iu

1484 2117 1535 2172 linc
1554 2118 1633 2171 etiam
1653 2131 1723 2171 niurc
1743 2116 1843 2187 gratias
1858 2116 1972 2187 agiruos,
1988 2115 2059 2185 quod
2075 2116 2132 2170 bec
2142 2131 2204 2186 grue
2217 2125 2282 2171 aius

1484 2207 1656 2273 credidimus,
1668 2223 1738 2262 ιιιιιιι
1750 2208 1811 2263 aliis
1825 2211 1930 2279 aperire
1943 2206 2096 2271 didicimus,
2112 2208 2181 2261 riam
2198 2207 2269 2263 iaciii

1485 2299 1708 2355 tatis⁸ubcriorc
1732 2298 1887 2355 Sanctitatis
1914 2308 1967 2354 tum
1993 2312 2117 2354 sermone
2136 2297 2282 2367 pandente.

1486 2392 1519 2447 Ει
1532 2394 1583 2448 ulio
1597 2403 1693 2447 mortu:
1708 2392 1870 2448 incolumem
1885 2391 2078 2448 beatitudinem
2089 2400 2171 2455 tuam,
2184 2390 2283 2444 nostri·

1484 2500 1537 2555 que
1550 2500 1707 2549 memorem,
1731 2484 1913 2540 misericordia
1936 2483 1981 2538 llei
2004 2482 2088 2537 riustri
2107 2480 2241 2552 giurillcct
2254 2481 2283 2536 ia

1484 2587 1614 2632 aeteruum
1627 2596 1637 2629 ι
1651 2576 1748 2645 (Epist.
1766 2577 1827 2643 163,
1842 2577 1908 2630 inter
1919 2573 2141 2646 Augustiuiunoa).

1520 2667 1634 2725 carot
1653 2667 1736 2723 xxv.
1746 2669 1835 2724 -t9.
1856 2667 1885 2724 si
1903 2682 1968 2738 ergo
1982 2677 2010 2723 ct
2024 2667 2075 2721 istc
2089 2665 2281 2730 confiteretur,

1487 2759 1522 2813 ita
1536 2760 1563 2815 iu
1584 2761 1634 2814 troc
1652 2774 1744 2814 errore
1764 2774 1794 2815 sc
1813 2759 1895 2814 luisse
1913 2757 2073 2829 aliquando,
2091 2765 2123 2812 ut
2142 2755 2282 2813 hominem

1487 2860 1719 2920 praeoccupatum,
1742 2850 1790 2905 sod
1815 2864 1886 2905 nuuc
1906 2848 2133 2904 anatbematiaare
2155 2848 2202 2920 otii
2223 2846 2283 2904 luce

1488 2951 1602 3008 tcueut;
1635 2943 1756 3014 quisquis
1785 2942 1810 2997 ei
1845 2960 1898 2997 uon
1932 2943 2130 3013 gratularetur,
2171 2951 2283 2999 tenente

1484 3034 1544 3104 jam·
1573 3034 1619 3089 illo
1649 3035 1718 3089 riam
1747 3035 1884 3101 veritatis,
1922 3035 1978 3105 ipse
2010 3034 2145 3091 auritteret
2178 3036 2282 3091 viscera

1486 3125 1634 3181 eharitatis.
1648 3125 1724 3182 Nurrc
1747 3141 1811 3182 sero
1839 3142 1931 3197 parum
1949 3136 1991 3182 est
2011 3127 2083 3197 quod
2104 3142 2134 3183 se
2151 3142 2204 3182 nun
2219 3141 2284 3183 con·

1486 3216 1573 3274 lessus
1596 3226 1638 3273 est
1654 3218 1688 3272 ab
1711 3233 1742 3272 ea
1762 3226 1837 3288 peste
1857 3218 2018 3285 liberatum,
2038 3217 2085 3274 sed
2105 3219 2283 3275 anathemati·

1487 3310 1556 3365 ravit
1580 3310 1689 3381 insuper
1715 3310 1861 3378 liberatos,
1887 3309 1931 3380 qui
1957 3324 2019 3366 euin
2038 3310 2078 3364 sie
2097 3309 2230 3380 diliguat,
2253 3322 2283 3366 ut

1487 3403 1567 3459 etlam
1581 3404 1666 3473 ipsum
1681 3403 1791 3473 cupiant
1808 3402 1914 3458 liberari
1929 3420 1937 3457 ε
1950 3403 1976 3457 in
1989 3401 2085 3472 quibus
2097 3412 2124 3457 et
2142 3402 2187 3458 isti
2200 3412 2282 3469 sunt,

1488 3496 1532 3564 poi
1551 3495 1761 3561 benevelentiam
1776 3510 1853 3550 suam
1873 3510 1936 3565 erga
1952 3495 2026 3550 ilium
2040 3494 2280 3566 significaverunt,

1489 3586 1529 3642 bis
1544 3586 1577 3642 ad
1592 3603 1635 3641 me
1648 3586 1717 3641 datis
1731 3586 1827 3641 litteris
1839 3587 1911 3650 suis;
1927 3601 1989 3642 natu
2004 3596 2032 3642 et
2046 3586 2133 3657 ipsum
2149 3588 2282 3659 praecipue

1488 3679 1656 3750 cogitabant,
1675 3695 1736 3734 curn
1753 3678 1889 3746 dicerent,
1907 3679 1958 3735 boe
1975 3695 2004 3736 se
2016 3679 2106 3748 allici,
2120 3681 2191 3752 qtrod
2207 3681 2282 3738 urus

1489 3772 1563 3827 illum
1574 3771 1670 3827 librum
1685 3772 1857 3842 scripserim?
1874 3789 1884 3824 ι
1907 3771 2046 3844 Siquidem
2060 3772 2182 3845 contigit,
2207 3792 2218 3828 ι
2240 3773 2282 3829 iu·

1489 3863 1593 3933 quiitint
1617 3882 1627 3916 ι
1649 3863 1774 3919 absentes
1794 3861 1852 3918 deri
1874 3865 2020 3934 quosdam,
2036 3868 2151 3936 quorum
2169 3866 2283 3922 cecitatl

1490 3954 1538 4008 ista
1552 3962 1605 4007 ιιιιι
1619 3955 1766 4024 perspicuae
1778 3956 1899 4012 imitatis
1918 3955 2060 4011 illustratio
2074 3954 2234 4022 deberetur3
2248 3955 2282 4010 ad

1489 4060 1556 4116 quos
1569 4046 1620 4101 etsi
1635 4047 1755 4117 tardius,
1773 4068 1784 4102 ι
1800 4049 1942 4119 inquiunt,
1963 4065 1974 4100 ι
1992 4064 2046 4103 non
2060 4047 2208 4105 dilbdimus
2220 4062 2283 4121 pro·

1490 4137 1555 4208 pitin
1564 4138 1619 4193 Deo
1629 4139 1750 4195 camdem
1758 4141 1870 4212 gratiam
1880 4140 2031 4211 pervenire.
2046 4159 2057 4193 ι
2068 4138 2172 4196 Nomen
2184 4140 2283 4211 quippe

1489 4229 1531 4284 rel
1544 4229 1652 4285 nomina
1670 4231 1720 4300 ipsi
1741 4248 1847 4302 quoque
1867 4230 1955 4287 adbuc
1973 4229 2083 4287 uceuda
2102 4238 2279 4301 putaverunt,

1491 4321 1631 4379 utrirente
1640 4320 1765 4386 amicitia,
1774 4337 1852 4377 error
1866 4323 1955 4392 potius
1964 4320 2281 4378 moreretoramieorum.

1526 4412 1570 4470 50.
1592 4413 1628 4467 ut
1642 4427 1711 4467 itone
1731 4413 1754 4468 si
1768 4412 1891 4484 Pelagius
1905 4412 1988 4468 ileum
2000 4413 2117 4483 cogitat,
2131 4411 2153 4468 si
2174 4426 2228 4467 non
2242 4419 2284 4467 est

1491 4503 1609 4577 ingratus
1621 4504 1681 4575 ejus
1695 4505 1895 4569 misericordiae,
1910 4506 1954 4577 qui
1968 4503 2075 4560 eumad
2093 4505 2283 4574 episcoporum

1487 4595 1619 4665 judicium
1633 4604 1773 4665 propterea
1788 4595 1921 4667 perduxit,
1937 4603 1965 4651 ιιι
1981 4593 2038 4650 baec
2052 4593 2223 4650 anathemata
2238 4592 2285 4649 de·

1491 4686 1599 4743 lendere
1618 4698 1710 4758 postea
1731 4703 1784 4743 uon
1805 4687 1933 4752 auderet,
1953 4687 2062 4758 jamqtte
2084 4685 2240 4742 detestanda
2258 4693 2285 4740 ct

1490 4777 1638 4847 abjicienda
1652 4787 1843 4849 cognosceret,
1859 4782 1960 4849 gratius
1982 4777 2095 4848 accipiet
2115 4776 2219 4832 litteras
2235 4791 2284 4830 no·

1491 4877 1571 4935 stras,
1580 4868 1822 4939 quarrdoeaprcsso
1833 4868 1942 4924 nomine
1952 4867 2028 4923 olcus
2037 4866 2186 4922 sanandum
2197 4867 2286 4938 petias

1490 4962 1636 5032 aperimus,
1644 4976 1724 5032 quarn
1732 4961 1790 5015 illas
1798 4960 1848 5032 (n),
1856 4961 1900 5015 ubi
1910 4975 1970 5016 cum
1979 4959 2099 5015 dolorem
2110 4960 2198 5015 lacere
2206 4959 2286 5015 time·

1492 5068 1599 5118 remus,
1613 5062 1763 5119 tumorem,
1778 5054 1848 5125 quod
1863 5069 1912 5109 nos
1925 5053 2053 5123 poenitet,
2067 5051 2242 5122 augebamus.
2257 5051 2287 5107 st

1491 5155 1580 5201 autem
1594 5145 1658 5200 mibi
1671 5145 1750 5201 luerit
1761 5146 1853 5211 iratus,
1864 5161 1943 5217 quam
1956 5146 2045 5217 utique
2060 5147 2289 5200 irascatrtratten-

1492 5238 1547 5303 dat,
1562 5247 1589 5293 ct
1600 5246 1630 5292 ut
1641 5238 1729 5294 vincat
1743 5237 1821 5303 iram,
1834 5237 1939 5292 tandem
1953 5235 2095 5306 aliquando
2110 5234 2154 5291 llei
2169 5234 2291 5305 postulet

1491 5329 1621 5400 gratiam,
1637 5343 1716 5398 qiiatn
1736 5328 1762 5384 iu
1783 5328 1834 5382 boc
1844 5326 1945 5398 iudicio
1965 5325 2105 5382 cotriessus
2118 5334 2160 5381 est
2174 5323 2290 5396 singulis

1493 5422 1592 5477 uostris
1609 5420 1712 5477 actibus
1727 5421 1920 5486 necessariam
1939 5429 1970 5474 ut
1982 5434 2072 5474 verant
2086 5426 2290 5490 consequatur,

1494 5512 1540 5568 ilio
1549 5512 1700 5583 adjurante,
1716 5512 1865 5567 victoriam.
1878 5510 1947 5580 Quid
1959 5511 2031 5565 enim
2043 5510 2068 5565 ei
2081 5516 2196 5582 prosunt
2209 5516 2294 5565 tantu

1492 5606 1553 5676 ejus
1564 5606 1655 5660 laudes
1667 5605 1693 5660 iu
1706 5604 1826 5676 epistolis
1835 5604 2034 5676 episcoporum,
2042 5617 2109 5674 quas
2120 5616 2169 5673 pro
2179 5614 2294 5659 sumnt-

1495 5699 1701 5765 utemorandas,
1721 5698 1764 5754 rel
1788 5701 1868 5754 etiam
1892 5696 2018 5768 legendas
2038 5705 2118 5769 atque
2136 5694 2296 5766 allegandas

1495 5790 1611 5862 putarit;
1624 5790 1699 5861 quasi
1713 5804 1774 5845 cum
1788 5788 1846 5845 liare
1862 5803 1989 5860 peruersa
2003 5788 2121 5854 sentire,
2136 5787 2295 5858 omnesqui

1495 5883 1666 5938 rebemeutes
1692 5889 1719 5936 et
1744 5879 1859 5951 quodam
1883 5879 1964 5936 modo
1989 5878 2115 5935 ardentes
2136 5875 2170 5934 ad
2191 5875 2295 5934 bonane

1527 6074 1631 6165 :saara
1643 6065 1722 6142 caniba
1741 6065 1765 6117 i.
1832 6125 1840 6177 Ι
1879 6124 1932 6177 dm

1511 6126 2006 6248 strauit-„ubam

1529 6257 1537 6287 ⁸
1557 6263 1615 6305 suar
1626 6290 1633 6311 ,
1645 6251 1787 6321 felicitatis.⁸

1530 6320 1566 6379 (ιι)
1583 6316 1807 6374 stipendiumne
