5592 7350
500 851 554 914 385
851 810 879 909 s:
900 850 1080 909 ittthsttitt
1100 850 1248 908 t-:t‘tscoti
1269 851 1368 906 LIBER
1389 851 1434 906 DE
1454 845 1609 908 ructatio
1627 851 1810 911 OIllGleLl.
2102 859 2153 916 58ss

499 965 669 1038 pabebilem
681 967 800 1037 quidem.
815 966 863 1020 setl
876 981 929 1019 uon
944 966 1070 1019 minutius
1084 979 1226 1019 exeussum
1239 980 1246 1017 t
1259 974 1305 1019 iint
1356 966 1389 1020 do
1403 975 1492 1020 uirium
1506 959 1554 1035 nte·
1568 968 1627 1033 iiic,
1649 969 1712 1022 sicut
1726 978 1749 1023 et
1763 971 1845 1023 ceteri
1865 968 1974 1040 (Epicu.
1989 987 2024 1035 n,
2039 969 2079 1045 bl.
2095 970 2152 1043 ipsa

461 1115 463 1128 ,
503 1065 574 1116 unte
586 1058 611 1114 ii
628 1059 675 1114 ille
693 1058 735 1126 tjir
755 1068 863 1113 sanetus
884 1066 962 1127 atque
985 1056 1092 1111 ltnmilis
1107 1056 1262 1112 Zachariam
1277 1066 1304 1111 et
1356 1066 1396 1112 est
1411 1057 1481 1111 enim
1496 1071 1544 1126 per
1556 1068 1693 1126 peceatum
1707 1059 1784 1129 primi
1799 1060 1924 1127 bontiuis,
1939 1060 2009 1130 quod
2024 1075 2058 1117 eti
2069 1062 2153 1122 libero

505 1147 639 1208 Binbelli
654 1165 768 1206 summae
782 1159 860 1220 atnue
875 1148 1030 1203 omnimodo
1045 1148 1168 1219 perlectae
1181 1149 1302 1218 justitiae,
1356 1148 1414 1218 ejus
1426 1149 1498 1203 uenit
1510 1147 1630 1214 arbitrio,
1645 1150 1736 1205 uitiata
1746 1161 1773 1205 ot
1782 1149 1905 1205 damnata
1917 1161 2028 1217 natura;
2042 1153 2085 1207 cui
2095 1156 2151 1208 sola

505 1241 546 1296 citi
558 1238 624 1295 nibil
639 1240 700 1295 addi
712 1240 767 1310 jam
781 1247 889 1311 posset,
905 1238 987 1293 luisse
998 1238 1169 1305 existimavit,
1184 1238 1323 1308 protecto·
1355 1259 1404 1313 per
1413 1243 1585 1299 blediatorem
1597 1244 1642 1299 Dei
1656 1253 1683 1299 et
1693 1243 1829 1298 bominum
1840 1255 1866 1299 et
1877 1244 2087 1314 omnipotentem
2098 1260 2153 1303 me-

461 1353 463 1374 t
505 1331 665 1387 melantiam
682 1345 757 1384 anain
774 1328 900 1384 minutius
914 1328 1073 1384 excutiendo
1087 1330 1213 1383 correxit.
1355 1333 1444 1389 dicum
1464 1334 1552 1389 diuina
1573 1335 1697 1391 subvenit
1716 1335 1810 1404 gratia.
1830 1335 1868 1389 De
1882 1333 1958 1404 cujus
1972 1335 2104 1405 adjutorio
2117 1338 2149 1391 ad

536 1421 652 1479 stibi
667 1423 698 1478 L.
710 1453 745 1463 -
757 1422 802 1479 55.
816 1420 943 1477 llttcnilat
956 1436 1020 1476 sane
1033 1422 1083 1475 iste
1097 1421 1123 1475 in
1137 1421 1230 1477 codem
1245 1423 1303 1492 ipso
1353 1423 1570 1492 justificationem
1592 1436 1728 1490 nostram,
1743 1440 1796 1495 quo
1809 1426 1880 1480 bens
1901 1426 2070 1495 diligentibus
2090 1441 2150 1479 cuni

506 1516 577 1580 loco,
600 1514 673 1571 nude
692 1514 743 1570 line
756 1514 963 1568 Ambrosianum
980 1512 1176 1581 testimouium,
1191 1513 1260 1583 ipitnd
1277 1514 1303 1568 ei
1355 1516 1443 1569 omnia
1464 1526 1622 1588 cooperatur
1635 1517 1662 1571 in
1677 1516 1776 1572 bonnm
1793 1518 1800 1549 ¹
1817 1516 1904 1590 (botri.
1921 1533 1984 1584 viii,
1999 1516 2064 1588 ΞΒ),
2084 1530 2152 1586 quos

507 1605 638 1674 placebat,
652 1603 815 1672 assumpsit,
831 1603 914 1657 etiarn
934 1601 998 1657 illud
1019 1616 1080 1657 enm
1102 1602 1218 1668 dixisse,
1231 1605 1302 1672 quod
1354 1607 1428 1676 prior
1440 1606 1532 1661 dilexit
1545 1607 1566 1676 (Ι
1578 1605 1656 1660 lunii.
1669 1623 1707 1672 iv,
1720 1607 1776 1678 lb),
1791 1607 1894 1663 donans
1906 1608 1945 1662 eis
1959 1617 1986 1662 ut
1999 1609 2153 1678 diligeretur

510 1694 563 1748 rab
582 1693 661 1748 initio
671 1707 731 1748 csse
742 1694 940 1747 immaculatum
955 1692 982 1757 ¹,
995 1690 1119 1746 liumanre
1139 1693 1303 1762 impassibile
1354 1695 1388 1750 ab
1403 1697 1456 1762 cis,
1471 1697 1532 1767 qnia
1545 1697 1644 1765 jamdiu
1661 1707 1701 1752 est
1714 1708 1743 1751 nt
1757 1697 1913 1752 disserimus
1927 1697 2071 1767 :deinceps
2085 1698 2152 1752 inei-

509 1787 537 1841 ιιι
551 1796 677 1840 naturae:
695 1803 705 1837 i
724 1784 769 1840 ubi
784 1784 895 1839 omnino
910 1783 981 1837 illant
1001 1784 1148 1838 naturalem
1170 1784 1303 1854 possibili·

510 1887 594 1941 iiteui,
608 1890 689 1947 qnam
701 1875 824 1945 Pelagius
835 1890 888 1928 non
902 1874 958 1930 rnlt
969 1873 1083 1929 lideliter
1095 1874 1230 1943 respicere
1241 1889 1303 1945 pec·

511 1975 560 2021 rato
569 1981 634 2023 csse
646 1966 777 2032 uitiatam,
793 1973 820 2020 et
834 1964 894 2020 ideo
906 1964 1037 2036 jactanter
1049 1964 1161 2030 extollit,
1176 1980 1301 2021 eneruem

513 2060 689 2127 inbrmamgue
704 2065 817 2112 testatur
834 2056 1002 2112 reiterandis
1016 2056 1172 2111 dmbmsins
1187 2074 1194 2111 :
1209 2057 1302 2127 procul

512 2147 579 2204 libio
594 2155 690 2203 eontra
710 2147 787 2203 istius
800 2147 979 2212 uoluntatem,
993 2145 1040 2201 sed
1056 2160 1108 2201 non
1128 2153 1220 2201 contra
1238 2161 1302 2216 apo·

512 2240 622 2297 numm
633 2240 784 2307 ueritatem,
797 2239 842 2294 ubi
851 2238 958 2311 legitur,
973 2236 1082 2292 Fuimus
1094 2247 1118 2293 et
1131 2254 1177 2294 noi
1186 2238 1302 2310 eliquen-

533 2433 542 2467 ι
552 2440 633 2497 tute,
643 2432 831 2487 innectentem

1354 1788 1475 1858 plantus,
1490 1798 1616 1858 quantum
1636 1787 1763 1843 llotniiius
1779 1787 1927 1857 adjurarit,
1945 1789 2026 1843 ctiam
2041 1788 2074 1843 de
2088 1802 2152 1857 pee-

1354 1889 1424 1945 cato,
1439 1879 1508 1949 qnod
1524 1894 1572 1949 per
1586 1895 1666 1933 tinum
1679 1878 1815 1934 bominem
1829 1894 1888 1933 cuin
1905 1888 1991 1934 morte
2004 1879 2113 1934 intrauit
2126 1880 2151 1934 in

1355 1968 1500 2035 mtiudum,
1523 1979 1602 2038 atque
1626 1971 1662 2024 ita
1688 1970 1715 2023 in
1736 1983 1831 2024 omnes
1855 1960 1975 2024 lioiiiines
1999 1971 2153 2040 pertransiit

1356 2059 1443 2131 (lintri.
1456 2076 1482 2125 tt,
1497 2060 1553 2131 ta),
1565 2061 1693 2117 aduersus
1707 2062 1772 2116 istos
1785 2045 1829 2133 qui
1843 2062 1870 2116 in
1883 2076 2001 2118 errorent
2016 2063 2078 2118 linio
2088 2078 2153 2118 con·

1355 2150 1464 2204 riarium
1487 2152 1591 2205 vet-iuni
1613 2151 1731 2220 apertius
1753 2161 1913 2221 eruperunt,
1928 2167 1989 2222 que
2007 2153 2072 2208 satis
2090 2168 2152 2210 csse

1354 2243 1514 2299 uidebuntur
1526 2244 1686 2313 exprimere.

1386 2372 1395 2404 ¹
1408 2380 1459 2420 tm.
1473 2380 1499 2422 ot
1509 2379 1563 2430 Er..
1579 2386 1627 2433 nno
1639 2381 1714 2424 nerim
1723 2371 1875 2437 diligentibus
1892 2387 1948 2424 etun
1963 2372 2045 2426 mutio
2064 2386 2151 2440 odone·

1354 2439 1441 2484 rantur
1463 2433 1489 2485 i'n
1500 2434 1594 2484 botrum.
1607 2433 1676 2497 itate,
1688 2448 1717 2487 ae
1726 2436 1927 2485 dissentientibus
1937 2444 1991 2485 ttss.

1465 2545 1594 2553 ι·-
1657 2546 1901 2555 --=---—·—--.-
1912 2547 1961 2557 -nn

746 2655 825 2803 s.
888 2584 1909 2804 minemia‘iieusnmt

501 2903 707 3127 nn
809 2896 1406 3124 etinunt
1510 2899 2149 3125 enuisti

713 3261 825 3388 ET
862 3259 983 3388 DE
1020 3256 1437 3389 PECCATO
1468 3257 1947 3390 ORIGINALI

779 3452 1016 3538 CONTRA
1052 3452 1361 3539 PELAGIUM
1396 3454 1471 3537 ET
1509 3450 1878 3538 COELESTIUM

1189 3605 1325 3755 eiiii
1343 3615 1462 3702 eii.

1180 3782 1471 3839 saesdema

972 3899 1208 4008 LIBER
1237 3896 1679 4006 SECUNDUS.

1084 4064 1135 4124 DE
1156 4061 1338 4124 PECCATO
1359 4060 1578 4123 OlllGlNALl.

1239 4179 1427 4236 ammove

528 4317 644 4371 ostendit
653 4317 809 4381 Augustinus,
820 4315 944 4378 Pelagium
955 4314 980 4363 in
991 4311 1126 4376 quastione
1135 4308 1168 4358 de
1179 4309 1215 4358 mi

1259 4306 1290 4356 ali
1302 4312 1404 4369 peccato
1415 4316 1444 4355 ac
1454 4304 1486 4354 de
1494 4302 1648 4365 paruulorum
1660 4305 1803 4366 baptistnate
1813 4339 1821 4366 ,
1832 4305 1891 4356 nibil
1902 4309 1983 4369 reipsa
1992 4307 2122 4360 dissentire
2136 4323 2150 4362 a

501 4378 620 4444 tlselpulo
629 4380 708 4444 ipsius
716 4378 842 4437 tmlestio,
855 4379 896 4439 qui
908 4381 1035 4439 peecatum
1044 4369 1161 4435 originale
1173 4321 1283 4442 eonffiri
1294 4367 1396 4439 nolens,
1410 4364 1451 4438 tufi
1463 4368 1536 4415 etiam
1547 4370 1633 4428 aperte
1645 4377 1739 4428 negare
1750 4379 1840 4426 anem,
1861 4369 2004 4440 cariliagine
2032 4371 2100 4427 rrius,
2122 4386 2152 4422 an

501 4450 588 4514 pstea
599 4449 689 4501 lionae,
698 4439 876 4550 episcopalibus
881 4437 978 4500 judiciis
987 4436 1170 4517 damnatuslesb
1183 4437 1345 4489 Quaestionem
1357 4441 1423 4477 enim
1432 4434 1563 4499 istaut'non
1579 4438 1663 4499 earum
1675 4439 1739 4500 esse,
1748 4435 1775 4479 ut
1783 4427 1896 4501 baeretici
1906 4431 1980 4478 tidem
1991 4443 2021 4478 ro
2033 4431 2115 4491 ebant,
2126 4434 2150 4481 in

501 4506 590 4615 fibris
601 4510 694 4566 meter
713 4502 761 4550 ider
774 4499 908 4564 pericnlum
921 4510 1005 4547 errare
1016 4499 1150 4556 contingit.
1163 4506 1211 4541 mio
1221 4492 1379 4540 buneeorum
1388 4502 1497 4538 errorem
1508 4501 1559 4549 ipsa
1567 4488 1729 4539 omiunolldet
1738 4489 1875 4539 christianae
1886 4497 1973 4552 petere
1985 4491 2150 4543 fundamenta.

542 4563 598 4614 ellit
609 4574 657 4614 eos

503 4626 621 4678 mitari
697 4626 744 4673 tam
754 4623 807 4673 lieri
818 4621 1007 4673 contendebant.

534 4729 653 4787 carba
673 4727 812 4785 t‘ttttttttt.
826 4755 864 4768 -·
877 4728 902 4782 l.
923 4725 981 4782 iam
997 4737 1069 4778 nune
1087 4721 1228 4793 diligenter
1250 4717 1299 4773 ad-

505 4824 620 4890 vertite,
635 4821 669 4876 dc
687 4821 850 4891 baptismate
872 4815 1042 4888 paruulorum
1065 4828 1145 4884 quam
1160 4818 1238 4865 caute
1249 4809 1300 4864 de-

504 4912 591 4970 leatis
610 4913 705 4968 audire
726 4911 848 4967 bomines
867 4907 1018 4980 eiusmodi,
1044 4906 1089 4976 qui
1110 4917 1195 4974 neque
1209 4908 1300 4972 aperte

708 4569 760 4622 tea,
772 4562 814 4625 qitl
825 4558 1005 4623 ortgtinl'evtttt
1013 4558 1126 4621 dogtnate
1135 4554 1272 4617 nuptiarmn
1283 4551 1383 4601 bonitati
1395 4550 1611 4613 detestatumque
1623 4551 1668 4612 ipsi
1676 4584 1684 4613 ,
1692 4549 1847 4614 bominisqni
1857 4564 1903 4614 per
1912 4554 2007 4614 nuptias
2017 4565 2151 4615 generatur

1354 4730 1501 4784 omnesque
1524 4715 1582 4769 siue
1603 4715 1657 4769 tillu
1671 4715 1736 4769 uitia
1749 4725 1826 4770 natos
1840 4731 1900 4771 esse
1915 4717 2103 4773 contendunt?

1388 4803 1501 4860 cient
1512 4801 1544 4858 lt.
1556 4835 1590 4844 -
1600 4803 1627 4857 ⁶2.
1641 4805 1674 4859 Et
1683 4804 1825 4860 Caelestius
1837 4806 1945 4875 quidem
1956 4808 1983 4862 iu
1999 4808 2049 4863 boe
2063 4809 2146 4864 exsti·

1354 4896 1386 4951 tit
1400 4910 1492 4951 errore
1504 4894 1623 4962 liberior,
1639 4895 1810 4964 usqueadeo,
1823 4905 1852 4950 ut
1864 4912 1950 4967 neque
1964 4897 1989 4950 iu
2000 4899 2148 4968 episcopali

503 5004 540 5062 itt
554 5004 629 5059 atati
647 5004 780 5057 lavacrum
800 4998 1009 5071 regenerationis
1028 5005 1055 5051 et
1070 5001 1238 5064 peecatorum
1255 5006 1299 5046 re·
1350 4990 1452 5061 judicio
1466 4989 1537 5060 apud
1559 4987 1745 5057 Cartltaginem
1765 4988 1894 5044 damnare
1908 4991 2025 5045 uoluerit
2043 5007 2090 5048 cos
2103 4993 2149 5061 nui

504 5095 642 5153 missionis
662 5092 760 5148 audent
786 5104 901 5162 negare,
929 5103 963 5142 ue
987 5086 1039 5141 line
1058 5084 1209 5140 ebristinuaa
1222 5096 1300 5136 aures

505 5187 575 5243 terre
594 5200 651 5240 nou
675 5184 792 5253 possint;
808 5191 938 5237 ettamen
959 5178 1110 5249 opinionem
1132 5191 1224 5241 suain,
1248 5188 1300 5244 qua

505 5285 598 5347 putant
611 5283 722 5345 peccato
735 5271 813 5342 primi
824 5270 941 5327 bominis
953 5267 1086 5324 carnalem
1101 5266 1299 5338 generationem

505 5368 648 5425 obnoxiam
664 5379 717 5420 non
731 5363 833 5429 teneri,
849 5361 917 5418 tueri
937 5368 964 5417 et
979 5358 1118 5415 defensare
1133 5357 1298 5428 persistunt,

505 5461 627 5528 gnaruris
639 5456 680 5512 eis
692 5455 856 5526 Baptismuut
873 5452 1014 5508 uideantur
1028 5451 1055 5506 in
1069 5460 1237 5521 peecatorum
1258 5465 1300 5503 re·

506 5551 662 5607 missionem
677 5547 834 5604 concedere.
848 5546 950 5616 Nempe
965 5543 1015 5614 ipsi
1028 5557 1044 5597 a
1059 5541 1164 5612 Pelagio
1175 5556 1222 5597 tos
1232 5555 1300 5611 pra-

507 5652 579 5699 settte
603 5639 752 5712 scripsistis
777 5637 904 5704 audisse,
925 5635 1056 5692 recitante
1070 5633 1145 5688 tobis
1159 5631 1194 5686 de
1212 5630 1301 5686 libello

506 5748 564 5800 iso,
578 5747 662 5804 quein
676 5730 757 5786 etiarn
775 5730 887 5784 Romam
900 5743 930 5783 se
944 5725 1050 5781 misisse
1063 5723 1216 5789 asserebat,
1230 5720 1301 5793 qnod

509 5824 626 5881 iiisdcm
641 5821 809 5879 Sacramenti
818 5820 907 5876 uerbis
918 5838 928 5873 i
939 5817 1048 5874 dimoti
1063 5815 1161 5871 debere
1174 5813 1300 5884 baptizari

507 5915 641 5982 hiemes,
663 5913 760 5985 quibus
774 5921 801 5968 et
815 5910 941 5982 maiores.
963 5927 974 5963 u
996 5907 1061 5978 Quis
1078 5915 1137 5978 post
1158 5906 1202 5961 illa
1221 5906 1302 5962 uerba

508 6015 622 6079 putaret,
635 6005 676 6062 eis
688 6004 723 6060 de
735 6003 785 6058 bac
797 6018 827 6058 re
842 6002 921 6057 ullam
935 5998 1091 6055 mouendam
1102 6012 1162 6053 esse
1175 5997 1303 6067 quaestin-

509 6099 586 6157 setul
611 6107 658 6152 aut
679 6110 740 6151 cum
764 6094 880 6157 iaceret,
905 6091 949 6146 eni
973 6106 1027 6146 nou
1047 6086 1303 6147 calumniosissimus

509 6187 651 6251 Meretur,
668 6186 690 6242 si
705 6200 757 6241 iton
772 6199 864 6242 eorum
884 6181 1022 6237 manifesta
1036 6180 1115 6235 uerba
1131 6180 1301 6248 legerentur,

510 6279 551 6339 ubi
579 6289 680 6352 negm
702 6275 826 6353 parrulos
853 6274 957 6331 trabere
991 6272 1118 6346 originale
1144 6277 1300 6343 paccatum,

1353 5079 1454 5145 dicunt,
1473 5098 1482 5131 ι
1499 5079 1575 5149 Qund
1589 5089 1727 5149 peccatum
1747 5078 1812 5133 Adae
1827 5079 1912 5150 ipsum
1928 5082 2014 5135 sulum
2028 5081 2148 5151 laeserit,

1353 5180 1380 5225 et
1391 5186 1443 5225 non
1454 5186 1538 5241 genus
1551 5169 1713 5235 buinanum;
1730 5177 1757 5224 et
1770 5169 1841 5239 qrioil
1856 5170 2022 5242 iniantcsqni
2033 5188 2149 5229 nascun-

1353 5272 1407 5329 tttr,
1419 5262 1445 5317 in
1456 5277 1489 5318 eo
1499 5270 1568 5317 statu
1580 5265 1644 5328 sint,
1659 5261 1685 5315 in
1698 5276 1751 5332 quo
1763 5262 1847 5315 tlilam
1860 5261 1907 5317 luit
1916 5270 1977 5317 ante
1989 5265 2147 5333 prat-arici-

1353 5354 1464 5409 tionem.
1485 5371 1494 5405 i
1510 5353 1581 5408 Elin
1596 5353 1661 5407 urbe
1681 5353 1764 5406 llutiia
1779 5353 1804 5406 iii
1818 5351 1909 5408 libello
1922 5368 1981 5416 sno,
1993 5357 2071 5424 quent
2083 5354 2148 5409 bea-

1353 5445 1458 5502 tissima
1469 5461 1544 5516 papa
1559 5445 1666 5498 Ztisittto
1676 5444 1758 5508 dedit,
1771 5445 1796 5497 id
1811 5445 1972 5498 asseuerauit
1985 5444 2146 5514 expressius,

1357 5537 1456 5607 iquod
1480 5537 1652 5606 parinlniunt
1683 5538 1815 5590 neminem
1845 5535 1993 5606 obstringat
2017 5537 2148 5606 originale

1354 5637 1502 5699 peceatum.
1521 5646 1531 5680 i
1550 5628 1587 5681 [te
1600 5626 1682 5697 gestis
1701 5627 1772 5682 euim
1795 5626 1982 5681 ecclesiasticis
2005 5626 2147 5697 Cartbagi-

1354 5719 1482 5775 nensibus
1496 5718 1554 5775 liae
1566 5716 1622 5789 ejus
1638 5717 1716 5773 uerba
1733 5717 1934 5787 descripsimus.

1389 5808 1503 5865 caetis
1522 5808 1565 5862 ιιι.
1580 5838 1616 5849 -
1628 5809 1653 5862 3.
1670 5826 1680 5859 ι
1700 5807 1823 5862 Aurelius
1838 5807 2063 5880 episcopusdixit
2078 5826 2085 5866 ε
2100 5808 2147 5864 Se·

1354 5899 1462 5972 qtietitia
1476 5900 1629 5955 recitentur.
1649 5899 1680 5953 tii
1696 5898 1834 5953 recitatum
1848 5904 1900 5958 est.
1916 5897 1992 5965 Quod
2009 5908 2146 5968 peccatum

1354 5991 1420 6047 itta
1432 5992 1482 6061 ipsi
1495 5991 1544 6045 soli
1556 5989 1681 6059 abluerit,
1696 5998 1723 6043 et
1735 6004 1787 6042 uon
1797 5990 1887 6057 gatteri
1899 5990 2025 6045 ltuutano.
2040 5991 2073 6045 Et
2085 6006 2147 6046 curu

1356 6084 1493 6138 recitatum
1519 6092 1608 6144 esset,
1633 6081 1773 6137 Caelestius
1795 6081 1860 6134 dixit
1877 6098 1884 6135 ε
1900 6080 1958 6136 biii
1980 6081 2014 6138 de
2040 6082 2150 6138 traduce

1356 6175 1456 6244 peccati
1478 6173 1587 6226 tlnb'entn
1612 6188 1655 6226 tue
1677 6186 1754 6232 esse,
1777 6170 1812 6224 ita
1832 6180 1918 6226 tamen
1939 6182 1967 6227 nt
1984 6172 2026 6228 cni
2039 6172 2150 6227 donarit

1357 6267 1427 6323 licus
1440 6265 1551 6328 gratiani
1573 6266 1675 6329 peritiae
1703 6264 1885 6334 consentiam,
1911 6267 1971 6336 uitia
1995 6267 2100 6326 diuersi
2116 6279 2151 6326 au
