5592 7350
577 903 624 958 att

577 1035 603 1071 m
619 1017 841 1081 liheruarbitrio,
867 1030 919 1084 qno
938 1016 964 1069 in
985 1009 1143 1084 protundum
1162 1008 1302 1063 demersus
1323 1014 1365 1061 est

579 1106 680 1172 hirom,
700 1117 728 1159 ut
749 1120 782 1161 eo
803 1104 871 1158 bene
891 1101 988 1157 utendo
1008 1101 1096 1156 dicant
1113 1098 1247 1152 bominem
1268 1095 1365 1150 mereri

577 1200 687 1269 qratiam
702 1214 708 1249 :
722 1212 782 1251 eum
793 1210 871 1250 iterato
882 1195 949 1249 liene
959 1194 1004 1249 illo
1016 1193 1052 1246 uti
1064 1192 1147 1261 possit
1159 1231 1166 1253 ,
1179 1189 1230 1242 uisi
1244 1203 1291 1257 per
1305 1191 1368 1256 gra&

579 1290 641 1341 tiam
654 1327 662 1352 ,
676 1302 734 1357 qnae
747 1301 798 1339 nun
811 1285 955 1340 sectandum
969 1283 1086 1337 debitum
1099 1279 1234 1344 redditur,
1248 1278 1295 1333 sed
1311 1277 1365 1332 Deo

578 1378 662 1446 gratis
674 1377 819 1431 miserante
829 1375 951 1430 (lentatur.
963 1374 1092 1429 Parvulos
1103 1382 1191 1426 autern
1206 1369 1241 1424 ita
1254 1377 1368 1425 moten-

903 895 1038 954 cortina
1060 891 1148 950 obas
1167 886 1351 945 tzt’tstutas
1370 887 1645 956 PELdGthOIlUll,
1665 889 1694 945 S.
1715 888 1898 947 AUGUSTlNl

2152 896 2206 953 571

1419 1011 1485 1064 (ιιιιιι
1497 1011 1618 1080 cssejam
1629 1012 1727 1076 salros,
1742 1023 1795 1067 uta
1807 1013 1943 1069 salvatore
1958 1016 1966 1047 ¹
1981 1013 2096 1093 audeant
2107 1031 2207 1087 negare

1418 1102 1568 1158 salvandos.
1590 1103 1691 1158 Etbaec
1704 1104 1875 1160 exsecrabilia
1890 1105 2012 1175 deganam
2033 1116 2156 1161 terrentes
2177 1120 2206 1163 et

1418 1193 1589 1257 sertrinantes,
1603 1198 1689 1250 adlruc
1700 1195 1809 1264 insuper
1819 1195 1938 1265 flagitant
1952 1195 2124 1262 audientiam,
2141 1213 2202 1252 curu

1418 1282 1535 1337 damuati
1545 1284 1659 1338 debeant
1672 1300 1751 1355 agere
1765 1284 1958 1353 poentientiam.

1451 1376 1459 1406 ¹
1475 1376 1512 1423 sie
1522 1380 1576 1425 ttss.
1588 1373 1648 1424 ιιιιιι
1659 1387 1728 1433 reru,
1740 1380 1764 1425 ut
1774 1372 1897 1424 suicutori.

1035 1593 1269 1704 LIBER
1310 1590 1735 1701 SECUNDUS.

609 1759 735 1820 spotstolam
746 1758 925 1821 retagtanomm
933 1757 1043 1814 alteram,
1053 1756 1177 1807 calumniis
1197 1756 1221 1803 lu
1232 1751 1364 1803 catholicus
1374 1754 1449 1801 instar
1466 1753 1549 1823 prime
1568 1753 1696 1810 refertam.
1715 1767 1771 1817 que
1781 1756 2094 1828 camedmepisooporum
2112 1762 2212 1810 omnine

578 1819 769 1869 'thessalonicam
779 1824 810 1868 ab
821 1821 879 1882 ipsis
888 1821 959 1868 atissa
970 1826 1016 1873 est.
1032 1817 1200 1867 excutiendam
1211 1816 1318 1877 suscipit.
1331 1823 1362 1863 tte
1371 1817 1446 1886 primo
1456 1813 1587 1863 eatlaulmts
1606 1814 1788 1877 haudquaquam
1797 1816 1905 1865 incidere
1915 1831 1939 1887 ra
1951 1819 2131 1869 ttamchaeorum
2142 1834 2209 1872 ertu·

580 1892 635 1934 res,
646 1881 703 1928 duan
724 1880 903 1943 t‘elugianmum
921 1880 1031 1940 damnata
1042 1878 1208 1937 detestantur,
1232 1875 1353 1924 haereticis
1364 1875 1450 1924 butem
1461 1875 1524 1923 iuter
1538 1887 1567 1923 sc
1586 1875 1679 1925 collatis
1689 1877 1803 1925 ostendit.
1815 1876 1961 1926 talurrnnam
1973 1881 2176 1939 prat-arimannis
2187 1886 2211 1932 iu

579 1942 715 2000 posteriore
727 1942 813 2002 relegit
825 1940 979 2002 txnlustiiqnc
991 1943 1037 1988 stila
1048 1939 1136 1987 rusina
1144 1937 1297 1984 damnatione
1308 1936 1419 1984 admisse
1430 1935 1553 1996 propulsat
1563 1937 1690 1984 attoutaais
1701 1936 1805 1993 clericis,
1817 1938 2084 2011 ostertdensuelagiam
2095 1943 2209 2005 dignante

581 2012 704 2061 nmquam
713 2008 789 2050 ttorttae
799 2003 942 2063 apaprobata,
957 2000 1051 2050 tametsi
1060 1998 1143 2045 ιιιιιιιιι
1154 1996 1283 2045 elementia
1294 1995 1373 2045 leathra
1383 1994 1521 2058 aliquandiu
1530 2003 1610 2044 actum
1618 1998 1649 2046 sit
1661 2009 1715 2045 eum
1726 1997 1851 2068 coelestio,
1863 2005 1891 2047 ut
1901 2000 1931 2070 ad
1942 2002 2100 2071 corrigendos
2111 2017 2211 2053 errores

579 2071 636 2108 suos
647 2061 816 2110 adduceretur.
828 2063 912 2110 cratiae
923 2061 1019 2109 nombre
1031 2072 1077 2107 nec
1089 2060 1162 2106 latum
1170 2058 1245 2106 asseri
1258 2069 1271 2103 a
1281 2053 1419 2114 catholicis,
1432 2069 1479 2105 nec
1490 2069 1647 2125 persiuartmt
1657 2065 1822 2131 acceptionem
1835 2066 1884 2130 bert
1896 2064 1989 2131 urbm:
2002 2065 2112 2122 quamvis
2122 2076 2210 2113 revera

579 2121 620 2168 hei
632 2122 733 2181 gratiam
745 2135 792 2169 trun
803 2122 936 2171 secuudum
956 2120 1042 2169 merita
1051 2119 1172 2167 buzninum
1186 2119 1236 2166 dari
1248 2116 1344 2172 disant,
1364 2125 1389 2166 et
1401 2118 1456 2166 boni
1466 2117 1621 2178 cupiditatem
1631 2130 1730 2178 prttttattt
1741 2120 1850 2181 iuspnant
1862 2133 1876 2169 a
1888 2126 1950 2181 beo,
1971 2127 2004 2170 tta
2015 2128 2042 2172 ut
2053 2125 2210 2174 omninum

579 2178 675 2243 incipiat
683 2182 755 2231 humo
766 2194 797 2231 ex
808 2178 870 2231 nnlo
882 2182 907 2231 iu
917 2183 1008 2231 lienum
1017 2180 1173 2238 commend,
1185 2179 1231 2227 uisi
1242 2178 1287 2227 boc
1295 2178 1321 2227 ιιι
1331 2176 1372 2228 illo
1382 2185 1438 2241 agat
1448 2178 1556 2227 ludeblta
1568 2184 1594 2228 et
1605 2179 1709 2241 gratuba
1719 2180 1883 2230 misericordia
1894 2181 1946 2230 nel.

1304 2283 1487 2341 omme)

612 2388 726 2447 CAPUT
738 2389 880 2447 PlllllUdl.
890 2417 926 2430 -
939 2390 963 2443 l.
982 2386 1114 2458 Peiuqiurri
1123 2382 1265 2439 Cutbelicoa
1284 2381 1368 2436 Huni·

578 2480 703 2533 chuerum
714 2460 813 2533 nonnae
822 2480 997 2534 criminentur.
1006 2477 1063 2531 iarn
1074 2488 1144 2531 truite
1156 2475 1245 2537 aliam,
1257 2486 1309 2527 non
1320 2471 1367 2528 Ju-

579 2566 642 2620 liani
658 2576 775 2633 mittum,
796 2567 843 2623 sed
855 2568 880 2624 ei
893 2568 901 2599 ¹
915 2580 1083 2622 cumrnnuem
1097 2579 1157 2619 cum
1173 2563 1294 2632 plurimis
1313 2562 1365 2617 Pe·

579 2654 689 2723 lugianis
709 2656 858 2725 episcopis,
876 2670 955 2725 quam
979 2651 1193 2707 'lltessalonicam
1216 2651 1364 2716 miserunt,

579 2743 777 2800 consideremus
792 2746 951 2815 Epistulam,
964 2744 1042 2814 eique
1054 2785 1061 2806 ,
1076 2742 1187 2797 bordino
1205 2740 1364 2809 adiuvante,

580 2837 788 2906 respondeamus
800 2879 807 2900 ,
822 2846 852 2892 ot
864 2851 1012 2907 possumus.
1028 2834 1103 2901 Quod
1118 2848 1185 2903 opos
1199 2842 1317 2887 nostrum
1331 2846 1366 2887 ne

579 2927 683 2996 longius
702 2929 763 2989 liat,
777 2943 856 2998 quam
870 2941 957 2980 causae
977 2923 1058 2994 ipsius
1073 2924 1216 2978 necessitas
1229 2925 1364 2991 postulat;

579 3016 641 3085 quid
656 3030 722 3084 opus
735 3025 815 3071 estea
828 3030 933 3085 quoque
948 3014 1088 3076 refellere,
1104 3028 1163 3083 quae
1174 3012 1304 3081 dogmatis
1317 3026 1366 3065 co·

579 3121 636 3159 rom
657 3106 780 3162 insidiosa
803 3121 904 3162 venena
923 3120 977 3160 non
991 3104 1127 3160 eriritinent
1138 3144 1146 3171 ,
1159 3103 1205 3158 sed
1220 3112 1321 3158 tantum
1338 3104 1365 3159 in

577 3197 703 3251 auxilium
716 3213 812 3265 sutrin,
827 3198 867 3252 vel
882 3212 930 3268 pro
949 3195 1077 3253 catholica
1092 3196 1144 3251 ilde
1164 3205 1255 3251 contra
1280 3196 1366 3251 blani-

580 3284 735 3354 ebuorum,
750 3288 815 3343 sicut
827 3287 984 3357 loquuntur,
999 3286 1199 3357 profanitatem,
1213 3288 1367 3342 consensio-

579 3392 639 3432 nem
655 3377 851 3434 '0rientalium
865 3378 1048 3450 episcoporum
1063 3376 1186 3431 videntur
1196 3391 1341 3445 exposcere
1355 3392 1364 3444 ς

579 3464 643 3519 nibil
657 3466 727 3521 aliud
746 3468 874 3533 nitentes,
890 3468 940 3521 nisi
955 3478 985 3523 ut
999 3465 1117 3521 horribili
1133 3466 1227 3521 haeresi
1242 3466 1364 3535 objecta,

579 3558 656 3624 caritas
669 3572 698 3611 sc
712 3557 878 3615 aduersarios
890 3571 950 3613 csse
962 3556 1115 3627 contingunt
1127 3598 1134 3621 ‚
1150 3557 1249 3612 lateant
1267 3557 1366 3613 inimici

577 3646 669 3714 gratie
681 3646 707 3701 in
721 3646 798 3703 laude
809 3657 908 3702 nature
919 3647 932 3701 ι
944 3646 1007 3715 Quis
1017 3647 1088 3702 enim
1098 3647 1137 3702 eis
1150 3645 1367 3705 bineeommorit

577 3734 718 3803 aliquando
731 3735 921 3804 quaestionem?
932 3737 1031 3791 hutcui
1041 3736 1234 3792 catholicorum
1247 3748 1366 3809 propter·

577 3838 608 3877 ea
623 3823 777 3894 displicent,
802 3825 863 3895 quia
881 3824 1007 3880 damnant
1021 3840 1068 3880 cos
1082 3841 1148 3894 quos
1160 3827 1280 3896 praedixit
1293 3830 1366 3900 lpo-

577 3915 661 3969 rtolos
674 3930 825 3972 recessuros
844 3932 859 3971 a
880 3916 946 3982 bde,
970 3917 1141 3972 cauteriatam
1156 3917 1283 3976 babentes
1301 3936 1366 3976 con·

578 4004 734 4071 scientiam,
748 4007 920 4076 prohibentes
936 4008 1054 4073 rattbere,
1069 4009 1232 4064 abstinentes
1246 4026 1260 4065 a
1275 4011 1364 4079 cibis,

578 4108 645 4163 quos
667 4095 817 4150 immundos
830 4105 940 4166 putant,
961 4111 1011 4153 nee
1031 4108 1181 4167 pacatiana
1200 4100 1254 4155 Deo
1272 4111 1364 4156 cuneta

578 4198 638 4239 esse
659 4185 764 4241 condita
775 4185 787 4239 l
800 4187 864 4254 Quis
884 4202 930 4242 eos
952 4188 1092 4257 aliquando
1107 4205 1203 4257 negare
1220 4191 1363 4260 compulit,

578 4273 647 4342 quud
660 4274 746 4328 onrriis
760 4285 878 4330 ereatura
899 4276 944 4330 Dei
964 4276 1032 4332 bona
1047 4276 1082 4332 sit
1094 4277 1104 4347 (
1115 4277 1124 4330 l
1134 4277 1200 4331 Tim.
1220 4294 1262 4345 rr,
1278 4280 1322 4333 t-t
1333 4279 1362 4349 ),

577 4372 604 4415 et
614 4362 685 4416 nulla
695 4363 839 4419 substantia
849 4364 884 4419 sit
894 4381 971 4434 quarn
983 4382 1036 4419 non
1050 4381 1169 4420 suntmus
1179 4365 1271 4422 lecerit
1282 4368 1363 4434 lieris,

578 4453 627 4506 nisi
643 4453 699 4522 ipse
714 4455 783 4509 beus
795 4455 839 4524 qui
852 4469 904 4510 non
918 4465 960 4509 est
972 4456 1005 4508 ab
1018 4456 1105 4524 aliquo
1118 4455 1220 4510 brenni
1234 4456 1292 4510 Non
1313 4459 1362 4513 ista

577 4541 602 4594 in
619 4543 673 4607 eis,
687 4559 745 4613 que
766 4553 870 4598 constat
884 4559 942 4598 esse
963 4544 1109 4610 ratludiea,
1131 4546 1364 4613 reprehenduntur

576 4640 654 4700 atque
673 4633 841 4688 damnantur.
862 4632 1026 4703 bnpictatem
1042 4634 1140 4704 quippe
1158 4635 1361 4692 ttaobhamum

576 4720 685 4775 rrirnium
697 4722 708 4753 ⁸
720 4723 827 4777 stultam
840 4732 867 4778 et
877 4723 1000 4788 noxiam,
1016 4738 1068 4777 non
1088 4723 1172 4777 solum
1194 4724 1259 4780 bdes
1270 4726 1362 4781 catho-

576 4809 626 4863 liea
645 4811 812 4878 detestatur;
833 4828 923 4868 verum
945 4814 1029 4867 etiam
1049 4813 1165 4867 baeretici
1185 4829 1295 4880 untncs,
1317 4817 1362 4885 qui

576 4915 628 4954 ιιιιιι
641 4911 702 4955 snm
721 4901 867 4957 hlarticbei.
886 4901 964 4959 Unde
976 4910 1005 4957 et
1019 4902 1060 4957 isti
1079 4903 1212 4973 Pelagium
1231 4906 1281 4959 boe
1295 4906 1376 4961 laerte·

575 4987 687 5053 iaciunt,
702 4989 851 5044 tlaoichats
863 4993 1003 5046 attathema
1015 4991 1105 5046 dicere
1122 5001 1272 5056 ,eteorum
1287 5010 1362 5049 erro·

576 5077 649 5131 ribus
661 5078 853 5134 contradicere.
869 5079 920 5134 Sed
943 5079 1042 5134 iaciunt
1056 5081 1108 5135 duo
1123 5081 1209 5147 rnala,
1224 5084 1320 5153 quibus
1334 5095 1361 5141 et

577 5166 625 5233 ipsi
641 5167 881 5224 anathematizandi
896 5180 956 5224 stunt
981 5189 987 5225 :
1011 5187 1107 5237 uuum,
1127 5174 1196 5242 quod
1210 5174 1361 5232 catttoticos

574 5256 776 5312 Manichaeorum
797 5259 902 5314 nominc
921 5260 1095 5315 criminantur
1113 5278 1120 5326 ;
1140 5262 1273 5329 alterum,
1290 5266 1359 5334 qnod

574 5348 653 5401 etiam
678 5348 727 5416 ipsi
756 5347 877 5404 haeresim
906 5350 969 5403 novi
988 5351 1088 5405 erroris
1115 5352 1251 5407 inducunt.
1270 5353 1360 5425 Neque
1413 5390 1419 5402 ·

574 5438 645 5491 enim
660 5439 720 5507 qnia
735 5438 937 5495 llaniebaeorum
957 5441 1051 5494 morbo
1068 5456 1120 5495 non
1139 5442 1278 5510 laborant,
1300 5461 1360 5516 pro·

573 5537 661 5597 pterea
675 5527 735 5585 bdei
751 5542 822 5584 sante
834 5539 905 5584 sunt.
920 5529 976 5583 Nou
991 5547 1071 5584 tantam
1087 5531 1243 5601 pestilentiae
1257 5545 1298 5590 est
1311 5551 1359 5604 pe·

574 5635 641 5685 run,
658 5621 879 5690 quaemadmodum
897 5621 922 5675 in
936 5624 1109 5690 corporibus,
1125 5625 1200 5679 itaet
1216 5625 1241 5678 in
1264 5628 1359 5681 menti·

573 5709 630 5764 hus.
647 5710 723 5765 Sicut
741 5726 804 5781 ergo
822 5711 941 5766 medicus
954 5711 1073 5780 corporis
1089 5729 1139 5766 nou
1159 5714 1284 5768 continuo
1298 5732 1359 5784 pro·

571 5803 716 5857 nuntiasset
730 5817 744 5856 a
757 5804 849 5857 mortis
860 5803 978 5872 periculo
988 5802 1100 5857 liberum
1114 5802 1222 5873 ⁸,quem
1237 5815 1358 5875 negasset

571 5889 752 5957 hydropicum,
766 5891 789 5946 si
801 5892 853 5946 alio
868 5892 958 5947 leticali
972 5893 1065 5948 morbo
1079 5894 1259 5962 perspexisset
1272 5910 1356 5964 agru-

570 5984 624 6031 tom
642 5978 697 6031 :ita
715 5979 772 6034 istis
787 5993 838 6034 ιιιιιι
854 5981 912 6035 ideo
929 5983 1027 6036 veritas
1043 5983 1207 6051 gratulatur,
1225 5985 1286 6054 quia
1302 5985 1357 6040 lla-

568 6067 662 6122 alelmi
672 6083 723 6122 aron
736 6079 807 6130 saint.
818 6071 840 6123 si
851 6071 903 6125 allo
914 6086 1011 6140 genere
1022 6071 1203 6139 perversitatis
1212 6073 1354 6129 insaniunt.

599 6161 607 6188 ¹
626 6157 734 6213 sibiet.
756 6159 905 6221 fastigantur
916 6163 1115 6224 amanuscriptis.

599 6221 608 6249 ¹
625 6217 733 6267 ratlteant
749 6225 811 6278 stes,
826 6220 1007 6271 roucmsioaem.

599 6280 608 6311 ⁸
625 6281 693 6337 ratiti,
704 6278 809 6328 abatiam
824 6281 905 6343 aptius
917 6289 978 6339 tiss,
990 6279 1096 6332 aeneum.

599 6351 608 6370 ⁰
621 6342 720 6390 lauras
731 6339 849 6400 ιιιιιιιιιιιι,
862 6340 997 6393 titanum.

1417 2382 1583 2455 Quapropter
1596 2386 1666 2441 aliud
1681 2388 1804 2459 estquod
1818 2390 2073 2449 anathematizamus
2085 2410 2146 2451 curn
2159 2396 2208 2462 eis,

1417 2475 1488 2529 aliud
1510 2479 1580 2546 quud
1600 2479 1626 2533 iu
1641 2479 1690 2533 uis.
1710 2480 1878 2537 Detestamur
1898 2484 1969 2539 enim
1984 2499 2044 2540 cum
2059 2487 2117 2553 eis,
2135 2490 2205 2559 quod

1417 2575 1490 2620 reete
1503 2565 1626 2636 displicet
1642 2567 1721 2623 etiam
1737 2570 1802 2639 ipsis
1819 2586 1826 2636 ;
1843 2572 1878 2627 ita
1894 2584 1981 2630 tanuen
1995 2584 2024 2631 ut
2041 2576 2208 2636 detestemur

1418 2653 1444 2708 in
1458 2657 1512 2721 eis,
1526 2656 1596 2713 unde
1607 2668 1679 2715 reete
1696 2658 1838 2729 displicent
1850 2662 1910 2732 ipsi.

1452 2766 1565 2825 cat‘tlt
1588 2770 1668 2824 ΙΙ.-
1688 2771 1716 2825 2.
1737 2771 1937 2829 llunicboeorum
1959 2785 1984 2831 et
2008 2777 2208 2850 Peluqiunortnrt

1417 2857 1522 2913 lroereter
1541 2858 1589 2913 rili
1600 2870 1686 2915 mutuo
1698 2862 1812 2917 aduersu
1824 2874 1847 2918 ct
1868 2881 1964 2935 nqueo
1978 2869 2104 2923 cutlruiicu
2116 2869 2208 2928 Eccle-

1417 2949 1455 3002 eiu
1474 2950 1623 3017 reprobate.
1646 2949 1782 3006 herdelei
1794 2962 1819 3008 ct
1833 2952 1966 3025 Peiuqiuni
1985 2969 2109 3026 quotam
2125 2979 2208 3019 errore

1417 3040 1561 3109 conjuncti,
1575 3050 1695 3112 quotenne
1706 3044 1825 3113 reparati.
1850 3044 1987 3102 Manichaei
1998 3047 2108 3118 dicunt,
2125 3052 2207 3109 Deum

1417 3130 1516 3185 bonurn
1532 3148 1584 3186 raon
1597 3133 1714 3187 ornnimn
1730 3145 1883 3190 riaturarum
1902 3152 1962 3193 esse
1976 3150 2144 3197 creatorem:
2160 3143 2209 3200 Pe-

1418 3220 1514 3289 lagiani
1536 3222 1643 3289 dieunt,
1669 3224 1750 3278 bcttm
1770 3242 1824 3281 non
1843 3243 1903 3282 esse
1917 3232 2035 3285 omnium
2058 3243 2166 3289 :ctutum
2180 3235 2206 3290 iu

1417 3309 1569 3367 hominibus
1589 3314 1791 3381 mundatorem,
1815 3312 1995 3386 saltatorem,
2022 3322 2205 3382 liberatorem.

1416 3399 1553 3457 Catltolica
1573 3413 1699 3475 utrosque
1719 3408 1874 3478 recoquit,
1900 3420 2032 3468 utcontra
2046 3414 2206 3474 bartimeus

1417 3492 1563 3550 defendens
1576 3496 1622 3550 bei
1633 3505 1801 3565 ereaturam,
1816 3516 1850 3555 ne
1863 3500 1897 3555 ab
1910 3502 1955 3557 illu
1967 3503 2086 3559 instituta
2097 3517 2207 3577 negetur

1417 3586 1469 3640 uba
1484 3596 1578 3641 natura
1591 3603 1598 3649 ;
1610 3597 1637 3642 et
1648 3599 1740 3644 eontra
1755 3590 1920 3661 Pelagianos,
1930 3603 1958 3647 ut
1970 3596 1995 3648 in
2005 3598 2130 3650 oratinibus
2144 3607 2206 3652 ata·

1418 3677 1488 3732 tibus
1513 3679 1615 3748 perdita
1639 3681 1786 3751 requiratur
1807 3681 1920 3738 bumana
1938 3694 2041 3740 natura.
2068 3687 2206 3744 Manichaei

1416 3771 1504 3824 caruis
1518 3773 1758 3841 eonettpiscentimn
1770 3790 1822 3829 noo
1836 3785 1958 3846 tanquam
1967 3779 2092 3835 accidens
2102 3782 2204 3848 vitium,

1417 3859 1463 3915 sed
1485 3869 1608 3930 tarrquam
1630 3873 1750 3918 araturam
1769 3865 1803 3919 ab
1815 3868 1962 3922 aeternitate
1982 3870 2079 3925 malam
2101 3873 2205 3942 vitupe-

1417 3956 1477 4003 rant
1492 3966 1499 4002 :
1516 3950 1648 4022 l‘elapiani
1669 3969 1728 4009 eam
1752 3962 1876 4026 tanquam
1899 3960 1997 4013 nullum
2023 3962 2134 4029 vitium,
2158 3964 2205 4020 sed

1417 4041 1535 4096 naturale
1554 4043 1589 4096 sit
1601 4043 1699 4097 bonrum
1715 4045 1821 4114 insuper
1836 4048 1951 4103 laudant.
1967 4049 2103 4106 Catholica
2117 4063 2205 4110 utros·

1416 4144 1468 4198 que
1502 4130 1650 4203 redarguit,
1685 4135 1836 4191 lianiebaeis
1872 4139 1983 4207 dicens,
2009 4141 2067 4196 Non
2090 4155 2203 4212 natura,

1416 4219 1463 4274 sed
1478 4220 1568 4275 uitium
1583 4231 1640 4287 est;
1661 4223 1810 4293 Pelagianis
1821 4228 1930 4296 dicens,
1952 4231 2010 4284 Non
2020 4248 2035 4285 a
2047 4232 2140 4299 Patre,
2157 4236 2204 4293 sed

1415 4326 1448 4364 ex
1470 4313 1568 4368 rttuttdc
1594 4324 1708 4369 estant
1731 4332 1789 4370 eam
1812 4320 1884 4373 relnt
1906 4322 2002 4375 niolam
2026 4325 2204 4382 ualetudinem

1415 4401 1502 4454 sanari
1514 4402 1617 4472 utrique
1631 4405 1796 4472 permittant,
1811 4407 1958 4464 desinendo
1972 4413 2009 4465 illi
2023 4423 2149 4484 tanlquam
2164 4417 2206 4470 in·

1415 4490 1559 4547 sanabilem
1579 4493 1709 4560 eredere,
1730 4496 1772 4550 isti
1791 4507 1914 4566 tanquam
1930 4500 2086 4556 laudabilem
2106 4506 2203 4573 pradi-

1414 4595 1486 4633 earr.
1499 4580 1634 4636 llanicluei
1646 4596 1742 4654 negarat
1754 4586 1855 4641 ιιοιιιιιιι
1868 4588 1938 4644 burm
1947 4606 1979 4645 ex
1998 4592 2082 4648 libero
2094 4595 2206 4651 arbitrio

1414 4668 1495 4724 titisse
1509 4670 1612 4726 initium
1631 4675 1692 4728 mali
1709 4693 1716 4729 ε
1731 4676 1861 4748 Pebqiani
1876 4678 1966 4734 dicunt
1978 4683 2057 4736 etiam
2070 4683 2203 4742 hominem

1414 4762 1513 4816 malum
1536 4763 1700 4820 sulbcienter
1719 4765 1818 4823 babere
1836 4769 1946 4824 liberum
1964 4773 2102 4829 arbitrium
2117 4776 2150 4830 ad
2165 4775 2205 4832 la·

1415 4852 1538 4907 ciendum
1560 4866 1719 4924 preceptum
1734 4857 1843 4913 bonum.
1866 4861 2002 4918 Catholici
2018 4872 2146 4936 utrosque
2160 4883 2204 4924 re·

1413 4940 1528 5011 darguit,
1544 4952 1571 4998 et
1594 4945 1645 4998 illis
1666 4946 1766 5011 dicens,
1794 4947 1865 5002 Fecit
1879 4948 1947 5004 [leur
1964 4954 2091 5006 bominem
2109 4967 2204 5012 rertttttt

1414 5028 1510 5102 (hrcle.
1521 5048 1569 5099 ιιι,
1583 5033 1628 5102 ab)
1644 5053 1651 5090 :
1668 5045 1694 5089 et
1709 5036 1765 5089 istis
1782 5037 1889 5103 dicens,
1909 5039 1940 5094 Si
1953 5057 1996 5095 oue
2010 5041 2093 5098 Filius
2109 5045 2202 5100 tibac-

1412 5121 1489 5185 oen‘t,
1511 5137 1566 5175 uere
1584 5121 1655 5176 liberi
1667 5125 1733 5177 aritia
1751 5124 1838 5198 (iuuit.
1853 5143 1916 5194 ιιιι,
1930 5129 1986 5198 56).
2010 5132 2148 5189 Marticbaui
2162 5136 2203 5190 di·

1412 5220 1494 5276 cunt,
1519 5211 1633 5266 animam
1657 5216 1810 5282 particulam
1833 5218 1897 5285 Dei,
1921 5231 2022 5276 natucc
2037 5224 2202 5282 mahe‘eom·

1412 5299 1538 5354 mixtione
1548 5301 1646 5357 balnue
1655 5315 1790 5371 peceatum
1804 5324 1810 5358 :
1825 5308 1957 5378 helagiam
1968 5312 2070 5380 dicunt,
2082 5318 2199 5373 animatu

1408 5401 1524 5460 plastem,
1540 5408 1593 5447 non
1604 5395 1708 5464 quidem
1723 5399 1877 5466 particulam
1892 5441 1899 5464 ,
1915 5402 1962 5456 sed
1976 5415 2126 5461 ereaturam
2143 5410 2199 5478 Dei,

1411 5482 1490 5536 etiam
1505 5483 1530 5536 in
1551 5484 1600 5538 ista
1614 5488 1776 5555 corruptibili
1790 5491 1841 5543 sita
1856 5508 1907 5545 non
1929 5493 2027 5549 habere
2047 5509 2197 5567 peecatum.

1411 5572 1545 5628 catholiea
1560 5587 1684 5647 utrosque
1698 5579 1841 5649 redarguit,
1861 5581 2014 5640 ttaatiehats
2026 5588 2135 5656 diceus,
2150 5591 2200 5646 ,ιιι

1410 5665 1485 5735 [crite
1506 5665 1619 5718 naborem
1639 5669 1750 5733 bunone,
1775 5680 1798 5723 et
1818 5675 1928 5740 [ructum
1950 5677 2004 5744 eje-a
2024 5678 2135 5745 boreum,
2156 5689 2200 5735 eet

1410 5755 1487 5824 [urite
1499 5756 1610 5809 arborem
1622 5758 1734 5822 urcium,
1755 5769 1777 5811 et
1794 5761 1902 5828 [ructum
1916 5765 1971 5833 ejus
1986 5768 2079 5820 arulum
2092 5768 2197 5841 (liutto.

1410 5861 1447 5899 xn
1460 5888 1467 5911 ,
1482 5846 1547 5918 55);
1572 5847 1640 5917 quod
1656 5865 1707 5902 non
1721 5850 1854 5906 diceretur·
1868 5854 1988 5921 leontini,
2012 5860 2057 5928 qui
2078 5873 2197 5920 reatinam

1410 5934 1496 5990 lacere
1509 5953 1560 5990 non
1575 5948 1670 6006 potest,
1684 5940 1732 5994 nisi
1745 5942 1805 6010 qum
1819 5956 1953 6012 peecatum
1966 5965 2018 6002 raon
2029 5963 2134 6019 natura,
2151 5955 2196 6010 set

1409 6027 1500 6081 vitium
1514 6039 1575 6081 est:
1592 6029 1738 6099 pelagianis
1750 6031 1852 6099 dicens,
1869 6034 1899 6089 sl
1912 6036 2051 6092 dixerimus
2066 6044 2126 6110 quie
2140 6061 2196 6112 pcc·

1408 6127 1489 6170 cutum
1501 6134 1550 6171 nun
1564 6118 1697 6182 iubentur,
1718 6137 1763 6175 tter
1776 6124 1843 6192 ipsos
1855 6127 2013 6195 seriucimns,
2028 6142 2052 6184 et
2069 6135 2193 6188 carituris

1408 6208 1478 6261 nobie
1491 6226 1541 6263 acu
1554 6221 1589 6264 ert
1603 6213 1623 6280 (Ι
1637 6212 1714 6266 doun.
1732 6232 1756 6278 ι,
1771 6216 1808 6284 8).
1835 6217 1880 6272 llis
1895 6223 1994 6277 morbis
2006 6223 2076 6279 iuter
2089 6242 2118 6281 se
2130 6243 2192 6281 con·

1410 6298 1496 6353 trariis
1514 6298 1648 6358 Manichaei
1676 6305 1860 6377 lhlagianiqnc
1882 6315 2046 6382 conlligunt,
2075 6316 2192 6372 diesiruili
