<?xml version="1.0" encoding="UTF-8"?>
<!DOCTYPE html PUBLIC "-//W3C//DTD XHTML 1.0 Transitional//EN"
    "http://www.w3.org/TR/xhtml1/DTD/xhtml1-transitional.dtd">
<html xmlns="http://www.w3.org/1999/xhtml" xml:lang="en" lang="en">
 <head>
  <title>
</title>
<meta http-equiv="Content-Type" content="text/html;charset=utf-8" />
  <meta name='ocr-system' content='tesseract 3.04.00' />
  <meta name='ocr-capabilities' content='ocr_page ocr_carea ocr_par ocr_line ocrx_word'/>
</head>
<body>
  <div class='ocr_page' id='page_1' title='image "./patrologiaecurs04goog_0424.png"; bbox 0 0 5592 7350; ppageno 0'>
   <div class='ocr_carea' id='block_1_1' title="bbox 602 897 670 967">
    <p class='ocr_par' dir='ltr' id='par_1_1' title="bbox 602 897 670 967">
     <span class='ocr_line' id='line_1_1' title="bbox 602 897 670 967; baseline 0.088 -6"><span class='ocrx_word' id='word_1_1' title='bbox 602 897 670 967; x_wconf 82' lang='lat' dir='ltr'><strong>tos</strong></span> 
     </span>
    </p>
   </div>
   <div class='ocr_carea' id='block_1_2' title="bbox 548 1022 1419 6250">
    <p class='ocr_par' dir='ltr' id='par_1_2' title="bbox 548 1022 1419 5122">
     <span class='ocr_line' id='line_1_2' title="bbox 616 1022 1408 1100; baseline -0.011 -15"><span class='ocrx_word' id='word_1_2' title='bbox 616 1042 680 1087; x_wconf 87' lang='lat' dir='ltr'><strong>rure</strong></span> <span class='ocrx_word' id='word_1_3' title='bbox 697 1045 776 1086; x_wconf 88' lang='lat' dir='ltr'><strong>omne</strong></span> <span class='ocrx_word' id='word_1_4' title='bbox 789 1042 874 1100; x_wconf 82' lang='lat' dir='ltr'><strong>genus</strong></span> <span class='ocrx_word' id='word_1_5' title='bbox 893 1027 1035 1083; x_wconf 82' lang='lat' dir='ltr'><strong>occidisset</strong></span> <span class='ocrx_word' id='word_1_6' title='bbox 1053 1026 1210 1083; x_wconf 85' lang='lat' dir='ltr'><strong>immauum.</strong></span> <span class='ocrx_word' id='word_1_7' title='bbox 1223 1023 1273 1077; x_wconf 88' lang='lat' dir='ltr'><strong>nisi</strong></span> <span class='ocrx_word' id='word_1_8' title='bbox 1289 1022 1408 1078; x_wconf 83' lang='lat' dir='ltr'><strong>Samari·</strong></span> 
     </span>
     <span class='ocr_line' id='line_1_3' title="bbox 616 1118 1407 1189; baseline -0.013 -10"><span class='ocrx_word' id='word_1_9' title='bbox 616 1122 695 1179; x_wconf 87' lang='lat' dir='ltr'><strong>ianus</strong></span> <span class='ocrx_word' id='word_1_10' title='bbox 714 1124 759 1178; x_wconf 90' lang='lat' dir='ltr'><strong>ilie</strong></span> <span class='ocrx_word' id='word_1_11' title='bbox 777 1120 943 1177; x_wconf 88' lang='lat' dir='ltr'><strong>descendens</strong></span> <span class='ocrx_word' id='word_1_12' title='bbox 962 1119 1070 1173; x_wconf 81' lang='lat' dir='ltr'><strong>uulnera</strong></span> <span class='ocrx_word' id='word_1_13' title='bbox 1088 1119 1147 1189; x_wconf 85' lang='lat' dir='ltr'><strong>ejus</strong></span> <span class='ocrx_word' id='word_1_14' title='bbox 1165 1118 1260 1173; x_wconf 89' lang='lat' dir='ltr'><strong>acerba</strong></span> <span class='ocrx_word' id='word_1_15' title='bbox 1275 1126 1407 1172; x_wconf 78' lang='lat' dir='ltr'>curasset.</span> 
     </span>
     <span class='ocr_line' id='line_1_4' title="bbox 617 1208 1410 1280; baseline -0.013 -9"><span class='ocrx_word' id='word_1_16' title='bbox 617 1216 695 1280; x_wconf 87' lang='lat' dir='ltr'><strong>Dicit,</strong></span> <span class='ocrx_word' id='word_1_17' title='bbox 710 1214 793 1270; x_wconf 85' lang='lat' dir='ltr'><strong>luisse</strong></span> <span class='ocrx_word' id='word_1_18' title='bbox 810 1212 906 1278; x_wconf 80' lang='lat' dir='ltr'><strong>suam,</strong></span> <span class='ocrx_word' id='word_1_19' title='bbox 925 1220 952 1266; x_wconf 89' lang='lat' dir='ltr'><strong>et</strong></span> <span class='ocrx_word' id='word_1_20' title='bbox 965 1212 991 1265; x_wconf 91' lang='lat' dir='ltr'><strong>in</strong></span> <span class='ocrx_word' id='word_1_21' title='bbox 1013 1210 1058 1265; x_wconf 88' lang='lat' dir='ltr'><strong>iiio</strong></span> <span class='ocrx_word' id='word_1_22' title='bbox 1078 1210 1158 1265; x_wconf 82' lang='lat' dir='ltr'><strong>luisse</strong></span> <span class='ocrx_word' id='word_1_23' title='bbox 1173 1222 1285 1273; x_wconf 87' lang='lat' dir='ltr'><strong>omnes;</strong></span> <span class='ocrx_word' id='word_1_24' title='bbox 1306 1208 1410 1278; x_wconf 86' lang='lat' dir='ltr'><strong>perisse</strong></span> 
     </span>
     <span class='ocr_line' id='line_1_5' title="bbox 618 1300 1412 1372; baseline -0.01 -11"><span class='ocrx_word' id='word_1_25' title='bbox 618 1310 714 1367; x_wconf 74' lang='lat' dir='ltr'><strong>Adam,</strong></span> <span class='ocrx_word' id='word_1_26' title='bbox 729 1314 756 1360; x_wconf 90' lang='lat' dir='ltr'><strong>et</strong></span> <span class='ocrx_word' id='word_1_27' title='bbox 771 1310 796 1358; x_wconf 91' lang='lat' dir='ltr'><strong>in</strong></span> <span class='ocrx_word' id='word_1_28' title='bbox 812 1303 858 1358; x_wconf 89' lang='lat' dir='ltr'><strong>illo</strong></span> <span class='ocrx_word' id='word_1_29' title='bbox 880 1302 980 1372; x_wconf 77' lang='lat' dir='ltr'><strong>perisse</strong></span> <span class='ocrx_word' id='word_1_30' title='bbox 999 1316 1104 1357; x_wconf 90' lang='lat' dir='ltr'><strong>omnes.</strong></span> <span class='ocrx_word' id='word_1_31' title='bbox 1128 1301 1206 1364; x_wconf 88' lang='lat' dir='ltr'><strong>Dicit,</strong></span> <span class='ocrx_word' id='word_1_32' title='bbox 1226 1314 1276 1356; x_wconf 88' lang='lat' dir='ltr'><strong>nos</strong></span> <span class='ocrx_word' id='word_1_33' title='bbox 1288 1300 1412 1369; x_wconf 87' lang='lat' dir='ltr'><strong>ootttagio</strong></span> 
     </span>
     <span class='ocr_line' id='line_1_6' title="bbox 617 1391 1413 1465; baseline -0.008 -13"><span class='ocrx_word' id='word_1_34' title='bbox 617 1397 746 1453; x_wconf 80' lang='lat' dir='ltr'><strong>ntaculari</strong></span> <span class='ocrx_word' id='word_1_35' title='bbox 771 1406 912 1465; x_wconf 81' lang='lat' dir='ltr'><strong>autequam</strong></span> <span class='ocrx_word' id='word_1_36' title='bbox 937 1394 1088 1459; x_wconf 78' lang='lat' dir='ltr'><strong>nascimur,</strong></span> <span class='ocrx_word' id='word_1_37' title='bbox 1108 1408 1159 1449; x_wconf 91' lang='lat' dir='ltr'><strong>nec</strong></span> <span class='ocrx_word' id='word_1_38' title='bbox 1181 1391 1325 1447; x_wconf 87' lang='lat' dir='ltr'><strong>humanum</strong></span> <span class='ocrx_word' id='word_1_39' title='bbox 1347 1406 1413 1446; x_wconf 91' lang='lat' dir='ltr'><strong>con·</strong></span> 
     </span>
     <span class='ocr_line' id='line_1_7' title="bbox 618 1486 1411 1560; baseline -0.005 -15"><span class='ocrx_word' id='word_1_40' title='bbox 618 1497 725 1560; x_wconf 89' lang='lat' dir='ltr'><strong>ceptum</strong></span> <span class='ocrx_word' id='word_1_41' title='bbox 739 1503 799 1543; x_wconf 91' lang='lat' dir='ltr'><strong>csse</strong></span> <span class='ocrx_word' id='word_1_42' title='bbox 822 1488 969 1558; x_wconf 82' lang='lat' dir='ltr'><strong>iniquitatis</strong></span> <span class='ocrx_word' id='word_1_43' title='bbox 986 1496 1129 1552; x_wconf 77' lang='lat' dir='ltr'>exsortem,</span> <span class='ocrx_word' id='word_1_44' title='bbox 1150 1488 1211 1557; x_wconf 80' lang='lat' dir='ltr'><strong>guis</strong></span> <span class='ocrx_word' id='word_1_45' title='bbox 1234 1486 1411 1556; x_wconf 83' lang='lat' dir='ltr'><strong>concipimur,</strong></span> 
     </span>
     <span class='ocr_line' id='line_1_8' title="bbox 619 1579 1414 1651; baseline -0.005 -14"><span class='ocrx_word' id='word_1_46' title='bbox 619 1580 716 1651; x_wconf 83' lang='lat' dir='ltr'><strong>iuquit,</strong></span> <span class='ocrx_word' id='word_1_47' title='bbox 733 1580 759 1635; x_wconf 90' lang='lat' dir='ltr'><strong>itt</strong></span> <span class='ocrx_word' id='word_1_48' title='bbox 774 1582 883 1651; x_wconf 78' lang='lat' dir='ltr'><strong>peceato</strong></span> <span class='ocrx_word' id='word_1_49' title='bbox 898 1583 1047 1648; x_wconf 79' lang='lat' dir='ltr'><strong>parentum,</strong></span> <span class='ocrx_word' id='word_1_50' title='bbox 1064 1590 1091 1635; x_wconf 91' lang='lat' dir='ltr'><strong>et</strong></span> <span class='ocrx_word' id='word_1_51' title='bbox 1103 1579 1129 1634; x_wconf 93' lang='lat' dir='ltr'><strong>in</strong></span> <span class='ocrx_word' id='word_1_52' title='bbox 1142 1579 1245 1635; x_wconf 87' lang='lat' dir='ltr'><strong>delictis</strong></span> <span class='ocrx_word' id='word_1_53' title='bbox 1256 1595 1350 1636; x_wconf 88' lang='lat' dir='ltr'><strong>corum</strong></span> <span class='ocrx_word' id='word_1_54' title='bbox 1365 1596 1414 1634; x_wconf 88' lang='lat' dir='ltr'><strong>tta·</strong></span> 
     </span>
     <span class='ocr_line' id='line_1_9' title="bbox 620 1671 1414 1743; baseline 0 -15"><span class='ocrx_word' id='word_1_55' title='bbox 620 1675 741 1738; x_wconf 89' lang='lat' dir='ltr'><strong>scimur;</strong></span> <span class='ocrx_word' id='word_1_56' title='bbox 758 1671 804 1727; x_wconf 85' lang='lat' dir='ltr'><strong>sed</strong></span> <span class='ocrx_word' id='word_1_57' title='bbox 819 1681 846 1726; x_wconf 94' lang='lat' dir='ltr'><strong>et</strong></span> <span class='ocrx_word' id='word_1_58' title='bbox 865 1672 921 1741; x_wconf 91' lang='lat' dir='ltr'><strong>ipse</strong></span> <span class='ocrx_word' id='word_1_59' title='bbox 942 1681 1034 1741; x_wconf 82' lang='lat' dir='ltr'><strong>patius</strong></span> <span class='ocrx_word' id='word_1_60' title='bbox 1048 1671 1125 1727; x_wconf 89' lang='lat' dir='ltr'><strong>itabet</strong></span> <span class='ocrx_word' id='word_1_61' title='bbox 1145 1672 1266 1743; x_wconf 86' lang='lat' dir='ltr'><strong>cotttagia</strong></span> <span class='ocrx_word' id='word_1_62' title='bbox 1283 1686 1340 1736; x_wconf 88' lang='lat' dir='ltr'><strong>sua,</strong></span> <span class='ocrx_word' id='word_1_63' title='bbox 1364 1685 1414 1728; x_wconf 89' lang='lat' dir='ltr'><strong>nec</strong></span> 
     </span>
     <span class='ocr_line' id='line_1_10' title="bbox 588 1762 1412 1842; baseline -0.005 -22"><span class='ocrx_word' id='word_1_64' title='bbox 588 1833 592 1842; x_wconf 34' lang='grc' dir='ltr'>Ι</span> <span class='ocrx_word' id='word_1_65' title='bbox 621 1780 704 1820; x_wconf 91' lang='lat' dir='ltr'><strong>unum</strong></span> <span class='ocrx_word' id='word_1_66' title='bbox 729 1762 912 1818; x_wconf 90' lang='lat' dir='ltr'><strong>tantummodo</strong></span> <span class='ocrx_word' id='word_1_67' title='bbox 942 1762 1021 1818; x_wconf 88' lang='lat' dir='ltr'><strong>ltnbet</strong></span> <span class='ocrx_word' id='word_1_68' title='bbox 1044 1763 1100 1834; x_wconf 83' lang='lat' dir='ltr'><strong>ipse</strong></span> <span class='ocrx_word' id='word_1_69' title='bbox 1130 1773 1224 1821; x_wconf 82' lang='lat' dir='ltr'><strong>natura</strong></span> <span class='ocrx_word' id='word_1_70' title='bbox 1250 1764 1412 1834; x_wconf 90' lang='lat' dir='ltr'><strong>contagimn.</strong></span> 
     </span>
     <span class='ocr_line' id='line_1_11' title="bbox 621 1843 1414 1924; baseline 0 -15"><span class='ocrx_word' id='word_1_71' title='bbox 621 1843 703 1920; x_wconf 86' lang='lat' dir='ltr'><strong>Dicit,</strong></span> <span class='ocrx_word' id='word_1_72' title='bbox 723 1852 857 1908; x_wconf 86' lang='lat' dir='ltr'><strong>diabolum</strong></span> <span class='ocrx_word' id='word_1_73' title='bbox 877 1853 1066 1920; x_wconf 72' lang='lat' dir='ltr'><strong>feneratorem,</strong></span> <span class='ocrx_word' id='word_1_74' title='bbox 1089 1869 1103 1908; x_wconf 88' lang='lat' dir='ltr'><strong>a</strong></span> <span class='ocrx_word' id='word_1_75' title='bbox 1123 1869 1176 1924; x_wconf 84' lang='lat' dir='ltr'><strong>quo</strong></span> <span class='ocrx_word' id='word_1_76' title='bbox 1201 1854 1255 1909; x_wconf 82' lang='lat' dir='ltr'><strong>Eva</strong></span> <span class='ocrx_word' id='word_1_77' title='bbox 1280 1854 1414 1910; x_wconf 90' lang='lat' dir='ltr'><strong>maculata</strong></span> 
     </span>
     <span class='ocr_line' id='line_1_12' title="bbox 623 1944 1415 2014; baseline 0.001 -14"><span class='ocrx_word' id='word_1_78' title='bbox 623 1944 746 2000; x_wconf 78' lang='lat' dir='ltr'><strong>obnoxiu</strong></span> <span class='ocrx_word' id='word_1_79' title='bbox 760 1945 936 1999; x_wconf 81' lang='lat' dir='ltr'><strong>successionis</strong></span> <span class='ocrx_word' id='word_1_80' title='bbox 950 1944 1037 1999; x_wconf 88' lang='lat' dir='ltr'><strong>usuris</strong></span> <span class='ocrx_word' id='word_1_81' title='bbox 1050 1960 1130 2000; x_wconf 92' lang='lat' dir='ltr'><strong>omne</strong></span> <span class='ocrx_word' id='word_1_82' title='bbox 1148 1959 1233 2014; x_wconf 84' lang='lat' dir='ltr'><strong>gestus</strong></span> <span class='ocrx_word' id='word_1_83' title='bbox 1249 1944 1415 2001; x_wconf 83' lang='lat' dir='ltr'><strong>deleueratit</strong></span> 
     </span>
     <span class='ocr_line' id='line_1_13' title="bbox 622 2033 1415 2106; baseline 0.001 -17"><span class='ocrx_word' id='word_1_84' title='bbox 622 2034 779 2090; x_wconf 87' lang='lat' dir='ltr'><strong>humanum.</strong></span> <span class='ocrx_word' id='word_1_85' title='bbox 795 2035 871 2098; x_wconf 90' lang='lat' dir='ltr'><strong>Dicit,</strong></span> <span class='ocrx_word' id='word_1_86' title='bbox 884 2050 901 2090; x_wconf 88' lang='lat' dir='ltr'><strong>a</strong></span> <span class='ocrx_word' id='word_1_87' title='bbox 912 2033 1019 2090; x_wconf 91' lang='lat' dir='ltr'><strong>diabolo</strong></span> <span class='ocrx_word' id='word_1_88' title='bbox 1033 2033 1115 2089; x_wconf 81' lang='lat' dir='ltr'><strong>Eram</strong></span> <span class='ocrx_word' id='word_1_89' title='bbox 1132 2035 1282 2105; x_wconf 88' lang='lat' dir='ltr'><strong>deceptam,</strong></span> <span class='ocrx_word' id='word_1_90' title='bbox 1302 2043 1331 2090; x_wconf 97' lang='grc' dir='ltr'><strong>ιιι</strong></span> <span class='ocrx_word' id='word_1_91' title='bbox 1348 2047 1415 2106; x_wconf 59' lang='lat' dir='ltr'><strong>sup⁴</strong></span> 
     </span>
     <span class='ocr_line' id='line_1_14' title="bbox 548 2122 1414 2202; baseline -0.001 -21"><span class='ocrx_word' id='word_1_92' title='bbox 548 2122 570 2202; x_wconf 14' lang='lat' dir='ltr'><strong>q&#39;</strong></span> <span class='ocrx_word' id='word_1_93' title='bbox 623 2127 755 2199; x_wconf 90' lang='lat' dir='ltr'><strong>plantaret</strong></span> <span class='ocrx_word' id='word_1_94' title='bbox 767 2126 864 2192; x_wconf 80' lang='lat' dir='ltr'><strong>ulrum,</strong></span> <span class='ocrx_word' id='word_1_95' title='bbox 879 2126 1006 2194; x_wconf 90' lang='lat' dir='ltr'><strong>obligaret</strong></span> <span class='ocrx_word' id='word_1_96' title='bbox 1024 2126 1218 2183; x_wconf 79' lang='lat' dir='ltr'><strong>lterediraten.</strong></span> <span class='ocrx_word' id='word_1_97' title='bbox 1235 2126 1312 2192; x_wconf 80' lang='lat' dir='ltr'>Dicit,</span> <span class='ocrx_word' id='word_1_98' title='bbox 1328 2125 1414 2182; x_wconf 77' lang='lat' dir='ltr'><strong>Adam</strong></span> 
     </span>
     <span class='ocr_line' id='line_1_15' title="bbox 624 2217 1414 2288; baseline -0.005 -13"><span class='ocrx_word' id='word_1_99' title='bbox 624 2219 661 2275; x_wconf 87' lang='lat' dir='ltr'><strong>lta</strong></span> <span class='ocrx_word' id='word_1_100' title='bbox 674 2232 765 2274; x_wconf 90' lang='lat' dir='ltr'><strong>morsu</strong></span> <span class='ocrx_word' id='word_1_101' title='bbox 778 2217 896 2272; x_wconf 87' lang='lat' dir='ltr'><strong>vitiatum</strong></span> <span class='ocrx_word' id='word_1_102' title='bbox 910 2229 970 2272; x_wconf 78' lang='lat' dir='ltr'><strong>esse</strong></span> <span class='ocrx_word' id='word_1_103' title='bbox 984 2217 1127 2288; x_wconf 86' lang='lat' dir='ltr'><strong>serpentis,</strong></span> <span class='ocrx_word' id='word_1_104' title='bbox 1142 2224 1171 2271; x_wconf 92' lang='lat' dir='ltr'><strong>ut</strong></span> <span class='ocrx_word' id='word_1_105' title='bbox 1188 2231 1282 2272; x_wconf 90' lang='lat' dir='ltr'><strong>omnes</strong></span> <span class='ocrx_word' id='word_1_106' title='bbox 1297 2218 1341 2271; x_wconf 92' lang='lat' dir='ltr'><strong>illo</strong></span> <span class='ocrx_word' id='word_1_107' title='bbox 1355 2217 1414 2272; x_wconf 87' lang='lat' dir='ltr'><strong>tul·</strong></span> 
     </span>
     <span class='ocr_line' id='line_1_16' title="bbox 624 2307 1415 2379; baseline 0 -16"><span class='ocrx_word' id='word_1_108' title='bbox 624 2315 689 2363; x_wconf 89' lang='lat' dir='ltr'><strong>itere</strong></span> <span class='ocrx_word' id='word_1_109' title='bbox 711 2308 900 2364; x_wconf 76' lang='lat' dir='ltr'>claudicemus.</span> <span class='ocrx_word' id='word_1_110' title='bbox 921 2308 990 2363; x_wconf 81' lang='lat' dir='ltr'><strong>Dicit</strong></span> <span class='ocrx_word' id='word_1_111' title='bbox 1005 2349 1013 2375; x_wconf 93' lang='lat'><strong>,</strong></span> <span class='ocrx_word' id='word_1_112' title='bbox 1028 2323 1078 2379; x_wconf 88' lang='lat' dir='ltr'><strong>per</strong></span> <span class='ocrx_word' id='word_1_113' title='bbox 1104 2321 1246 2378; x_wconf 89' lang='lat' dir='ltr'><strong>corporum</strong></span> <span class='ocrx_word' id='word_1_114' title='bbox 1261 2307 1312 2363; x_wconf 85' lang='lat' dir='ltr'><strong>riri</strong></span> <span class='ocrx_word' id='word_1_115' title='bbox 1330 2317 1358 2364; x_wconf 88' lang='lat' dir='ltr'><strong>et</strong></span> <span class='ocrx_word' id='word_1_116' title='bbox 1375 2307 1415 2363; x_wconf 88' lang='lat' dir='ltr'><strong>ie·</strong></span> 
     </span>
     <span class='ocr_line' id='line_1_17' title="bbox 625 2400 1415 2471; baseline 0 -16"><span class='ocrx_word' id='word_1_117' title='bbox 625 2401 705 2456; x_wconf 78' lang='lat' dir='ltr'><strong>tniuac</strong></span> <span class='ocrx_word' id='word_1_118' title='bbox 717 2400 932 2456; x_wconf 77' lang='lat' dir='ltr'><strong>commixtionem</strong></span> <span class='ocrx_word' id='word_1_119' title='bbox 948 2402 1082 2456; x_wconf 90' lang='lat' dir='ltr'><strong>neminem</strong></span> <span class='ocrx_word' id='word_1_120' title='bbox 1093 2409 1230 2471; x_wconf 84' lang='lat' dir='ltr'><strong>expertem</strong></span> <span class='ocrx_word' id='word_1_121' title='bbox 1238 2415 1297 2457; x_wconf 89' lang='lat' dir='ltr'><strong>esse</strong></span> <span class='ocrx_word' id='word_1_122' title='bbox 1307 2400 1396 2457; x_wconf 90' lang='lat' dir='ltr'><strong>delicti</strong></span> <span class='ocrx_word' id='word_1_123' title='bbox 1406 2415 1415 2466; x_wconf 88' lang='lat'><strong>;</strong></span> 
     </span>
     <span class='ocr_line' id='line_1_18' title="bbox 624 2491 1415 2564; baseline 0.003 -18"><span class='ocrx_word' id='word_1_124' title='bbox 624 2493 669 2564; x_wconf 80' lang='lat' dir='ltr'><strong>qui</strong></span> <span class='ocrx_word' id='word_1_125' title='bbox 684 2503 773 2547; x_wconf 89' lang='lat' dir='ltr'><strong>autem</strong></span> <span class='ocrx_word' id='word_1_126' title='bbox 784 2507 878 2562; x_wconf 79' lang='lat' dir='ltr'>expers</span> <span class='ocrx_word' id='word_1_127' title='bbox 891 2492 981 2548; x_wconf 75' lang='lat' dir='ltr'><strong>delicti</strong></span> <span class='ocrx_word' id='word_1_128' title='bbox 995 2501 1047 2556; x_wconf 87' lang='lat' dir='ltr'><strong>est,</strong></span> <span class='ocrx_word' id='word_1_129' title='bbox 1059 2491 1084 2547; x_wconf 92' lang='lat' dir='ltr'><strong>id</strong></span> <span class='ocrx_word' id='word_1_130' title='bbox 1098 2499 1140 2548; x_wconf 92' lang='lat' dir='ltr'><strong>est</strong></span> <span class='ocrx_word' id='word_1_131' title='bbox 1151 2492 1415 2560; x_wconf 77' lang='lat' dir='ltr'><strong>Dominusilitristus,</strong></span> 
     </span>
     <span class='ocr_line' id='line_1_19' title="bbox 624 2581 1418 2653; baseline 0.001 -16"><span class='ocrx_word' id='word_1_132' title='bbox 624 2583 705 2637; x_wconf 88' lang='lat' dir='ltr'><strong>etiam</strong></span> <span class='ocrx_word' id='word_1_133' title='bbox 729 2581 879 2652; x_wconf 81' lang='lat' dir='ltr'><strong>hujusmodi</strong></span> <span class='ocrx_word' id='word_1_134' title='bbox 900 2596 960 2638; x_wconf 85' lang='lat' dir='ltr'><strong>csse</strong></span> <span class='ocrx_word' id='word_1_135' title='bbox 982 2584 1165 2653; x_wconf 85' lang='lat' dir='ltr'><strong>conceptionis</strong></span> <span class='ocrx_word' id='word_1_136' title='bbox 1181 2593 1328 2653; x_wconf 90' lang='lat' dir='ltr'><strong>expertem.</strong></span> <span class='ocrx_word' id='word_1_137' title='bbox 1348 2583 1418 2639; x_wconf 90' lang='lat' dir='ltr'><strong>Dicit</strong></span> 
     </span>
     <span class='ocr_line' id='line_1_20' title="bbox 626 2673 1417 2746; baseline 0.001 -16"><span class='ocrx_word' id='word_1_138' title='bbox 626 2673 674 2730; x_wconf 87' lang='lat' dir='ltr'><strong>tttn</strong></span> <span class='ocrx_word' id='word_1_139' title='bbox 687 2681 795 2729; x_wconf 86' lang='lat' dir='ltr'><strong>sanctus</strong></span> <span class='ocrx_word' id='word_1_140' title='bbox 811 2673 989 2741; x_wconf 86' lang='lat' dir='ltr'><strong>innocentius,</strong></span> <span class='ocrx_word' id='word_1_141' title='bbox 1004 2676 1109 2731; x_wconf 84' lang='lat' dir='ltr'><strong>lavacro</strong></span> <span class='ocrx_word' id='word_1_142' title='bbox 1121 2675 1329 2746; x_wconf 70' lang='lat' dir='ltr'><strong>regenerationis</strong></span> <span class='ocrx_word' id='word_1_143' title='bbox 1346 2690 1417 2745; x_wconf 85' lang='lat' dir='ltr'><strong>prae·</strong></span> 
     </span>
     <span class='ocr_line' id='line_1_21' title="bbox 625 2764 1415 2843; baseline 0.001 -24"><span class='ocrx_word' id='word_1_144' title='bbox 625 2764 734 2843; x_wconf 70' lang='lat' dir='ltr'><strong>geritum</strong></span> <span class='ocrx_word' id='word_1_145' title='bbox 747 2765 840 2820; x_wconf 90' lang='lat' dir='ltr'><strong>vitium</strong></span> <span class='ocrx_word' id='word_1_146' title='bbox 853 2780 932 2820; x_wconf 90' lang='lat' dir='ltr'><strong>omne</strong></span> <span class='ocrx_word' id='word_1_147' title='bbox 945 2766 1061 2837; x_wconf 89' lang='lat' dir='ltr'><strong>purgari,</strong></span> <span class='ocrx_word' id='word_1_148' title='bbox 1076 2766 1147 2837; x_wconf 84' lang='lat' dir='ltr'><strong>quod</strong></span> <span class='ocrx_word' id='word_1_149' title='bbox 1162 2766 1293 2837; x_wconf 91' lang='lat' dir='ltr'><strong>perillum</strong></span> <span class='ocrx_word' id='word_1_150' title='bbox 1307 2767 1415 2833; x_wconf 87' lang='lat' dir='ltr'><strong>accidit,</strong></span> 
     </span>
     <span class='ocr_line' id='line_1_22' title="bbox 625 2856 1416 2928; baseline 0 -17"><span class='ocrx_word' id='word_1_151' title='bbox 625 2856 670 2927; x_wconf 75' lang='lat' dir='ltr'><strong>tgui</strong></span> <span class='ocrx_word' id='word_1_152' title='bbox 687 2857 769 2911; x_wconf 88' lang='lat' dir='ltr'><strong>libero</strong></span> <span class='ocrx_word' id='word_1_153' title='bbox 780 2856 890 2913; x_wconf 86' lang='lat' dir='ltr'><strong>arbitrio</strong></span> <span class='ocrx_word' id='word_1_154' title='bbox 902 2859 1018 2923; x_wconf 88' lang='lat' dir='ltr'><strong>cadens,</strong></span> <span class='ocrx_word' id='word_1_155' title='bbox 1033 2860 1059 2913; x_wconf 91' lang='lat' dir='ltr'><strong>in</strong></span> <span class='ocrx_word' id='word_1_156' title='bbox 1075 2858 1202 2928; x_wconf 86' lang='lat' dir='ltr'><strong>prolunda</strong></span> <span class='ocrx_word' id='word_1_157' title='bbox 1213 2858 1352 2913; x_wconf 84' lang='lat' dir='ltr'><strong>demersus</strong></span> <span class='ocrx_word' id='word_1_158' title='bbox 1364 2868 1416 2913; x_wconf 88' lang='lat' dir='ltr'><strong>est.</strong></span> 
     </span>
     <span class='ocr_line' id='line_1_23' title="bbox 627 2935 1417 3018; baseline 0.004 -19"><span class='ocrx_word' id='word_1_159' title='bbox 627 2935 706 3007; x_wconf 90' lang='lat' dir='ltr'><strong>Dicit,</strong></span> <span class='ocrx_word' id='word_1_160' title='bbox 723 2946 772 3000; x_wconf 85' lang='lat' dir='ltr'><strong>nisi</strong></span> <span class='ocrx_word' id='word_1_161' title='bbox 785 2946 1002 3002; x_wconf 65' lang='lat' dir='ltr'><strong>manducaverint</strong></span> <span class='ocrx_word' id='word_1_162' title='bbox 1016 2961 1122 3003; x_wconf 84' lang='lat' dir='ltr'><strong>carnem</strong></span> <span class='ocrx_word' id='word_1_163' title='bbox 1137 2948 1252 3016; x_wconf 83' lang='lat' dir='ltr'><strong>Domini,</strong></span> <span class='ocrx_word' id='word_1_164' title='bbox 1267 2956 1293 3001; x_wconf 91' lang='lat' dir='ltr'><strong>et</strong></span> <span class='ocrx_word' id='word_1_165' title='bbox 1307 2949 1417 3018; x_wconf 82' lang='lat' dir='ltr'><strong>sangui·</strong></span> 
     </span>
     <span class='ocr_line' id='line_1_24' title="bbox 627 3036 1419 3108; baseline -0.001 -16"><span class='ocrx_word' id='word_1_166' title='bbox 627 3043 688 3092; x_wconf 87' lang='lat' dir='ltr'><strong>item</strong></span> <span class='ocrx_word' id='word_1_167' title='bbox 702 3036 827 3101; x_wconf 81' lang='lat' dir='ltr'><strong>biberint,</strong></span> <span class='ocrx_word' id='word_1_168' title='bbox 842 3038 921 3092; x_wconf 82' lang='lat' dir='ltr'><strong>uitam</strong></span> <span class='ocrx_word' id='word_1_169' title='bbox 937 3039 1062 3107; x_wconf 86' lang='lat' dir='ltr'><strong>parvulos</strong></span> <span class='ocrx_word' id='word_1_170' title='bbox 1075 3038 1172 3095; x_wconf 86' lang='lat' dir='ltr'><strong>babere</strong></span> <span class='ocrx_word' id='word_1_171' title='bbox 1186 3052 1238 3094; x_wconf 88' lang='lat' dir='ltr'><strong>mm</strong></span> <span class='ocrx_word' id='word_1_172' title='bbox 1254 3054 1339 3108; x_wconf 86' lang='lat' dir='ltr'><strong>posse.</strong></span> <span class='ocrx_word' id='word_1_173' title='bbox 1350 3038 1419 3094; x_wconf 84' lang='lat' dir='ltr'><strong>Satt-</strong></span> 
     </span>
     <span class='ocr_line' id='line_1_25' title="bbox 626 3128 1419 3199; baseline -0.001 -14"><span class='ocrx_word' id='word_1_174' title='bbox 626 3137 687 3185; x_wconf 90' lang='lat' dir='ltr'><strong>ctus</strong></span> <span class='ocrx_word' id='word_1_175' title='bbox 701 3128 845 3199; x_wconf 72' lang='lat' dir='ltr'><strong>Gregorius</strong></span> <span class='ocrx_word' id='word_1_176' title='bbox 855 3129 930 3194; x_wconf 91' lang='lat' dir='ltr'><strong>dicit,</strong></span> <span class='ocrx_word' id='word_1_177' title='bbox 949 3128 1045 3183; x_wconf 88' lang='lat' dir='ltr'><strong>melius</strong></span> <span class='ocrx_word' id='word_1_178' title='bbox 1065 3129 1145 3184; x_wconf 89' lang='lat' dir='ltr'><strong>luisse</strong></span> <span class='ocrx_word' id='word_1_179' title='bbox 1159 3145 1210 3184; x_wconf 92' lang='lat' dir='ltr'><strong>non</strong></span> <span class='ocrx_word' id='word_1_180' title='bbox 1223 3130 1347 3185; x_wconf 89' lang='lat' dir='ltr'><strong>excidere</strong></span> <span class='ocrx_word' id='word_1_181' title='bbox 1361 3130 1419 3184; x_wconf 88' lang='lat' dir='ltr'><strong>ali·</strong></span> 
     </span>
     <span class='ocr_line' id='line_1_26' title="bbox 626 3217 1417 3289; baseline 0.008 -20"><span class='ocrx_word' id='word_1_182' title='bbox 626 3225 680 3288; x_wconf 87' lang='lat' dir='ltr'><strong>guo</strong></span> <span class='ocrx_word' id='word_1_183' title='bbox 695 3217 755 3272; x_wconf 74' lang='lat' dir='ltr'><strong>ritae</strong></span> <span class='ocrx_word' id='word_1_184' title='bbox 768 3225 845 3288; x_wconf 83' lang='lat' dir='ltr'><strong>gestu</strong></span> <span class='ocrx_word' id='word_1_185' title='bbox 855 3218 1022 3272; x_wconf 87' lang='lat' dir='ltr'><strong>amarissimo</strong></span> <span class='ocrx_word' id='word_1_186' title='bbox 1035 3221 1146 3289; x_wconf 87' lang='lat' dir='ltr'><strong>peccati,</strong></span> <span class='ocrx_word' id='word_1_187' title='bbox 1160 3219 1207 3275; x_wconf 90' lang='lat' dir='ltr'><strong>sed</strong></span> <span class='ocrx_word' id='word_1_188' title='bbox 1220 3220 1355 3275; x_wconf 85' lang='lat' dir='ltr'><strong>emendari</strong></span> <span class='ocrx_word' id='word_1_189' title='bbox 1367 3234 1417 3276; x_wconf 90' lang='lat' dir='ltr'><strong>nos</strong></span> 
     </span>
     <span class='ocr_line' id='line_1_27' title="bbox 626 3305 1419 3377; baseline 0.005 -15"><span class='ocrx_word' id='word_1_190' title='bbox 626 3306 727 3362; x_wconf 87' lang='lat' dir='ltr'><strong>debere</strong></span> <span class='ocrx_word' id='word_1_191' title='bbox 740 3316 801 3377; x_wconf 87' lang='lat' dir='ltr'><strong>post</strong></span> <span class='ocrx_word' id='word_1_192' title='bbox 811 3305 925 3377; x_wconf 82' lang='lat' dir='ltr'><strong>lapsum.</strong></span> <span class='ocrx_word' id='word_1_193' title='bbox 942 3308 1019 3373; x_wconf 85' lang='lat' dir='ltr'><strong>Dicit,</strong></span> <span class='ocrx_word' id='word_1_194' title='bbox 1035 3324 1084 3365; x_wconf 83' lang='lat' dir='ltr'><strong>tttts</strong></span> <span class='ocrx_word' id='word_1_195' title='bbox 1096 3326 1129 3363; x_wconf 96' lang='grc' dir='ltr'><strong>ιι</strong></span> <span class='ocrx_word' id='word_1_196' title='bbox 1142 3308 1218 3365; x_wconf 82' lang='grc' dir='ltr'>Ιιοιιῖι</span> <span class='ocrx_word' id='word_1_197' title='bbox 1231 3309 1265 3364; x_wconf 86' lang='lat' dir='ltr'><strong>ad</strong></span> <span class='ocrx_word' id='word_1_198' title='bbox 1277 3312 1360 3365; x_wconf 86' lang='lat' dir='ltr'><strong>tristia</strong></span> <span class='ocrx_word' id='word_1_199' title='bbox 1370 3311 1419 3366; x_wconf 80' lang='lat' dir='ltr'><strong>de·</strong></span> 
     </span>
     <span class='ocr_line' id='line_1_28' title="bbox 626 3396 1418 3471; baseline 0.005 -17"><span class='ocrx_word' id='word_1_200' title='bbox 626 3396 742 3463; x_wconf 82' lang='lat' dir='ltr'><strong>toituos,</strong></span> <span class='ocrx_word' id='word_1_201' title='bbox 756 3398 880 3455; x_wconf 88' lang='lat' dir='ltr'><strong>etvulta</strong></span> <span class='ocrx_word' id='word_1_202' title='bbox 903 3397 1022 3455; x_wconf 88' lang='lat' dir='ltr'><strong>tristibus</strong></span> <span class='ocrx_word' id='word_1_203' title='bbox 1041 3399 1075 3455; x_wconf 90' lang='lat' dir='ltr'><strong>ad</strong></span> <span class='ocrx_word' id='word_1_204' title='bbox 1098 3401 1207 3458; x_wconf 89' lang='lat' dir='ltr'><strong>meliora</strong></span> <span class='ocrx_word' id='word_1_205' title='bbox 1230 3403 1365 3471; x_wconf 80' lang='lat' dir='ltr'><strong>reparari:</strong></span> <span class='ocrx_word' id='word_1_206' title='bbox 1389 3412 1418 3458; x_wconf 92' lang='lat' dir='ltr'><strong>ut</strong></span> 
     </span>
     <span class='ocr_line' id='line_1_29' title="bbox 627 3490 1419 3562; baseline 0.006 -19"><span class='ocrx_word' id='word_1_207' title='bbox 627 3504 695 3562; x_wconf 78' lang='lat' dir='ltr'><strong>tguos</strong></span> <span class='ocrx_word' id='word_1_208' title='bbox 715 3500 808 3560; x_wconf 90' lang='lat' dir='ltr'><strong>gustus</strong></span> <span class='ocrx_word' id='word_1_209' title='bbox 829 3490 892 3561; x_wconf 91' lang='lat' dir='ltr'><strong>ligni</strong></span> <span class='ocrx_word' id='word_1_210' title='bbox 914 3490 987 3546; x_wconf 88' lang='lat' dir='ltr'><strong>vetiti</strong></span> <span class='ocrx_word' id='word_1_211' title='bbox 1010 3490 1211 3557; x_wconf 86' lang='lat' dir='ltr'><strong>condemnavit,</strong></span> <span class='ocrx_word' id='word_1_212' title='bbox 1231 3491 1329 3548; x_wconf 83' lang='lat' dir='ltr'><strong>Citristi</strong></span> <span class='ocrx_word' id='word_1_213' title='bbox 1351 3505 1419 3548; x_wconf 86' lang='lat' dir='ltr'><strong>crux</strong></span> 
     </span>
     <span class='ocr_line' id='line_1_30' title="bbox 627 3581 1419 3652; baseline 0.008 -18"><span class='ocrx_word' id='word_1_214' title='bbox 627 3581 711 3652; x_wconf 83' lang='lat' dir='ltr'><strong>gratia</strong></span> <span class='ocrx_word' id='word_1_215' title='bbox 724 3582 837 3651; x_wconf 90' lang='lat' dir='ltr'><strong>largiore</strong></span> <span class='ocrx_word' id='word_1_216' title='bbox 852 3582 988 3652; x_wconf 80' lang='lat' dir='ltr'><strong>justificet.</strong></span> <span class='ocrx_word' id='word_1_217' title='bbox 1008 3582 1086 3649; x_wconf 83' lang='lat' dir='ltr'><strong>Dicit,</strong></span> <span class='ocrx_word' id='word_1_218' title='bbox 1105 3582 1281 3639; x_wconf 85' lang='lat' dir='ltr'><strong>venerandam</strong></span> <span class='ocrx_word' id='word_1_219' title='bbox 1295 3599 1355 3640; x_wconf 90' lang='lat' dir='ltr'><strong>esse</strong></span> <span class='ocrx_word' id='word_1_220' title='bbox 1370 3600 1419 3639; x_wconf 91' lang='lat' dir='ltr'><strong>na·</strong></span> 
     </span>
     <span class='ocr_line' id='line_1_31' title="bbox 628 3674 1417 3746; baseline 0.003 -16"><span class='ocrx_word' id='word_1_221' title='bbox 628 3674 767 3741; x_wconf 82' lang='lat' dir='ltr'><strong>lisitatem,</strong></span> <span class='ocrx_word' id='word_1_222' title='bbox 783 3689 831 3744; x_wconf 90' lang='lat' dir='ltr'><strong>per</strong></span> <span class='ocrx_word' id='word_1_223' title='bbox 845 3689 923 3746; x_wconf 78' lang='lat' dir='ltr'><strong>otram</strong></span> <span class='ocrx_word' id='word_1_224' title='bbox 939 3684 1052 3731; x_wconf 80' lang='lat' dir='ltr'><strong>terrene</strong></span> <span class='ocrx_word' id='word_1_225' title='bbox 1065 3676 1211 3731; x_wconf 88' lang='lat' dir='ltr'><strong>nativitatis</strong></span> <span class='ocrx_word' id='word_1_226' title='bbox 1222 3677 1334 3731; x_wconf 89' lang='lat' dir='ltr'><strong>vinculis</strong></span> <span class='ocrx_word' id='word_1_227' title='bbox 1347 3677 1417 3732; x_wconf 59' lang='lat' dir='ltr'><strong>libe*</strong></span> 
     </span>
     <span class='ocr_line' id='line_1_32' title="bbox 627 3767 1416 3841; baseline 0.004 -19"><span class='ocrx_word' id='word_1_228' title='bbox 627 3782 727 3823; x_wconf 88' lang='lat' dir='ltr'><strong>ramur.</strong></span> <span class='ocrx_word' id='word_1_229' title='bbox 741 3767 819 3834; x_wconf 90' lang='lat' dir='ltr'><strong>Dicit,</strong></span> <span class='ocrx_word' id='word_1_230' title='bbox 835 3767 1037 3838; x_wconf 76' lang='lat' dir='ltr'><strong>regeneratione</strong></span> <span class='ocrx_word' id='word_1_231' title='bbox 1046 3783 1079 3824; x_wconf 89' lang='lat' dir='ltr'><strong>ex</strong></span> <span class='ocrx_word' id='word_1_232' title='bbox 1090 3783 1158 3839; x_wconf 89' lang='lat' dir='ltr'><strong>aqua</strong></span> <span class='ocrx_word' id='word_1_233' title='bbox 1168 3779 1195 3824; x_wconf 92' lang='lat' dir='ltr'><strong>et</strong></span> <span class='ocrx_word' id='word_1_234' title='bbox 1208 3770 1301 3839; x_wconf 89' lang='lat' dir='ltr'><strong>spiritu</strong></span> <span class='ocrx_word' id='word_1_235' title='bbox 1310 3772 1416 3841; x_wconf 84' lang='lat' dir='ltr'><strong>purgari</strong></span> 
     </span>
     <span class='ocr_line' id='line_1_33' title="bbox 627 3856 1418 3930; baseline 0.006 -18"><span class='ocrx_word' id='word_1_236' title='bbox 627 3857 746 3912; x_wconf 80' lang='lat' dir='ltr'><strong>buculas</strong></span> <span class='ocrx_word' id='word_1_237' title='bbox 758 3858 852 3928; x_wconf 81' lang='lat' dir='ltr'><strong>primte</strong></span> <span class='ocrx_word' id='word_1_238' title='bbox 867 3856 1022 3923; x_wconf 79' lang='lat' dir='ltr'><strong>natiuitatis,</strong></span> <span class='ocrx_word' id='word_1_239' title='bbox 1044 3872 1092 3928; x_wconf 91' lang='lat' dir='ltr'><strong>per</strong></span> <span class='ocrx_word' id='word_1_240' title='bbox 1110 3873 1176 3929; x_wconf 83' lang='lat' dir='ltr'><strong>quas</strong></span> <span class='ocrx_word' id='word_1_241' title='bbox 1196 3860 1223 3914; x_wconf 89' lang='lat' dir='ltr'><strong>in</strong></span> <span class='ocrx_word' id='word_1_242' title='bbox 1236 3860 1418 3930; x_wconf 80' lang='lat' dir='ltr'><strong>iuiquitatibus</strong></span> 
     </span>
     <span class='ocr_line' id='line_1_34' title="bbox 627 3948 1418 4024; baseline 0.004 -18"><span class='ocrx_word' id='word_1_243' title='bbox 627 3949 803 4019; x_wconf 82' lang='lat' dir='ltr'><strong>concipimur.</strong></span> <span class='ocrx_word' id='word_1_244' title='bbox 819 3948 888 4005; x_wconf 91' lang='lat' dir='ltr'><strong>Dicit</strong></span> <span class='ocrx_word' id='word_1_245' title='bbox 904 3949 950 4004; x_wconf 90' lang='lat' dir='ltr'><strong>tiitl</strong></span> <span class='ocrx_word' id='word_1_246' title='bbox 971 3959 1080 4006; x_wconf 84' lang='lat' dir='ltr'><strong>sauctus</strong></span> <span class='ocrx_word' id='word_1_247' title='bbox 1094 3951 1217 4017; x_wconf 85' lang='lat' dir='ltr'><strong>Basilius,</strong></span> <span class='ocrx_word' id='word_1_248' title='bbox 1243 3968 1292 4007; x_wconf 91' lang='lat' dir='ltr'><strong>nos</strong></span> <span class='ocrx_word' id='word_1_249' title='bbox 1310 3955 1418 4024; x_wconf 88' lang='lat' dir='ltr'><strong>aegritu-</strong></span> 
     </span>
     <span class='ocr_line' id='line_1_35' title="bbox 628 4038 1419 4113; baseline 0.008 -20"><span class='ocrx_word' id='word_1_250' title='bbox 628 4038 718 4095; x_wconf 88' lang='lat' dir='ltr'><strong>dinem</strong></span> <span class='ocrx_word' id='word_1_251' title='bbox 731 4042 899 4097; x_wconf 80' lang='lat' dir='ltr'><strong>contraxisse</strong></span> <span class='ocrx_word' id='word_1_252' title='bbox 910 4043 1023 4113; x_wconf 86' lang='lat' dir='ltr'><strong>peceati,</strong></span> <span class='ocrx_word' id='word_1_253' title='bbox 1039 4044 1164 4112; x_wconf 77' lang='lat' dir='ltr'><strong>quonium</strong></span> <span class='ocrx_word' id='word_1_254' title='bbox 1179 4043 1233 4099; x_wconf 85' lang='lat' dir='ltr'><strong>Eva</strong></span> <span class='ocrx_word' id='word_1_255' title='bbox 1247 4045 1331 4099; x_wconf 92' lang='lat' dir='ltr'><strong>noluit</strong></span> <span class='ocrx_word' id='word_1_256' title='bbox 1349 4060 1365 4100; x_wconf 88' lang='lat' dir='ltr'><strong>a</strong></span> <span class='ocrx_word' id='word_1_257' title='bbox 1386 4044 1419 4099; x_wconf 90' lang='lat' dir='ltr'><strong>ii·</strong></span> 
     </span>
     <span class='ocr_line' id='line_1_36' title="bbox 627 4130 1418 4204; baseline 0.008 -20"><span class='ocrx_word' id='word_1_258' title='bbox 627 4130 824 4202; x_wconf 87' lang='lat' dir='ltr'><strong>gnoprobibito</strong></span> <span class='ocrx_word' id='word_1_259' title='bbox 843 4132 975 4202; x_wconf 82' lang='lat' dir='ltr'><strong>jejunare.</strong></span> <span class='ocrx_word' id='word_1_260' title='bbox 995 4132 1064 4189; x_wconf 92' lang='lat' dir='ltr'><strong>Dicit</strong></span> <span class='ocrx_word' id='word_1_261' title='bbox 1084 4144 1236 4204; x_wconf 88' lang='lat' dir='ltr'><strong>postremo,</strong></span> <span class='ocrx_word' id='word_1_262' title='bbox 1258 4150 1307 4189; x_wconf 92' lang='lat' dir='ltr'><strong>nos</strong></span> <span class='ocrx_word' id='word_1_263' title='bbox 1320 4134 1354 4189; x_wconf 92' lang='lat' dir='ltr'><strong>de</strong></span> <span class='ocrx_word' id='word_1_264' title='bbox 1369 4150 1418 4204; x_wconf 61' lang='lat' dir='ltr'><strong>pn⁴</strong></span> 
     </span>
     <span class='ocr_line' id='line_1_37' title="bbox 629 4224 1419 4297; baseline 0.008 -20"><span class='ocrx_word' id='word_1_265' title='bbox 629 4224 719 4277; x_wconf 85' lang='lat' dir='ltr'><strong>radiso</strong></span> <span class='ocrx_word' id='word_1_266' title='bbox 733 4224 874 4291; x_wconf 79' lang='lat' dir='ltr'><strong>decidisse,</strong></span> <span class='ocrx_word' id='word_1_267' title='bbox 887 4226 948 4295; x_wconf 84' lang='lat' dir='ltr'><strong>quia</strong></span> <span class='ocrx_word' id='word_1_268' title='bbox 962 4242 1016 4282; x_wconf 91' lang='lat' dir='ltr'><strong>non</strong></span> <span class='ocrx_word' id='word_1_269' title='bbox 1027 4226 1215 4296; x_wconf 79' lang='lat' dir='ltr'><strong>jejunavimus,</strong></span> <span class='ocrx_word' id='word_1_270' title='bbox 1236 4236 1315 4297; x_wconf 83' lang='lat' dir='ltr'><strong>atquc</strong></span> <span class='ocrx_word' id='word_1_271' title='bbox 1329 4238 1357 4281; x_wconf 93' lang='lat' dir='ltr'><strong>ut</strong></span> <span class='ocrx_word' id='word_1_272' title='bbox 1372 4228 1419 4283; x_wconf 95' lang='lat' dir='ltr'><strong>illo</strong></span> 
     </span>
     <span class='ocr_line' id='line_1_38' title="bbox 626 4314 1418 4389; baseline 0.008 -19"><span class='ocrx_word' id='word_1_273' title='bbox 626 4314 779 4382; x_wconf 80' lang='lat' dir='ltr'><strong>redeamus,</strong></span> <span class='ocrx_word' id='word_1_274' title='bbox 792 4317 910 4387; x_wconf 76' lang='lat' dir='ltr'><strong>precipit</strong></span> <span class='ocrx_word' id='word_1_275' title='bbox 931 4318 1092 4389; x_wconf 78' lang='lat' dir='ltr'><strong>lejtuvemus.</strong></span> <span class='ocrx_word' id='word_1_276' title='bbox 1109 4320 1204 4375; x_wconf 88' lang='lat' dir='ltr'><strong>Dicunt</strong></span> <span class='ocrx_word' id='word_1_277' title='bbox 1228 4320 1274 4375; x_wconf 91' lang='lat' dir='ltr'><strong>tibi</strong></span> <span class='ocrx_word' id='word_1_278' title='bbox 1289 4336 1336 4375; x_wconf 91' lang='lat' dir='ltr'><strong>ore</strong></span> <span class='ocrx_word' id='word_1_279' title='bbox 1363 4336 1418 4377; x_wconf 93' lang='lat' dir='ltr'><strong>uuo</strong></span> 
     </span>
     <span class='ocr_line' id='line_1_39' title="bbox 627 4405 1414 4480; baseline 0.01 -20"><span class='ocrx_word' id='word_1_280' title='bbox 627 4406 667 4463; x_wconf 87' lang='lat' dir='ltr'><strong>lot</strong></span> <span class='ocrx_word' id='word_1_281' title='bbox 678 4409 761 4463; x_wconf 83' lang='lat' dir='ltr'><strong>seneli</strong></span> <span class='ocrx_word' id='word_1_282' title='bbox 776 4409 904 4479; x_wconf 88' lang='lat' dir='ltr'><strong>episcopi,</strong></span> <span class='ocrx_word' id='word_1_283' title='bbox 920 4409 1055 4480; x_wconf 82' lang='lat' dir='ltr'><strong>Eulogius,</strong></span> <span class='ocrx_word' id='word_1_284' title='bbox 1070 4405 1197 4477; x_wconf 77' lang='lat' dir='ltr'><strong>loannes,</strong></span> <span class='ocrx_word' id='word_1_285' title='bbox 1213 4412 1414 4479; x_wconf 80' lang='lat' dir='ltr'><strong>Ammonianus,</strong></span> 
     </span>
     <span class='ocr_line' id='line_1_40' title="bbox 627 4497 1418 4570; baseline 0.004 -17"><span class='ocrx_word' id='word_1_286' title='bbox 627 4497 801 4570; x_wconf 79' lang='lat' dir='ltr'><strong>Porphyrius,</strong></span> <span class='ocrx_word' id='word_1_287' title='bbox 815 4499 954 4566; x_wconf 82' lang='lat' dir='ltr'><strong>Eutoulus,</strong></span> <span class='ocrx_word' id='word_1_288' title='bbox 970 4499 1132 4570; x_wconf 76' lang='lat' dir='ltr'><strong>Porphyrius</strong></span> <span class='ocrx_word' id='word_1_289' title='bbox 1145 4500 1211 4555; x_wconf 89' lang='lat' dir='ltr'><strong>alius</strong></span> <span class='ocrx_word' id='word_1_290' title='bbox 1225 4502 1245 4567; x_wconf 84' lang='lat'><strong>¹,</strong></span> <span class='ocrx_word' id='word_1_291' title='bbox 1259 4500 1350 4567; x_wconf 83' lang='lat' dir='ltr'><strong>Fidus,</strong></span> <span class='ocrx_word' id='word_1_292' title='bbox 1362 4501 1418 4556; x_wconf 81' lang='lat' dir='ltr'><strong>Zo-</strong></span> 
     </span>
     <span class='ocr_line' id='line_1_41' title="bbox 626 4588 1415 4662; baseline 0.006 -19"><span class='ocrx_word' id='word_1_293' title='bbox 626 4591 716 4654; x_wconf 91' lang='lat' dir='ltr'><strong>niuus,</strong></span> <span class='ocrx_word' id='word_1_294' title='bbox 731 4589 901 4657; x_wconf 75' lang='lat' dir='ltr'><strong>zoboennus,</strong></span> <span class='ocrx_word' id='word_1_295' title='bbox 911 4588 1283 4662; x_wconf 69' lang='lat' dir='ltr'><strong>Nymphidiuscltromatius,</strong></span> <span class='ocrx_word' id='word_1_296' title='bbox 1293 4592 1415 4660; x_wconf 84' lang='lat' dir='ltr'><strong>lovinus,</strong></span> 
     </span>
     <span class='ocr_line' id='line_1_42' title="bbox 627 4673 1417 4754; baseline 0.005 -18"><span class='ocrx_word' id='word_1_297' title='bbox 627 4673 808 4748; x_wconf 77' lang='lat' dir='ltr'><strong>Dicutlrerius,</strong></span> <span class='ocrx_word' id='word_1_298' title='bbox 822 4682 985 4738; x_wconf 74' lang='lat' dir='ltr'><strong>clematiust</strong></span> <span class='ocrx_word' id='word_1_299' title='bbox 1001 4682 1056 4738; x_wconf 85' lang='lat' dir='ltr'><strong>llos</strong></span> <span class='ocrx_word' id='word_1_300' title='bbox 1077 4683 1211 4754; x_wconf 84' lang='lat' dir='ltr'><strong>Pelagium</strong></span> <span class='ocrx_word' id='word_1_301' title='bbox 1235 4699 1287 4739; x_wconf 91' lang='lat' dir='ltr'><strong>non</strong></span> <span class='ocrx_word' id='word_1_302' title='bbox 1301 4684 1417 4740; x_wconf 87' lang='lat' dir='ltr'><strong>absolui·</strong></span> 
     </span>
     <span class='ocr_line' id='line_1_43' title="bbox 625 4773 1417 4847; baseline 0.008 -20"><span class='ocrx_word' id='word_1_303' title='bbox 625 4780 697 4837; x_wconf 80' lang='lat' dir='ltr'><strong>tuus,</strong></span> <span class='ocrx_word' id='word_1_304' title='bbox 725 4773 775 4828; x_wconf 89' lang='lat' dir='ltr'><strong>nisi</strong></span> <span class='ocrx_word' id='word_1_305' title='bbox 796 4775 858 4845; x_wconf 86' lang='lat' dir='ltr'><strong>quia</strong></span> <span class='ocrx_word' id='word_1_306' title='bbox 883 4774 1019 4831; x_wconf 85' lang='lat' dir='ltr'><strong>damnauit</strong></span> <span class='ocrx_word' id='word_1_307' title='bbox 1038 4790 1085 4831; x_wconf 90' lang='lat' dir='ltr'><strong>eos</strong></span> <span class='ocrx_word' id='word_1_308' title='bbox 1107 4777 1151 4846; x_wconf 83' lang='lat' dir='ltr'><strong>qui</strong></span> <span class='ocrx_word' id='word_1_309' title='bbox 1178 4776 1271 4833; x_wconf 90' lang='lat' dir='ltr'><strong>dicunt</strong></span> <span class='ocrx_word' id='word_1_310' title='bbox 1292 4777 1417 4847; x_wconf 90' lang='lat' dir='ltr'><strong>parvulos</strong></span> 
     </span>
     <span class='ocr_line' id='line_1_44' title="bbox 626 4864 1416 4936; baseline 0.005 -18"><span class='ocrx_word' id='word_1_311' title='bbox 626 4864 730 4919; x_wconf 82' lang='lat' dir='ltr'><strong>etiamsi</strong></span> <span class='ocrx_word' id='word_1_312' title='bbox 743 4880 795 4919; x_wconf 93' lang='lat' dir='ltr'><strong>uon</strong></span> <span class='ocrx_word' id='word_1_313' title='bbox 811 4866 978 4936; x_wconf 84' lang='lat' dir='ltr'><strong>baptizentur</strong></span> <span class='ocrx_word' id='word_1_314' title='bbox 990 4866 1090 4923; x_wconf 88' lang='lat' dir='ltr'><strong>bebere</strong></span> <span class='ocrx_word' id='word_1_315' title='bbox 1103 4868 1182 4922; x_wconf 88' lang='lat' dir='ltr'><strong>vitam</strong></span> <span class='ocrx_word' id='word_1_316' title='bbox 1203 4879 1341 4923; x_wconf 71' lang='lat' dir='ltr'><strong>aeternam.</strong></span> <span class='ocrx_word' id='word_1_317' title='bbox 1356 4867 1416 4924; x_wconf 83' lang='lat' dir='ltr'><strong>lem</strong></span> 
     </span>
     <span class='ocr_line' id='line_1_45' title="bbox 626 4954 1418 5033; baseline 0.01 -24"><span class='ocrx_word' id='word_1_318' title='bbox 626 4954 656 5010; x_wconf 89' lang='lat' dir='ltr'><strong>tu</strong></span> <span class='ocrx_word' id='word_1_319' title='bbox 670 4956 812 5025; x_wconf 89' lang='lat' dir='ltr'><strong>responde,</strong></span> <span class='ocrx_word' id='word_1_320' title='bbox 827 4969 914 5014; x_wconf 90' lang='lat' dir='ltr'><strong>utrum</strong></span> <span class='ocrx_word' id='word_1_321' title='bbox 934 4959 1003 5014; x_wconf 90' lang='lat' dir='ltr'><strong>Dcus</strong></span> <span class='ocrx_word' id='word_1_322' title='bbox 1014 4959 1101 5029; x_wconf 83' lang='lat' dir='ltr'><strong>justus</strong></span> <span class='ocrx_word' id='word_1_323' title='bbox 1114 4960 1179 5016; x_wconf 90' lang='lat' dir='ltr'><strong>nulli</strong></span> <span class='ocrx_word' id='word_1_324' title='bbox 1196 4962 1337 5016; x_wconf 81' lang='lat' dir='ltr'><strong>obnoxiam</strong></span> <span class='ocrx_word' id='word_1_325' title='bbox 1353 4977 1418 5033; x_wconf 91' lang='lat' dir='ltr'><strong>pec·</strong></span> 
     </span>
     <span class='ocr_line' id='line_1_46' title="bbox 626 5048 1334 5122; baseline 0.013 -22"><span class='ocrx_word' id='word_1_326' title='bbox 626 5056 687 5100; x_wconf 84' lang='lat' dir='ltr'><strong>cato</strong></span> <span class='ocrx_word' id='word_1_327' title='bbox 700 5048 841 5116; x_wconf 84' lang='lat' dir='ltr'><strong>imaginem</strong></span> <span class='ocrx_word' id='word_1_328' title='bbox 856 5064 931 5105; x_wconf 92' lang='lat' dir='ltr'><strong>suam</strong></span> <span class='ocrx_word' id='word_1_329' title='bbox 947 5052 1051 5120; x_wconf 79' lang='lat' dir='ltr'><strong>privare</strong></span> <span class='ocrx_word' id='word_1_330' title='bbox 1065 5051 1118 5106; x_wconf 86' lang='lat' dir='ltr'><strong>tita</strong></span> <span class='ocrx_word' id='word_1_331' title='bbox 1132 5055 1334 5122; x_wconf 77' lang='lat' dir='ltr'><strong>possitacterna.</strong></span> 
     </span>
    </p>

    <p class='ocr_par' dir='ltr' id='par_1_3' title="bbox 621 5139 1418 6131">
     <span class='ocr_line' id='line_1_47' title="bbox 662 5139 1416 5212; baseline 0.017 -19"><span class='ocrx_word' id='word_1_332' title='bbox 662 5139 706 5193; x_wconf 77' lang='grc'><strong>55.</strong></span> <span class='ocrx_word' id='word_1_333' title='bbox 727 5139 867 5194; x_wconf 84' lang='lat' dir='ltr'><strong>Postremo</strong></span> <span class='ocrx_word' id='word_1_334' title='bbox 897 5151 1005 5196; x_wconf 85' lang='lat' dir='ltr'><strong>sanetus</strong></span> <span class='ocrx_word' id='word_1_335' title='bbox 1030 5143 1173 5212; x_wconf 89' lang='lat' dir='ltr'><strong>episcopus</strong></span> <span class='ocrx_word' id='word_1_336' title='bbox 1192 5144 1308 5202; x_wconf 76' lang='lat' dir='ltr'><strong>loannes</strong></span> <span class='ocrx_word' id='word_1_337' title='bbox 1332 5146 1416 5206; x_wconf 87' lang='lat' dir='ltr'><strong>dicit.</strong></span> 
     </span>
     <span class='ocr_line' id='line_1_48' title="bbox 625 5230 1417 5305; baseline 0.015 -24"><span class='ocrx_word' id='word_1_338' title='bbox 625 5244 706 5296; x_wconf 76' lang='lat' dir='ltr'><strong>tpnem</strong></span> <span class='ocrx_word' id='word_1_339' title='bbox 722 5239 749 5284; x_wconf 94' lang='lat' dir='ltr'><strong>tu</strong></span> <span class='ocrx_word' id='word_1_340' title='bbox 764 5230 954 5286; x_wconf 84' lang='lat' dir='ltr'><strong>honorabiliter</strong></span> <span class='ocrx_word' id='word_1_341' title='bbox 963 5235 1198 5298; x_wconf 90' lang='lat' dir='ltr'><strong>commemorasti,</strong></span> <span class='ocrx_word' id='word_1_342' title='bbox 1214 5251 1293 5305; x_wconf 78' lang='lat' dir='ltr'><strong>utrem</strong></span> <span class='ocrx_word' id='word_1_343' title='bbox 1308 5247 1334 5293; x_wconf 88' lang='lat' dir='ltr'><strong>tu</strong></span> <span class='ocrx_word' id='word_1_344' title='bbox 1347 5239 1417 5295; x_wconf 92' lang='lat' dir='ltr'><strong>sicut</strong></span> 
     </span>
     <span class='ocr_line' id='line_1_49' title="bbox 625 5318 1416 5393; baseline 0.014 -21"><span class='ocrx_word' id='word_1_345' title='bbox 625 5329 746 5373; x_wconf 89' lang='lat' dir='ltr'><strong>sanctum</strong></span> <span class='ocrx_word' id='word_1_346' title='bbox 762 5318 948 5390; x_wconf 80' lang='lat' dir='ltr'><strong>eruditumque</strong></span> <span class='ocrx_word' id='word_1_347' title='bbox 961 5319 1089 5384; x_wconf 89' lang='lat' dir='ltr'><strong>laudasti,</strong></span> <span class='ocrx_word' id='word_1_348' title='bbox 1100 5338 1179 5393; x_wconf 84' lang='lat' dir='ltr'><strong>qucm</strong></span> <span class='ocrx_word' id='word_1_349' title='bbox 1194 5333 1221 5379; x_wconf 92' lang='lat' dir='ltr'><strong>tu</strong></span> <span class='ocrx_word' id='word_1_350' title='bbox 1235 5328 1416 5383; x_wconf 90' lang='lat' dir='ltr'><strong>testimouium</strong></span> 
     </span>
     <span class='ocr_line' id='line_1_50' title="bbox 625 5410 1414 5486; baseline 0.014 -22"><span class='ocrx_word' id='word_1_351' title='bbox 625 5419 653 5466; x_wconf 94' lang='grc' dir='ltr'><strong>ιι</strong></span> <span class='ocrx_word' id='word_1_352' title='bbox 666 5410 776 5481; x_wconf 85' lang='lat' dir='ltr'><strong>gloriam</strong></span> <span class='ocrx_word' id='word_1_353' title='bbox 796 5411 829 5465; x_wconf 90' lang='lat' dir='ltr'><strong>de</strong></span> <span class='ocrx_word' id='word_1_354' title='bbox 848 5413 984 5467; x_wconf 84' lang='lat' dir='ltr'><strong>consortio</strong></span> <span class='ocrx_word' id='word_1_355' title='bbox 999 5413 1118 5469; x_wconf 79' lang='lat' dir='ltr'><strong>veritatis</strong></span> <span class='ocrx_word' id='word_1_356' title='bbox 1138 5417 1287 5486; x_wconf 86' lang='lat' dir='ltr'><strong>suscepisse</strong></span> <span class='ocrx_word' id='word_1_357' title='bbox 1305 5419 1414 5475; x_wconf 86' lang='lat' dir='ltr'><strong>dixisti:</strong></span> 
     </span>
     <span class='ocr_line' id='line_1_51' title="bbox 626 5501 1418 5583; baseline 0.015 -27"><span class='ocrx_word' id='word_1_358' title='bbox 626 5503 707 5557; x_wconf 80' lang='lat' dir='ltr'><strong>etlam</strong></span> <span class='ocrx_word' id='word_1_359' title='bbox 720 5501 776 5571; x_wconf 85' lang='lat' dir='ltr'><strong>ipse</strong></span> <span class='ocrx_word' id='word_1_360' title='bbox 790 5502 864 5567; x_wconf 92' lang='lat' dir='ltr'><strong>dicit,</strong></span> <span class='ocrx_word' id='word_1_361' title='bbox 880 5502 963 5557; x_wconf 82' lang='lat' dir='ltr'><strong>lidum</strong></span> <span class='ocrx_word' id='word_1_362' title='bbox 977 5503 1016 5558; x_wconf 91' lang='lat' dir='ltr'><strong>sic</strong></span> <span class='ocrx_word' id='word_1_363' title='bbox 1029 5514 1155 5574; x_wconf 88' lang='lat' dir='ltr'><strong>peccasse</strong></span> <span class='ocrx_word' id='word_1_364' title='bbox 1167 5507 1231 5562; x_wconf 90' lang='lat' dir='ltr'><strong>illud</strong></span> <span class='ocrx_word' id='word_1_365' title='bbox 1241 5510 1341 5579; x_wconf 90' lang='lat' dir='ltr'><strong>grande</strong></span> <span class='ocrx_word' id='word_1_366' title='bbox 1354 5527 1418 5583; x_wconf 86' lang='lat' dir='ltr'><strong>pec·</strong></span> 
     </span>
     <span class='ocr_line' id='line_1_52' title="bbox 623 5591 1416 5664; baseline 0.014 -18"><span class='ocrx_word' id='word_1_367' title='bbox 623 5603 723 5657; x_wconf 87' lang='lat' dir='ltr'><strong>cattun,</strong></span> <span class='ocrx_word' id='word_1_368' title='bbox 738 5603 764 5647; x_wconf 92' lang='grc' dir='ltr'><strong>ιιι</strong></span> <span class='ocrx_word' id='word_1_369' title='bbox 775 5609 854 5648; x_wconf 87' lang='lat' dir='ltr'><strong>urttue</strong></span> <span class='ocrx_word' id='word_1_370' title='bbox 866 5609 950 5664; x_wconf 90' lang='lat' dir='ltr'><strong>genus</strong></span> <span class='ocrx_word' id='word_1_371' title='bbox 962 5591 1106 5651; x_wconf 85' lang='lat' dir='ltr'><strong>itomanum</strong></span> <span class='ocrx_word' id='word_1_372' title='bbox 1117 5596 1143 5650; x_wconf 90' lang='lat' dir='ltr'><strong>in</strong></span> <span class='ocrx_word' id='word_1_373' title='bbox 1153 5611 1294 5654; x_wconf 91' lang='lat' dir='ltr'><strong>commune</strong></span> <span class='ocrx_word' id='word_1_374' title='bbox 1304 5601 1416 5656; x_wconf 88' lang='lat' dir='ltr'><strong>damna·</strong></span> 
     </span>
     <span class='ocr_line' id='line_1_53' title="bbox 624 5685 1414 5763; baseline 0.015 -25"><span class='ocrx_word' id='word_1_375' title='bbox 624 5692 674 5738; x_wconf 84' lang='lat' dir='ltr'><strong>ret.</strong></span> <span class='ocrx_word' id='word_1_376' title='bbox 692 5685 776 5748; x_wconf 90' lang='lat' dir='ltr'><strong>Dicit,</strong></span> <span class='ocrx_word' id='word_1_377' title='bbox 792 5687 818 5740; x_wconf 93' lang='lat' dir='ltr'><strong>in</strong></span> <span class='ocrx_word' id='word_1_378' title='bbox 839 5685 931 5740; x_wconf 84' lang='lat' dir='ltr'><strong>Lazari</strong></span> <span class='ocrx_word' id='word_1_379' title='bbox 954 5696 1039 5742; x_wconf 89' lang='lat' dir='ltr'><strong>morte</strong></span> <span class='ocrx_word' id='word_1_380' title='bbox 1061 5688 1121 5742; x_wconf 90' lang='lat' dir='ltr'><strong>ideo</strong></span> <span class='ocrx_word' id='word_1_381' title='bbox 1140 5685 1245 5746; x_wconf 82' lang='lat' dir='ltr'><strong>licuisse</strong></span> <span class='ocrx_word' id='word_1_382' title='bbox 1263 5692 1414 5763; x_wconf 86' lang='lat' dir='ltr'><strong>Citristum,</strong></span> 
     </span>
     <span class='ocr_line' id='line_1_54' title="bbox 623 5776 1415 5846; baseline 0.016 -17"><span class='ocrx_word' id='word_1_383' title='bbox 623 5777 685 5846; x_wconf 79' lang='lat' dir='ltr'><strong>guia</strong></span> <span class='ocrx_word' id='word_1_384' title='bbox 697 5776 730 5831; x_wconf 90' lang='lat' dir='ltr'><strong>dc</strong></span> <span class='ocrx_word' id='word_1_385' title='bbox 746 5778 957 5846; x_wconf 81' lang='lat' dir='ltr'><strong>perennitatibus</strong></span> <span class='ocrx_word' id='word_1_386' title='bbox 971 5794 1080 5834; x_wconf 87' lang='lat' dir='ltr'><strong>excussa</strong></span> <span class='ocrx_word' id='word_1_387' title='bbox 1096 5780 1245 5835; x_wconf 87' lang='lat' dir='ltr'><strong>mortalitas</strong></span> <span class='ocrx_word' id='word_1_388' title='bbox 1255 5781 1353 5842; x_wconf 90' lang='lat' dir='ltr'><strong>iuieros</strong></span> <span class='ocrx_word' id='word_1_389' title='bbox 1365 5787 1415 5841; x_wconf 92' lang='lat' dir='ltr'><strong>ad·</strong></span> 
     </span>
     <span class='ocr_line' id='line_1_55' title="bbox 623 5867 1413 5946; baseline 0.018 -28"><span class='ocrx_word' id='word_1_390' title='bbox 623 5867 739 5932; x_wconf 74' lang='lat' dir='ltr'><strong>arnaud,</strong></span> <span class='ocrx_word' id='word_1_391' title='bbox 755 5878 782 5923; x_wconf 88' lang='grc' dir='ltr'><strong>ιι</strong></span> <span class='ocrx_word' id='word_1_392' title='bbox 799 5870 860 5939; x_wconf 74' lang='lat' dir='ltr'><strong>«prtia</strong></span> <span class='ocrx_word' id='word_1_393' title='bbox 875 5885 922 5925; x_wconf 91' lang='lat' dir='ltr'><strong>eos</strong></span> <span class='ocrx_word' id='word_1_394' title='bbox 941 5872 986 5940; x_wconf 80' lang='lat' dir='ltr'><strong>qui</strong></span> <span class='ocrx_word' id='word_1_395' title='bbox 1007 5872 1171 5928; x_wconf 88' lang='lat' dir='ltr'><strong>immortales</strong></span> <span class='ocrx_word' id='word_1_396' title='bbox 1192 5888 1252 5929; x_wconf 90' lang='lat' dir='ltr'><strong>esse</strong></span> <span class='ocrx_word' id='word_1_397' title='bbox 1271 5885 1413 5946; x_wconf 86' lang='lat' dir='ltr'><strong>poterant,</strong></span> 
     </span>
     <span class='ocr_line' id='line_1_56' title="bbox 621 5959 1415 6036; baseline 0.015 -23"><span class='ocrx_word' id='word_1_398' title='bbox 621 5959 744 6015; x_wconf 90' lang='lat' dir='ltr'><strong>dinbuius</strong></span> <span class='ocrx_word' id='word_1_399' title='bbox 758 5960 819 6016; x_wconf 84' lang='lat' dir='ltr'><strong>lecit</strong></span> <span class='ocrx_word' id='word_1_400' title='bbox 831 5978 891 6018; x_wconf 89' lang='lat' dir='ltr'><strong>esse</strong></span> <span class='ocrx_word' id='word_1_401' title='bbox 906 5964 1040 6019; x_wconf 80' lang='lat' dir='ltr'><strong>inermies.</strong></span> <span class='ocrx_word' id='word_1_402' title='bbox 1054 5965 1132 6029; x_wconf 90' lang='lat' dir='ltr'><strong>Dicit,</strong></span> <span class='ocrx_word' id='word_1_403' title='bbox 1146 5975 1353 6036; x_wconf 87' lang='lat' dir='ltr'><strong>antepeeeatum</strong></span> <span class='ocrx_word' id='word_1_404' title='bbox 1365 5970 1415 6025; x_wconf 80' lang='lat' dir='ltr'><strong>llo·</strong></span> 
     </span>
     <span class='ocr_line' id='line_1_57' title="bbox 622 6050 1412 6131; baseline 0.019 -28"><span class='ocrx_word' id='word_1_405' title='bbox 622 6050 703 6105; x_wconf 89' lang='lat' dir='ltr'><strong>minis</strong></span> <span class='ocrx_word' id='word_1_406' title='bbox 725 6054 796 6105; x_wconf 83' lang='lat' dir='ltr'><strong>otum</strong></span> <span class='ocrx_word' id='word_1_407' title='bbox 819 6055 899 6108; x_wconf 87' lang='lat' dir='ltr'><strong>modo</strong></span> <span class='ocrx_word' id='word_1_408' title='bbox 917 6055 1014 6110; x_wconf 83' lang='lat' dir='ltr'><strong>bestias</strong></span> <span class='ocrx_word' id='word_1_409' title='bbox 1035 6055 1135 6112; x_wconf 87' lang='lat' dir='ltr'><strong>bomini</strong></span> <span class='ocrx_word' id='word_1_410' title='bbox 1160 6057 1241 6115; x_wconf 90' lang='lat' dir='ltr'><strong>iuisse</strong></span> <span class='ocrx_word' id='word_1_411' title='bbox 1258 6060 1412 6131; x_wconf 74' lang='lat' dir='ltr'><strong>subiectas,</strong></span> 
     </span>
    </p>

    <p class='ocr_par' dir='ltr' id='par_1_4' title="bbox 658 6183 1412 6250">
     <span class='ocr_line' id='line_1_58' title="bbox 658 6183 1412 6250; baseline 0.024 -23"><span class='ocrx_word' id='word_1_412' title='bbox 658 6183 705 6231; x_wconf 83' lang='grc' dir='ltr'><strong>Ιιιι</strong></span> <span class='ocrx_word' id='word_1_413' title='bbox 728 6195 824 6232; x_wconf 84' lang='lat' dir='ltr'><strong>excttsts</strong></span> <span class='ocrx_word' id='word_1_414' title='bbox 847 6186 941 6243; x_wconf 86' lang='lat' dir='ltr'><strong>decrat,</strong></span> <span class='ocrx_word' id='word_1_415' title='bbox 966 6187 1112 6250; x_wconf 81' lang='lat' dir='ltr'><strong>rorpltgritts</strong></span> <span class='ocrx_word' id='word_1_416' title='bbox 1131 6188 1200 6241; x_wconf 79' lang='lat' dir='ltr'><strong>elliu.</strong></span> <span class='ocrx_word' id='word_1_417' title='bbox 1223 6194 1361 6244; x_wconf 75' lang='lat' dir='ltr'><strong>desumitur</strong></span> <span class='ocrx_word' id='word_1_418' title='bbox 1380 6208 1412 6245; x_wconf 88' lang='lat' dir='ltr'><strong>ex</strong></span> 
     </span>
    </p>
   </div>
   <div class='ocr_carea' id='block_1_3' title="bbox 619 6246 1413 6371">
    <p class='ocr_par' dir='ltr' id='par_1_5' title="bbox 619 6246 1413 6371">
     <span class='ocr_line' id='line_1_59' title="bbox 619 6246 1413 6318; baseline 0.018 -25"><span class='ocrx_word' id='word_1_419' title='bbox 619 6246 796 6312; x_wconf 80' lang='lat' dir='ltr'><strong>manuscriptis.</strong></span> <span class='ocrx_word' id='word_1_420' title='bbox 816 6248 992 6317; x_wconf 59' lang='lat' dir='ltr'><strong>mosonium,</strong></span> <span class='ocrx_word' id='word_1_421' title='bbox 1005 6249 1044 6298; x_wconf 82' lang='lat' dir='ltr'><strong>iric</strong></span> <span class='ocrx_word' id='word_1_422' title='bbox 1060 6264 1123 6300; x_wconf 90' lang='lat' dir='ltr'><strong>unns</strong></span> <span class='ocrx_word' id='word_1_423' title='bbox 1141 6265 1156 6301; x_wconf 91' lang='lat' dir='ltr'><strong>e</strong></span> <span class='ocrx_word' id='word_1_424' title='bbox 1176 6267 1284 6318; x_wconf 76' lang='lat' dir='ltr'><strong>qumque</strong></span> <span class='ocrx_word' id='word_1_425' title='bbox 1297 6257 1413 6307; x_wconf 84' lang='lat' dir='ltr'><strong>tatiomis</strong></span> 
     </span>
     <span class='ocr_line' id='line_1_60' title="bbox 621 6304 1130 6371; baseline 0.008 -15"><span class='ocrx_word' id='word_1_426' title='bbox 621 6304 704 6367; x_wconf 70' lang='lat' dir='ltr'><strong>lubet,</strong></span> <span class='ocrx_word' id='word_1_427' title='bbox 720 6315 820 6357; x_wconf 74' lang='lat' dir='ltr'><strong>tornius</strong></span> <span class='ocrx_word' id='word_1_428' title='bbox 827 6319 836 6367; x_wconf 90' lang='lat'><em>;</em></span> <span class='ocrx_word' id='word_1_429' title='bbox 848 6308 887 6358; x_wconf 87' lang='lat' dir='ltr'><strong>alti</strong></span> <span class='ocrx_word' id='word_1_430' title='bbox 899 6320 1011 6371; x_wconf 73' lang='lat' dir='ltr'><strong>qttatuor,</strong></span> <span class='ocrx_word' id='word_1_431' title='bbox 1024 6312 1130 6364; x_wconf 65' lang='lat' dir='ltr'><strong>leuues.</strong></span> 
     </span>
    </p>
   </div>
   <div class='ocr_carea' id='block_1_4' title="bbox 1036 888 1819 969">
    <p class='ocr_par' dir='ltr' id='par_1_6' title="bbox 1036 888 1819 969">
     <span class='ocr_line' id='line_1_61' title="bbox 1036 888 1819 969; baseline -0.005 -6"><span class='ocrx_word' id='word_1_432' title='bbox 1036 896 1171 964; x_wconf 79' lang='lat' dir='ltr'><strong>corint</strong></span> <span class='ocrx_word' id='word_1_433' title='bbox 1191 902 1360 964; x_wconf 81' lang='lat' dir='ltr'><strong>tuuttnuu</strong></span> <span class='ocrx_word' id='word_1_434' title='bbox 1379 888 1565 969; x_wconf 77' lang='lat' dir='ltr'><strong>ruutetbu,</strong></span> <span class='ocrx_word' id='word_1_435' title='bbox 1585 904 1613 960; x_wconf 88' lang='lat' dir='ltr'><strong>s.</strong></span> <span class='ocrx_word' id='word_1_436' title='bbox 1634 892 1819 963; x_wconf 78' lang='lat' dir='ltr'><strong>nueustltvi</strong></span> 
     </span>
    </p>
   </div>
   <div class='ocr_carea' id='block_1_5' title="bbox 2203 898 2255 967">
    <p class='ocr_par' dir='ltr' id='par_1_7' title="bbox 2203 898 2255 967">
     <span class='ocr_line' id='line_1_62' title="bbox 2203 898 2255 967; baseline 0 0"><span class='ocrx_word' id='word_1_437' title='bbox 2203 898 2255 967; x_wconf 85' lang='lat' dir='ltr'><strong>ttt</strong></span> 
     </span>
    </p>
   </div>
   <div class='ocr_carea' id='block_1_6' title="bbox 1465 1018 2267 6255">
    <p class='ocr_par' dir='ltr' id='par_1_8' title="bbox 1465 1018 2267 6255">
     <span class='ocr_line' id='line_1_63' title="bbox 1465 1018 2256 1092; baseline 0.009 -18"><span class='ocrx_word' id='word_1_438' title='bbox 1465 1028 1636 1090; x_wconf 81' lang='lat' dir='ltr'><strong>posteaquam</strong></span> <span class='ocrx_word' id='word_1_439' title='bbox 1651 1035 1714 1077; x_wconf 87' lang='lat' dir='ltr'><strong>vero</strong></span> <span class='ocrx_word' id='word_1_440' title='bbox 1727 1031 1864 1092; x_wconf 82' lang='lat' dir='ltr'><strong>peceatum</strong></span> <span class='ocrx_word' id='word_1_441' title='bbox 1886 1018 1951 1075; x_wconf 89' lang='lat' dir='ltr'><strong>illud</strong></span> <span class='ocrx_word' id='word_1_442' title='bbox 1970 1020 2096 1088; x_wconf 86' lang='lat' dir='ltr'><strong>intravit,</strong></span> <span class='ocrx_word' id='word_1_443' title='bbox 2111 1025 2227 1092; x_wconf 85' lang='lat' dir='ltr'><strong>coepisse</strong></span> <span class='ocrx_word' id='word_1_444' title='bbox 2241 1042 2256 1082; x_wconf 90' lang='lat' dir='ltr'><strong>a</strong></span> 
     </span>
     <span class='ocr_line' id='line_1_64' title="bbox 1465 1116 2258 1187; baseline 0.001 -15"><span class='ocrx_word' id='word_1_445' title='bbox 1465 1116 1544 1172; x_wconf 84' lang='lat' dir='ltr'><strong>nobis</strong></span> <span class='ocrx_word' id='word_1_446' title='bbox 1562 1117 1661 1172; x_wconf 87' lang='lat' dir='ltr'><strong>bestias</strong></span> <span class='ocrx_word' id='word_1_447' title='bbox 1674 1116 1811 1173; x_wconf 89' lang='lat' dir='ltr'><strong>lormidari</strong></span> <span class='ocrx_word' id='word_1_448' title='bbox 1823 1135 1830 1171; x_wconf 75' lang='grc' dir='ltr'><strong><em>ε</em></strong></span> <span class='ocrx_word' id='word_1_449' title='bbox 1843 1132 1929 1187; x_wconf 82' lang='lat' dir='ltr'><strong>esque</strong></span> <span class='ocrx_word' id='word_1_450' title='bbox 1950 1116 2018 1171; x_wconf 90' lang='lat' dir='ltr'><strong>adeo</strong></span> <span class='ocrx_word' id='word_1_451' title='bbox 2033 1127 2170 1186; x_wconf 87' lang='lat' dir='ltr'><strong>peecatum</strong></span> <span class='ocrx_word' id='word_1_452' title='bbox 2194 1121 2258 1173; x_wconf 89' lang='lat' dir='ltr'><strong>tllmi</strong></span> 
     </span>
     <span class='ocr_line' id='line_1_65' title="bbox 1466 1208 2256 1279; baseline 0.006 -19"><span class='ocrx_word' id='word_1_453' title='bbox 1466 1208 1543 1277; x_wconf 88' lang='lat' dir='ltr'><strong>primi</strong></span> <span class='ocrx_word' id='word_1_454' title='bbox 1557 1208 1672 1264; x_wconf 78' lang='lat' dir='ltr'><strong>bortrinis</strong></span> <span class='ocrx_word' id='word_1_455' title='bbox 1685 1208 1794 1278; x_wconf 90' lang='lat' dir='ltr'><strong>intelligi</strong></span> <span class='ocrx_word' id='word_1_456' title='bbox 1805 1208 1891 1263; x_wconf 85' lang='lat' dir='ltr'><strong>&#39;uoluit</strong></span> <span class='ocrx_word' id='word_1_457' title='bbox 1902 1208 1936 1262; x_wconf 92' lang='lat' dir='ltr'><strong>ad</strong></span> <span class='ocrx_word' id='word_1_458' title='bbox 1948 1223 2043 1263; x_wconf 90' lang='lat' dir='ltr'><strong>omnes</strong></span> <span class='ocrx_word' id='word_1_459' title='bbox 2056 1208 2180 1264; x_wconf 87' lang='lat' dir='ltr'><strong>hontittes</strong></span> <span class='ocrx_word' id='word_1_460' title='bbox 2194 1224 2256 1279; x_wconf 76' lang='lat' dir='ltr'><strong>ger·</strong></span> 
     </span>
     <span class='ocr_line' id='line_1_66' title="bbox 1467 1298 2257 1370; baseline 0.005 -17"><span class='ocrx_word' id='word_1_461' title='bbox 1467 1299 1568 1364; x_wconf 77' lang='lat' dir='ltr'><strong>tinere,</strong></span> <span class='ocrx_word' id='word_1_462' title='bbox 1584 1300 1628 1356; x_wconf 91' lang='lat' dir='ltr'><strong>ubi</strong></span> <span class='ocrx_word' id='word_1_463' title='bbox 1640 1314 1700 1370; x_wconf 81' lang='lat' dir='ltr'><strong>guts</strong></span> <span class='ocrx_word' id='word_1_464' title='bbox 1711 1315 1764 1355; x_wconf 91' lang='lat' dir='ltr'><strong>non</strong></span> <span class='ocrx_word' id='word_1_465' title='bbox 1778 1298 1868 1355; x_wconf 85' lang='lat' dir='ltr'><strong>videat</strong></span> <span class='ocrx_word' id='word_1_466' title='bbox 1880 1314 1941 1355; x_wconf 85' lang='lat' dir='ltr'><strong>esse</strong></span> <span class='ocrx_word' id='word_1_467' title='bbox 1950 1313 2129 1368; x_wconf 78' lang='lat' dir='ltr'><strong>consequens,</strong></span> <span class='ocrx_word' id='word_1_468' title='bbox 2143 1311 2170 1354; x_wconf 90' lang='lat' dir='ltr'><strong>ot</strong></span> <span class='ocrx_word' id='word_1_469' title='bbox 2184 1304 2257 1357; x_wconf 81' lang='lat' dir='ltr'><strong>nella</strong></span> 
     </span>
     <span class='ocr_line' id='line_1_67' title="bbox 1466 1388 2258 1461; baseline 0.003 -16"><span class='ocrx_word' id='word_1_470' title='bbox 1466 1388 1609 1445; x_wconf 87' lang='lat' dir='ltr'><strong>bestiarum</strong></span> <span class='ocrx_word' id='word_1_471' title='bbox 1630 1391 1754 1457; x_wconf 69' lang='lat' dir='ltr'><strong>ramulos</strong></span> <span class='ocrx_word' id='word_1_472' title='bbox 1767 1390 1891 1453; x_wconf 76' lang='lat' dir='ltr'><strong>luderet,</strong></span> <span class='ocrx_word' id='word_1_473' title='bbox 1907 1390 1958 1444; x_wconf 86' lang='lat' dir='ltr'><strong>nisi</strong></span> <span class='ocrx_word' id='word_1_474' title='bbox 1978 1398 2006 1443; x_wconf 91' lang='grc' dir='ltr'><strong>ιι</strong></span> <span class='ocrx_word' id='word_1_475' title='bbox 2025 1392 2098 1459; x_wconf 86' lang='lat' dir='ltr'><strong>ipsos</strong></span> <span class='ocrx_word' id='word_1_476' title='bbox 2112 1391 2183 1446; x_wconf 91' lang='lat' dir='ltr'><strong>illius</strong></span> <span class='ocrx_word' id='word_1_477' title='bbox 2195 1406 2258 1461; x_wconf 82' lang='lat' dir='ltr'><strong>pec-</strong></span> 
     </span>
     <span class='ocr_line' id='line_1_68' title="bbox 1465 1479 2258 1551; baseline 0.006 -18"><span class='ocrx_word' id='word_1_478' title='bbox 1465 1480 1518 1533; x_wconf 85' lang='lat' dir='ltr'><strong>eati</strong></span> <span class='ocrx_word' id='word_1_479' title='bbox 1539 1479 1645 1535; x_wconf 85' lang='lat' dir='ltr'><strong>uinculo</strong></span> <span class='ocrx_word' id='word_1_480' title='bbox 1660 1479 1785 1535; x_wconf 73' lang='lat' dir='ltr'><strong>nativitas</strong></span> <span class='ocrx_word' id='word_1_481' title='bbox 1804 1480 1920 1535; x_wconf 70' lang='lat' dir='ltr'><strong>ematis</strong></span> <span class='ocrx_word' id='word_1_482' title='bbox 1932 1480 2131 1551; x_wconf 74' lang='lat' dir='ltr'><strong>obstringeret?</strong></span> <span class='ocrx_word' id='word_1_483' title='bbox 2147 1483 2215 1537; x_wconf 88' lang='lat' dir='ltr'><strong>Dicit</strong></span> <span class='ocrx_word' id='word_1_484' title='bbox 2230 1484 2258 1538; x_wconf 91' lang='lat' dir='ltr'><strong>iu</strong></span> 
     </span>
     <span class='ocr_line' id='line_1_69' title="bbox 1465 1570 2256 1645; baseline 0.003 -18"><span class='ocrx_word' id='word_1_485' title='bbox 1465 1570 1560 1627; x_wconf 85' lang='lat' dir='ltr'><strong>eodem</strong></span> <span class='ocrx_word' id='word_1_486' title='bbox 1572 1586 1706 1637; x_wconf 86' lang='lat' dir='ltr'><strong>sermone,</strong></span> <span class='ocrx_word' id='word_1_487' title='bbox 1721 1588 1755 1628; x_wconf 93' lang='lat' dir='ltr'><strong>ex</strong></span> <span class='ocrx_word' id='word_1_488' title='bbox 1769 1588 1823 1643; x_wconf 84' lang='lat' dir='ltr'><strong>quo</strong></span> <span class='ocrx_word' id='word_1_489' title='bbox 1834 1581 1863 1627; x_wconf 89' lang='lat' dir='ltr'><strong>tu</strong></span> <span class='ocrx_word' id='word_1_490' title='bbox 1876 1572 2009 1628; x_wconf 87' lang='lat' dir='ltr'><strong>incautis¹</strong></span> <span class='ocrx_word' id='word_1_491' title='bbox 2023 1574 2155 1645; x_wconf 83' lang='lat' dir='ltr'><strong>obrepere</strong></span> <span class='ocrx_word' id='word_1_492' title='bbox 2169 1575 2256 1629; x_wconf 58' lang='lat' dir='ltr'><strong>uolui*</strong></span> 
     </span>
     <span class='ocr_line' id='line_1_70' title="bbox 1466 1662 2259 1733; baseline 0.005 -16"><span class='ocrx_word' id='word_1_493' title='bbox 1466 1662 1515 1727; x_wconf 82' lang='lat' dir='ltr'><strong>sti,</strong></span> <span class='ocrx_word' id='word_1_494' title='bbox 1531 1662 1602 1733; x_wconf 86' lang='lat' dir='ltr'><strong>quod</strong></span> <span class='ocrx_word' id='word_1_495' title='bbox 1622 1677 1671 1718; x_wconf 83' lang='lat' dir='ltr'><strong>nos</strong></span> <span class='ocrx_word' id='word_1_496' title='bbox 1684 1662 1807 1719; x_wconf 71' lang='lat' dir='ltr'><strong>cbristus</strong></span> <span class='ocrx_word' id='word_1_497' title='bbox 1827 1664 1977 1729; x_wconf 82' lang='lat' dir='ltr'><strong>inverterit,</strong></span> <span class='ocrx_word' id='word_1_498' title='bbox 1992 1672 2022 1719; x_wconf 96' lang='grc' dir='ltr'><strong>ιι</strong></span> <span class='ocrx_word' id='word_1_499' title='bbox 2041 1675 2155 1732; x_wconf 87' lang='lat' dir='ltr'><strong>paterno</strong></span> <span class='ocrx_word' id='word_1_500' title='bbox 2167 1667 2259 1720; x_wconf 87' lang='lat' dir='ltr'><strong>citiro-</strong></span> 
     </span>
     <span class='ocr_line' id='line_1_71' title="bbox 1466 1754 2260 1827; baseline 0.006 -19"><span class='ocrx_word' id='word_1_501' title='bbox 1466 1756 1569 1826; x_wconf 80' lang='lat' dir='ltr'><strong>griplto</strong></span> <span class='ocrx_word' id='word_1_502' title='bbox 1583 1765 1675 1810; x_wconf 87' lang='lat' dir='ltr'><strong>nostro</strong></span> <span class='ocrx_word' id='word_1_503' title='bbox 1693 1754 1764 1825; x_wconf 81' lang='lat' dir='ltr'><strong>guod</strong></span> <span class='ocrx_word' id='word_1_504' title='bbox 1786 1756 1892 1825; x_wconf 84' lang='lat' dir='ltr'><strong>scripsit</strong></span> <span class='ocrx_word' id='word_1_505' title='bbox 1908 1755 2011 1821; x_wconf 82' lang='lat' dir='ltr'><strong>Adam,</strong></span> <span class='ocrx_word' id='word_1_506' title='bbox 2025 1768 2052 1811; x_wconf 89' lang='lat' dir='ltr'><strong>et</strong></span> <span class='ocrx_word' id='word_1_507' title='bbox 2064 1758 2260 1827; x_wconf 85' lang='lat' dir='ltr'><strong>posterioribus</strong></span> 
     </span>
     <span class='ocr_line' id='line_1_72' title="bbox 1466 1845 2259 1917; baseline 0.003 -16"><span class='ocrx_word' id='word_1_508' title='bbox 1466 1846 1583 1917; x_wconf 84' lang='lat' dir='ltr'><strong>propriis</strong></span> <span class='ocrx_word' id='word_1_509' title='bbox 1594 1845 1691 1901; x_wconf 86' lang='lat' dir='ltr'><strong>debitis</strong></span> <span class='ocrx_word' id='word_1_510' title='bbox 1703 1845 1845 1916; x_wconf 81' lang='lat' dir='ltr'><strong>obligatos.</strong></span> <span class='ocrx_word' id='word_1_511' title='bbox 1861 1846 1980 1915; x_wconf 85' lang='lat' dir='ltr'><strong>Exponit</strong></span> <span class='ocrx_word' id='word_1_512' title='bbox 1991 1847 2115 1916; x_wconf 74' lang='lat' dir='ltr'><strong>Apostoli</strong></span> <span class='ocrx_word' id='word_1_513' title='bbox 2130 1848 2217 1903; x_wconf 85' lang='lat' dir='ltr'><strong>lucum</strong></span> <span class='ocrx_word' id='word_1_514' title='bbox 2233 1850 2259 1903; x_wconf 91' lang='lat' dir='ltr'><strong>in</strong></span> 
     </span>
     <span class='ocr_line' id='line_1_73' title="bbox 1467 1936 2262 2007; baseline 0.005 -17"><span class='ocrx_word' id='word_1_515' title='bbox 1467 1950 1521 2007; x_wconf 83' lang='lat' dir='ltr'><strong>guo</strong></span> <span class='ocrx_word' id='word_1_516' title='bbox 1533 1936 1655 1990; x_wconf 79' lang='lat' dir='ltr'><strong>totaista</strong></span> <span class='ocrx_word' id='word_1_517' title='bbox 1674 1948 1755 1991; x_wconf 89' lang='lat' dir='ltr'><strong>eausa</strong></span> <span class='ocrx_word' id='word_1_518' title='bbox 1773 1936 1914 2003; x_wconf 74' lang='lat' dir='ltr'><strong>consistit,</strong></span> <span class='ocrx_word' id='word_1_519' title='bbox 1930 1936 1975 1991; x_wconf 84' lang='lat' dir='ltr'><strong>nbi</strong></span> <span class='ocrx_word' id='word_1_520' title='bbox 1992 1938 2122 2007; x_wconf 84' lang='lat' dir='ltr'><strong>scriptam</strong></span> <span class='ocrx_word' id='word_1_521' title='bbox 2135 1950 2194 2005; x_wconf 90' lang='lat' dir='ltr'><strong>est,</strong></span> <span class='ocrx_word' id='word_1_522' title='bbox 2210 1938 2262 1993; x_wconf 75' lang='lat' dir='ltr'><strong>Per</strong></span> 
     </span>
     <span class='ocr_line' id='line_1_74' title="bbox 1467 2026 2259 2099; baseline 0.008 -20"><span class='ocrx_word' id='word_1_523' title='bbox 1467 2039 1546 2080; x_wconf 85' lang='grc' dir='ltr'>ιιιιιιιιι</span> <span class='ocrx_word' id='word_1_524' title='bbox 1558 2026 1685 2080; x_wconf 73' lang='lat' dir='ltr'><strong>demutari</strong></span> <span class='ocrx_word' id='word_1_525' title='bbox 1699 2037 1830 2096; x_wconf 72' lang='lat' dir='ltr'><strong>pecuum</strong></span> <span class='ocrx_word' id='word_1_526' title='bbox 1841 2026 1944 2081; x_wconf 80' lang='lat' dir='ltr'><strong>intrusit</strong></span> <span class='ocrx_word' id='word_1_527' title='bbox 1957 2043 1985 2080; x_wconf 88' lang='lat' dir='ltr'><strong>ux</strong></span> <span class='ocrx_word' id='word_1_528' title='bbox 1995 2029 2119 2082; x_wconf 74' lang='lat' dir='ltr'><strong>maedam</strong></span> <span class='ocrx_word' id='word_1_529' title='bbox 2131 2028 2221 2099; x_wconf 83' lang='lat' dir='ltr'><strong>(ilem.</strong></span> <span class='ocrx_word' id='word_1_530' title='bbox 2231 2045 2259 2096; x_wconf 82' lang='lat' dir='ltr'><strong>v,</strong></span> 
     </span>
     <span class='ocr_line' id='line_1_75' title="bbox 1468 2114 2260 2188; baseline 0.004 -14"><span class='ocrx_word' id='word_1_531' title='bbox 1468 2114 1561 2188; x_wconf 57' lang='lat' dir='ltr'><strong>liget</strong></span> <span class='ocrx_word' id='word_1_532' title='bbox 1571 2126 1667 2172; x_wconf 85' lang='lat' dir='ltr'><strong>caetera</strong></span> <span class='ocrx_word' id='word_1_533' title='bbox 1679 2116 1741 2172; x_wconf 80' lang='lat' dir='ltr'><strong>inuio</strong></span> <span class='ocrx_word' id='word_1_534' title='bbox 1756 2118 1894 2172; x_wconf 78' lang='lat' dir='ltr'><strong>sentettie</strong></span> <span class='ocrx_word' id='word_1_535' title='bbox 1907 2118 2082 2174; x_wconf 72' lang='lat' dir='ltr'><strong>coherentia.</strong></span> <span class='ocrx_word' id='word_1_536' title='bbox 2096 2120 2151 2176; x_wconf 84' lang='lat' dir='ltr'><strong>llec</strong></span> <span class='ocrx_word' id='word_1_537' title='bbox 2164 2123 2191 2175; x_wconf 90' lang='lat' dir='ltr'><strong>in</strong></span> <span class='ocrx_word' id='word_1_538' title='bbox 2207 2132 2260 2177; x_wconf 89' lang='lat' dir='ltr'><strong>tam</strong></span> 
     </span>
     <span class='ocr_line' id='line_1_76' title="bbox 1468 2205 2261 2280; baseline 0.008 -20"><span class='ocrx_word' id='word_1_539' title='bbox 1468 2205 1571 2277; x_wconf 87' lang='lat' dir='ltr'><strong>prolixa</strong></span> <span class='ocrx_word' id='word_1_540' title='bbox 1580 2222 1626 2260; x_wconf 87' lang='lat' dir='ltr'><strong>sua</strong></span> <span class='ocrx_word' id='word_1_541' title='bbox 1633 2206 1892 2277; x_wconf 75' lang='lat' dir='ltr'><strong>disputatitmequod</strong></span> <span class='ocrx_word' id='word_1_542' title='bbox 1904 2206 1995 2261; x_wconf 85' lang='lat' dir='ltr'><strong>dicitis</strong></span> <span class='ocrx_word' id='word_1_543' title='bbox 2006 2208 2081 2276; x_wconf 89' lang='lat' dir='ltr'><strong>dicit,</strong></span> <span class='ocrx_word' id='word_1_544' title='bbox 2096 2224 2150 2265; x_wconf 89' lang='lat' dir='ltr'><strong>nott</strong></span> <span class='ocrx_word' id='word_1_545' title='bbox 2165 2224 2261 2280; x_wconf 87' lang='lat' dir='ltr'><strong>propa·</strong></span> 
     </span>
     <span class='ocr_line' id='line_1_77' title="bbox 1468 2297 2260 2367; baseline 0.009 -17"><span class='ocrx_word' id='word_1_546' title='bbox 1468 2297 1574 2366; x_wconf 85' lang='lat' dir='ltr'><strong>gatione</strong></span> <span class='ocrx_word' id='word_1_547' title='bbox 1585 2298 1692 2367; x_wconf 87' lang='lat' dir='ltr'><strong>generis</strong></span> <span class='ocrx_word' id='word_1_548' title='bbox 1710 2297 1762 2353; x_wconf 87' lang='lat' dir='ltr'><strong>boe</strong></span> <span class='ocrx_word' id='word_1_549' title='bbox 1775 2306 1912 2366; x_wconf 85' lang='lat' dir='ltr'><strong>peecatum</strong></span> <span class='ocrx_word' id='word_1_550' title='bbox 1924 2298 1950 2351; x_wconf 90' lang='lat' dir='ltr'><strong>in</strong></span> <span class='ocrx_word' id='word_1_551' title='bbox 1962 2313 2058 2353; x_wconf 88' lang='lat' dir='ltr'><strong>onmes</strong></span> <span class='ocrx_word' id='word_1_552' title='bbox 2070 2300 2203 2365; x_wconf 79' lang='grc' dir='ltr'>ιιιιιιὶιιιι,</span> <span class='ocrx_word' id='word_1_553' title='bbox 2213 2302 2260 2357; x_wconf 89' lang='lat' dir='ltr'><strong>sed</strong></span> 
     </span>
     <span class='ocr_line' id='line_1_78' title="bbox 1468 2387 2262 2460; baseline 0.008 -17"><span class='ocrx_word' id='word_1_554' title='bbox 1468 2387 1615 2444; x_wconf 88' lang='lat' dir='ltr'><strong>imitatione</strong></span> <span class='ocrx_word' id='word_1_555' title='bbox 1625 2388 1994 2445; x_wconf 77' lang='lat' dir='ltr'><strong>transissetimoeetmtrario</strong></span> <span class='ocrx_word' id='word_1_556' title='bbox 2003 2406 2084 2460; x_wconf 87' lang='lat' dir='ltr'><strong>quam</strong></span> <span class='ocrx_word' id='word_1_557' title='bbox 2093 2407 2176 2447; x_wconf 83' lang='lat' dir='ltr'><strong>seres</strong></span> <span class='ocrx_word' id='word_1_558' title='bbox 2185 2394 2262 2449; x_wconf 88' lang='lat' dir='ltr'><strong>aliter</strong></span> 
     </span>
     <span class='ocr_line' id='line_1_79' title="bbox 1468 2477 2260 2550; baseline 0.006 -18"><span class='ocrx_word' id='word_1_559' title='bbox 1468 2477 1817 2550; x_wconf 85' lang='lat' dir='ltr'><strong>babeatacocpisooporum</strong></span> <span class='ocrx_word' id='word_1_560' title='bbox 1827 2491 1937 2536; x_wconf 80' lang='lat' dir='ltr'><strong>saomm</strong></span> <span class='ocrx_word' id='word_1_561' title='bbox 1945 2482 2146 2538; x_wconf 69' lang='lat' dir='ltr'><strong>sanmtiisnotv</strong></span> <span class='ocrx_word' id='word_1_562' title='bbox 2156 2484 2260 2539; x_wconf 80' lang='lat' dir='ltr'><strong>dissen-¹</strong></span> 
     </span>
     <span class='ocr_line' id='line_1_80' title="bbox 1470 2570 2259 2645; baseline 0.006 -20"><span class='ocrx_word' id='word_1_563' title='bbox 1470 2570 1559 2626; x_wconf 87' lang='lat' dir='ltr'><strong>tiettdo</strong></span> <span class='ocrx_word' id='word_1_564' title='bbox 1571 2571 1746 2626; x_wconf 88' lang='lat' dir='ltr'><strong>demonstrat.</strong></span> <span class='ocrx_word' id='word_1_565' title='bbox 1764 2572 1832 2627; x_wconf 90' lang='lat' dir='ltr'><strong>Dicit</strong></span> <span class='ocrx_word' id='word_1_566' title='bbox 1846 2574 1918 2627; x_wconf 80' lang='lat' dir='ltr'><strong>entim</strong></span> <span class='ocrx_word' id='word_1_567' title='bbox 1930 2612 1938 2638; x_wconf 96' lang='lat'><strong>,</strong></span> <span class='ocrx_word' id='word_1_568' title='bbox 1952 2574 2043 2628; x_wconf 90' lang='lat' dir='ltr'><strong>omnia</strong></span> <span class='ocrx_word' id='word_1_569' title='bbox 2061 2584 2171 2644; x_wconf 76' lang='grc' dir='ltr'>ριιιιιι</span> <span class='ocrx_word' id='word_1_570' title='bbox 2184 2578 2259 2645; x_wconf 83' lang='lat' dir='ltr'><strong>primi</strong></span> 
     </span>
     <span class='ocr_line' id='line_1_81' title="bbox 1469 2661 2260 2734; baseline 0.006 -18"><span class='ocrx_word' id='word_1_571' title='bbox 1469 2661 1585 2717; x_wconf 86' lang='lat' dir='ltr'><strong>bominis</strong></span> <span class='ocrx_word' id='word_1_572' title='bbox 1594 2676 1654 2717; x_wconf 90' lang='lat' dir='ltr'><strong>esse</strong></span> <span class='ocrx_word' id='word_1_573' title='bbox 1667 2663 1844 2718; x_wconf 86' lang='lat' dir='ltr'><strong>contaminata</strong></span> <span class='ocrx_word' id='word_1_574' title='bbox 1857 2675 1901 2718; x_wconf 89' lang='lat' dir='ltr'><strong>:et</strong></span> <span class='ocrx_word' id='word_1_575' title='bbox 1913 2678 1947 2718; x_wconf 88' lang='lat' dir='ltr'><strong>rte</strong></span> <span class='ocrx_word' id='word_1_576' title='bbox 1958 2664 2008 2718; x_wconf 90' lang='lat' dir='ltr'><strong>itoc</strong></span> <span class='ocrx_word' id='word_1_577' title='bbox 2020 2679 2073 2719; x_wconf 90' lang='lat' dir='ltr'><strong>uon</strong></span> <span class='ocrx_word' id='word_1_578' title='bbox 2087 2668 2260 2734; x_wconf 86' lang='lat' dir='ltr'><strong>generatione</strong></span> 
     </span>
     <span class='ocr_line' id='line_1_82' title="bbox 1469 2754 2259 2827; baseline 0.003 -18"><span class='ocrx_word' id='word_1_579' title='bbox 1469 2754 1580 2822; x_wconf 87' lang='lat' dir='ltr'><strong>carnali,</strong></span> <span class='ocrx_word' id='word_1_580' title='bbox 1592 2755 1640 2810; x_wconf 89' lang='lat' dir='ltr'><strong>seti</strong></span> <span class='ocrx_word' id='word_1_581' title='bbox 1651 2755 1798 2811; x_wconf 84' lang='lat' dir='ltr'><strong>imitatione</strong></span> <span class='ocrx_word' id='word_1_582' title='bbox 1811 2754 1924 2809; x_wconf 86' lang='lat' dir='ltr'><strong>moraii¹</strong></span> <span class='ocrx_word' id='word_1_583' title='bbox 1937 2755 2035 2810; x_wconf 87' lang='lat' dir='ltr'><strong>iactum</strong></span> <span class='ocrx_word' id='word_1_584' title='bbox 2047 2765 2173 2827; x_wconf 88' lang='lat' dir='ltr'><strong>putetur;</strong></span> <span class='ocrx_word' id='word_1_585' title='bbox 2187 2757 2259 2823; x_wconf 91' lang='lat' dir='ltr'><strong>dicit,</strong></span> 
     </span>
     <span class='ocr_line' id='line_1_83' title="bbox 1469 2843 2261 2919; baseline 0.008 -21"><span class='ocrx_word' id='word_1_586' title='bbox 1469 2843 1554 2899; x_wconf 80' lang='lat' dir='ltr'><strong>Adam</strong></span> <span class='ocrx_word' id='word_1_587' title='bbox 1575 2855 1715 2915; x_wconf 85' lang='lat' dir='ltr'><strong>propterea</strong></span> <span class='ocrx_word' id='word_1_588' title='bbox 1734 2846 1834 2900; x_wconf 87' lang='lat' dir='ltr'><strong>dictum</strong></span> <span class='ocrx_word' id='word_1_589' title='bbox 1857 2847 1968 2902; x_wconf 71' lang='lat' dir='ltr'><strong>munem</strong></span> <span class='ocrx_word' id='word_1_590' title='bbox 1991 2847 2090 2912; x_wconf 85' lang='lat' dir='ltr'><strong>lutttri,</strong></span> <span class='ocrx_word' id='word_1_591' title='bbox 2112 2849 2172 2919; x_wconf 76' lang='lat' dir='ltr'><strong>goia</strong></span> <span class='ocrx_word' id='word_1_592' title='bbox 2193 2850 2261 2904; x_wconf 78' lang='lat' dir='ltr'><strong>sirm</strong></span> 
     </span>
     <span class='ocr_line' id='line_1_84' title="bbox 1469 2934 2261 3009; baseline 0.006 -19"><span class='ocrx_word' id='word_1_593' title='bbox 1469 2934 1515 2991; x_wconf 86' lang='lat' dir='ltr'><strong>ille</strong></span> <span class='ocrx_word' id='word_1_594' title='bbox 1528 2951 1562 2991; x_wconf 91' lang='lat' dir='ltr'><strong>ex</strong></span> <span class='ocrx_word' id='word_1_595' title='bbox 1574 2940 1718 3007; x_wconf 83' lang='lat' dir='ltr'><strong>seutctipso</strong></span> <span class='ocrx_word' id='word_1_596' title='bbox 1733 2940 1922 3004; x_wconf 78' lang='lat' dir='ltr'><strong>irascentibus,</strong></span> <span class='ocrx_word' id='word_1_597' title='bbox 1940 2941 2062 3009; x_wconf 84' lang='lat' dir='ltr'><strong>quamtis</strong></span> <span class='ocrx_word' id='word_1_598' title='bbox 2080 2956 2133 2995; x_wconf 94' lang='lat' dir='ltr'><strong>nou</strong></span> <span class='ocrx_word' id='word_1_599' title='bbox 2149 2943 2261 2995; x_wconf 55' lang='lat' dir='ltr'><strong>utendus</strong></span> 
     </span>
     <span class='ocr_line' id='line_1_85' title="bbox 1469 3029 2263 3105; baseline 0.006 -21"><span class='ocrx_word' id='word_1_600' title='bbox 1469 3029 1588 3084; x_wconf 81' lang='lat' dir='ltr'><strong>cauerint</strong></span> <span class='ocrx_word' id='word_1_601' title='bbox 1607 3029 1642 3084; x_wconf 86' lang='lat' dir='ltr'><strong>de</strong></span> <span class='ocrx_word' id='word_1_602' title='bbox 1655 3031 1726 3099; x_wconf 91' lang='lat' dir='ltr'><strong>ligno</strong></span> <span class='ocrx_word' id='word_1_603' title='bbox 1738 3070 1746 3096; x_wconf 92' lang='lat'><strong>,</strong></span> <span class='ocrx_word' id='word_1_604' title='bbox 1760 3030 1845 3086; x_wconf 85' lang='lat' dir='ltr'><strong>lactus</strong></span> <span class='ocrx_word' id='word_1_605' title='bbox 1856 3041 1898 3086; x_wconf 76' lang='lat' dir='ltr'><strong>est</strong></span> <span class='ocrx_word' id='word_1_606' title='bbox 1911 3047 1991 3087; x_wconf 75' lang='lat' dir='ltr'><strong>musa</strong></span> <span class='ocrx_word' id='word_1_607' title='bbox 2013 3033 2107 3089; x_wconf 89' lang='lat' dir='ltr'><strong>mortis</strong></span> <span class='ocrx_word' id='word_1_608' title='bbox 2116 3076 2124 3099; x_wconf 97' lang='lat'><strong>,</strong></span> <span class='ocrx_word' id='word_1_609' title='bbox 2133 3050 2200 3105; x_wconf 75' lang='lat' dir='ltr'><strong>oute</strong></span> <span class='ocrx_word' id='word_1_610' title='bbox 2214 3046 2263 3103; x_wconf 85' lang='lat' dir='ltr'><strong>per</strong></span> 
     </span>
     <span class='ocr_line' id='line_1_86' title="bbox 1470 3120 2259 3195; baseline 0.005 -19"><span class='ocrx_word' id='word_1_611' title='bbox 1470 3120 1557 3176; x_wconf 91' lang='lat' dir='ltr'><strong>cibum</strong></span> <span class='ocrx_word' id='word_1_612' title='bbox 1570 3121 1745 3188; x_wconf 83' lang='lat' dir='ltr'><strong>inductaest;</strong></span> <span class='ocrx_word' id='word_1_613' title='bbox 1757 3124 1829 3178; x_wconf 88' lang='lat' dir='ltr'><strong>itaet</strong></span> <span class='ocrx_word' id='word_1_614' title='bbox 1840 3124 2058 3194; x_wconf 82' lang='lat' dir='ltr'><strong>Citristusiisqui</strong></span> <span class='ocrx_word' id='word_1_615' title='bbox 2072 3142 2105 3181; x_wconf 90' lang='lat' dir='ltr'><strong>ex</strong></span> <span class='ocrx_word' id='word_1_616' title='bbox 2119 3126 2180 3195; x_wconf 89' lang='lat' dir='ltr'><strong>ipsu</strong></span> <span class='ocrx_word' id='word_1_617' title='bbox 2189 3138 2259 3193; x_wconf 89' lang='lat' dir='ltr'><strong>stmt,</strong></span> 
     </span>
     <span class='ocr_line' id='line_1_87' title="bbox 1471 3213 2262 3288; baseline 0.005 -21"><span class='ocrx_word' id='word_1_618' title='bbox 1471 3213 1576 3268; x_wconf 67' lang='lat' dir='ltr'><strong>tametsi</strong></span> <span class='ocrx_word' id='word_1_619' title='bbox 1599 3214 1662 3269; x_wconf 92' lang='lat' dir='ltr'><strong>ttiltil</strong></span> <span class='ocrx_word' id='word_1_620' title='bbox 1674 3216 1748 3286; x_wconf 82' lang='lat' dir='ltr'><strong>juste</strong></span> <span class='ocrx_word' id='word_1_621' title='bbox 1760 3216 1880 3285; x_wconf 88' lang='lat' dir='ltr'><strong>egerim,</strong></span> <span class='ocrx_word' id='word_1_622' title='bbox 1897 3216 1981 3271; x_wconf 85' lang='lat' dir='ltr'><strong>lactus</strong></span> <span class='ocrx_word' id='word_1_623' title='bbox 1994 3228 2035 3271; x_wconf 88' lang='lat' dir='ltr'><strong>est</strong></span> <span class='ocrx_word' id='word_1_624' title='bbox 2050 3221 2172 3285; x_wconf 80' lang='lat' dir='ltr'><strong>provisor</strong></span> <span class='ocrx_word' id='word_1_625' title='bbox 2181 3218 2262 3288; x_wconf 81' lang='lat' dir='ltr'><strong>justi·</strong></span> 
     </span>
     <span class='ocr_line' id='line_1_88' title="bbox 1470 3305 2259 3378; baseline 0.008 -19"><span class='ocrx_word' id='word_1_626' title='bbox 1470 3305 1531 3371; x_wconf 76' lang='lat' dir='ltr'><strong>titc,</strong></span> <span class='ocrx_word' id='word_1_627' title='bbox 1546 3321 1625 3375; x_wconf 83' lang='lat' dir='ltr'><strong>quam</strong></span> <span class='ocrx_word' id='word_1_628' title='bbox 1647 3322 1694 3376; x_wconf 90' lang='lat' dir='ltr'><strong>per</strong></span> <span class='ocrx_word' id='word_1_629' title='bbox 1720 3323 1826 3363; x_wconf 89' lang='lat' dir='ltr'><strong>crucem</strong></span> <span class='ocrx_word' id='word_1_630' title='bbox 1845 3310 1968 3364; x_wconf 89' lang='lat' dir='ltr'><strong>omuibus</strong></span> <span class='ocrx_word' id='word_1_631' title='bbox 1986 3309 2157 3364; x_wconf 85' lang='lat' dir='ltr'><strong>condonavit.</strong></span> <span class='ocrx_word' id='word_1_632' title='bbox 2180 3312 2259 3378; x_wconf 91' lang='lat' dir='ltr'><strong>Dicit,</strong></span> 
     </span>
     <span class='ocr_line' id='line_1_89' title="bbox 1471 3396 2261 3469; baseline 0.005 -18"><span class='ocrx_word' id='word_1_633' title='bbox 1471 3396 1592 3452; x_wconf 82' lang='lat' dir='ltr'><strong>Judaeum</strong></span> <span class='ocrx_word' id='word_1_634' title='bbox 1616 3408 1757 3469; x_wconf 82' lang='lat' dir='ltr'><strong>ttegautem</strong></span> <span class='ocrx_word' id='word_1_635' title='bbox 1781 3400 1880 3454; x_wconf 87' lang='lat' dir='ltr'><strong>virtute</strong></span> <span class='ocrx_word' id='word_1_636' title='bbox 1906 3401 1983 3455; x_wconf 90' lang='lat' dir='ltr'><strong>unius</strong></span> <span class='ocrx_word' id='word_1_637' title='bbox 2009 3398 2108 3455; x_wconf 88' lang='lat' dir='ltr'><strong>Citristi</strong></span> <span class='ocrx_word' id='word_1_638' title='bbox 2134 3401 2261 3455; x_wconf 91' lang='lat' dir='ltr'><strong>muudum</strong></span> 
     </span>
     <span class='ocr_line' id='line_1_90' title="bbox 1470 3490 2263 3563; baseline 0.005 -18"><span class='ocrx_word' id='word_1_639' title='bbox 1470 3503 1549 3559; x_wconf 85' lang='lat' dir='ltr'><strong>posse</strong></span> <span class='ocrx_word' id='word_1_640' title='bbox 1563 3490 1657 3545; x_wconf 79' lang='lat' dir='ltr'><strong>salvari</strong></span> <span class='ocrx_word' id='word_1_641' title='bbox 1670 3530 1678 3556; x_wconf 96' lang='lat'><strong>,</strong></span> <span class='ocrx_word' id='word_1_642' title='bbox 1692 3491 1725 3546; x_wconf 92' lang='lat' dir='ltr'><strong>de</strong></span> <span class='ocrx_word' id='word_1_643' title='bbox 1741 3492 1823 3562; x_wconf 86' lang='lat' dir='ltr'><strong>ipsius</strong></span> <span class='ocrx_word' id='word_1_644' title='bbox 1837 3492 1914 3561; x_wconf 91' lang='lat' dir='ltr'><strong>primi</strong></span> <span class='ocrx_word' id='word_1_645' title='bbox 1929 3492 2046 3548; x_wconf 86' lang='lat' dir='ltr'><strong>immittis</strong></span> <span class='ocrx_word' id='word_1_646' title='bbox 2068 3505 2178 3563; x_wconf 86' lang='lat' dir='ltr'><strong>peccato</strong></span> <span class='ocrx_word' id='word_1_647' title='bbox 2191 3496 2263 3548; x_wconf 76' lang='lat' dir='ltr'><strong>ruia·</strong></span> 
     </span>
     <span class='ocr_line' id='line_1_91' title="bbox 1470 3568 2260 3653; baseline 0.009 -18"><span class='ocrx_word' id='word_1_648' title='bbox 1470 3581 1590 3643; x_wconf 88' lang='lat' dir='ltr'><strong>taudum,</strong></span> <span class='ocrx_word' id='word_1_649' title='bbox 1605 3598 1658 3653; x_wconf 83' lang='lat' dir='ltr'><strong>qno</strong></span> <span class='ocrx_word' id='word_1_650' title='bbox 1671 3598 1725 3638; x_wconf 93' lang='lat' dir='ltr'><strong>uuo</strong></span> <span class='ocrx_word' id='word_1_651' title='bbox 1739 3585 1907 3639; x_wconf 86' lang='lat' dir='ltr'><strong>inobediente</strong></span> <span class='ocrx_word' id='word_1_652' title='bbox 1926 3568 2068 3640; x_wconf 83' lang='lat' dir='ltr'><strong>dntnttatus</strong></span> <span class='ocrx_word' id='word_1_653' title='bbox 2081 3595 2124 3641; x_wconf 89' lang='lat' dir='ltr'><strong>est</strong></span> <span class='ocrx_word' id='word_1_654' title='bbox 2138 3587 2260 3642; x_wconf 81' lang='lat' dir='ltr'><strong>muttdax.</strong></span> 
     </span>
     <span class='ocr_line' id='line_1_92' title="bbox 1471 3670 2263 3749; baseline 0.005 -21"><span class='ocrx_word' id='word_1_655' title='bbox 1471 3670 1552 3738; x_wconf 88' lang='lat' dir='ltr'><strong>Dicit,</strong></span> <span class='ocrx_word' id='word_1_656' title='bbox 1567 3689 1619 3729; x_wconf 92' lang='lat' dir='ltr'><strong>non</strong></span> <span class='ocrx_word' id='word_1_657' title='bbox 1633 3675 1710 3730; x_wconf 81' lang='lat' dir='ltr'><strong>ualde</strong></span> <span class='ocrx_word' id='word_1_658' title='bbox 1723 3676 1805 3731; x_wconf 87' lang='lat' dir='ltr'><strong>videri</strong></span> <span class='ocrx_word' id='word_1_659' title='bbox 1819 3677 1918 3732; x_wconf 87' lang='lat' dir='ltr'><strong>babere</strong></span> <span class='ocrx_word' id='word_1_660' title='bbox 1929 3678 2078 3744; x_wconf 86' lang='lat' dir='ltr'><strong>rationem,</strong></span> <span class='ocrx_word' id='word_1_661' title='bbox 2094 3688 2124 3732; x_wconf 90' lang='lat' dir='ltr'><strong>ut</strong></span> <span class='ocrx_word' id='word_1_662' title='bbox 2136 3679 2205 3733; x_wconf 89' lang='lat' dir='ltr'><strong>alius</strong></span> <span class='ocrx_word' id='word_1_663' title='bbox 2216 3693 2263 3749; x_wconf 91' lang='lat' dir='ltr'><strong>pro</strong></span> 
     </span>
     <span class='ocr_line' id='line_1_93' title="bbox 1470 3765 2263 3838; baseline 0.008 -18"><span class='ocrx_word' id='word_1_664' title='bbox 1470 3765 1524 3822; x_wconf 80' lang='lat' dir='ltr'><strong>aiio</strong></span> <span class='ocrx_word' id='word_1_665' title='bbox 1534 3767 1684 3830; x_wconf 88' lang='lat' dir='ltr'><strong>damnetur,</strong></span> <span class='ocrx_word' id='word_1_666' title='bbox 1696 3776 1725 3823; x_wconf 91' lang='lat' dir='ltr'><strong>et</strong></span> <span class='ocrx_word' id='word_1_667' title='bbox 1737 3778 1825 3823; x_wconf 89' lang='lat' dir='ltr'><strong>tamen</strong></span> <span class='ocrx_word' id='word_1_668' title='bbox 1839 3768 1937 3824; x_wconf 85' lang='lat' dir='ltr'><strong>iactum</strong></span> <span class='ocrx_word' id='word_1_669' title='bbox 1947 3785 2007 3824; x_wconf 88' lang='lat' dir='ltr'><strong>esse</strong></span> <span class='ocrx_word' id='word_1_670' title='bbox 2019 3780 2069 3838; x_wconf 89' lang='lat' dir='ltr'><strong>per</strong></span> <span class='ocrx_word' id='word_1_671' title='bbox 2078 3770 2163 3825; x_wconf 77' lang='lat' dir='ltr'><strong>ddum</strong></span> <span class='ocrx_word' id='word_1_672' title='bbox 2176 3788 2183 3823; x_wconf 92' lang='lat'>:</span> <span class='ocrx_word' id='word_1_673' title='bbox 2195 3771 2263 3826; x_wconf 84' lang='lat' dir='ltr'><strong>unde</strong></span> 
     </span>
     <span class='ocr_line' id='line_1_94' title="bbox 1471 3857 2263 3929; baseline 0.005 -19"><span class='ocrx_word' id='word_1_674' title='bbox 1471 3859 1557 3928; x_wconf 83' lang='lat' dir='ltr'><strong>magis</strong></span> <span class='ocrx_word' id='word_1_675' title='bbox 1572 3857 1715 3926; x_wconf 85' lang='lat' dir='ltr'><strong>persuadet</strong></span> <span class='ocrx_word' id='word_1_676' title='bbox 1735 3875 1795 3915; x_wconf 90' lang='lat' dir='ltr'><strong>esse</strong></span> <span class='ocrx_word' id='word_1_677' title='bbox 1809 3858 1989 3926; x_wconf 82' lang='lat' dir='ltr'><strong>eredendmu,</strong></span> <span class='ocrx_word' id='word_1_678' title='bbox 2003 3861 2073 3929; x_wconf 78' lang='lat' dir='ltr'><strong>guod</strong></span> <span class='ocrx_word' id='word_1_679' title='bbox 2086 3859 2224 3916; x_wconf 87' lang='lat' dir='ltr'><strong>decentius</strong></span> <span class='ocrx_word' id='word_1_680' title='bbox 2236 3868 2263 3916; x_wconf 92' lang='lat' dir='ltr'><strong>et</strong></span> 
     </span>
     <span class='ocr_line' id='line_1_95' title="bbox 1469 3949 2262 4023; baseline 0.006 -21"><span class='ocrx_word' id='word_1_681' title='bbox 1469 3949 1655 4003; x_wconf 83' lang='lat' dir='ltr'><strong>rationabilius</strong></span> <span class='ocrx_word' id='word_1_682' title='bbox 1669 3961 1798 4020; x_wconf 80' lang='lat' dir='ltr'><strong>apparet,</strong></span> <span class='ocrx_word' id='word_1_683' title='bbox 1813 3952 1910 4006; x_wconf 80' lang='lat' dir='ltr'><strong>saltari</strong></span> <span class='ocrx_word' id='word_1_684' title='bbox 1931 3952 2011 4006; x_wconf 90' lang='lat' dir='ltr'><strong>alium</strong></span> <span class='ocrx_word' id='word_1_685' title='bbox 2034 3967 2084 4021; x_wconf 92' lang='lat' dir='ltr'><strong>pro</strong></span> <span class='ocrx_word' id='word_1_686' title='bbox 2104 3953 2176 4017; x_wconf 84' lang='lat' dir='ltr'><strong>aliu;</strong></span> <span class='ocrx_word' id='word_1_687' title='bbox 2192 3952 2262 4023; x_wconf 81' lang='lat' dir='ltr'><strong>quod</strong></span> 
     </span>
     <span class='ocr_line' id='line_1_96' title="bbox 1470 4038 2264 4112; baseline 0.004 -18"><span class='ocrx_word' id='word_1_688' title='bbox 1470 4038 1595 4109; x_wconf 86' lang='lat' dir='ltr'><strong>impietur</strong></span> <span class='ocrx_word' id='word_1_689' title='bbox 1609 4040 1634 4094; x_wconf 91' lang='lat' dir='ltr'><strong>itt</strong></span> <span class='ocrx_word' id='word_1_690' title='bbox 1656 4039 1771 4096; x_wconf 88' lang='lat' dir='ltr'><strong>Citristo.</strong></span> <span class='ocrx_word' id='word_1_691' title='bbox 1788 4042 1854 4110; x_wconf 83' lang='lat' dir='ltr'><strong>Quis</strong></span> <span class='ocrx_word' id='word_1_692' title='bbox 1867 4052 1956 4097; x_wconf 90' lang='lat' dir='ltr'><strong>autem</strong></span> <span class='ocrx_word' id='word_1_693' title='bbox 1977 4057 2030 4097; x_wconf 92' lang='lat' dir='ltr'><strong>nott</strong></span> <span class='ocrx_word' id='word_1_694' title='bbox 2045 4041 2151 4108; x_wconf 84' lang='lat' dir='ltr'><strong>videat,</strong></span> <span class='ocrx_word' id='word_1_695' title='bbox 2165 4045 2188 4098; x_wconf 85' lang='lat' dir='ltr'><strong>si</strong></span> <span class='ocrx_word' id='word_1_696' title='bbox 2203 4060 2264 4112; x_wconf 78' lang='lat' dir='ltr'><strong>pcc·</strong></span> 
     </span>
     <span class='ocr_line' id='line_1_97' title="bbox 1470 4133 2263 4206; baseline 0 -18"><span class='ocrx_word' id='word_1_697' title='bbox 1470 4142 1558 4188; x_wconf 82' lang='lat' dir='ltr'><strong>catum</strong></span> <span class='ocrx_word' id='word_1_698' title='bbox 1579 4134 1657 4204; x_wconf 89' lang='lat' dir='ltr'><strong>primi</strong></span> <span class='ocrx_word' id='word_1_699' title='bbox 1675 4133 1790 4188; x_wconf 89' lang='lat' dir='ltr'><strong>botttlnis</strong></span> <span class='ocrx_word' id='word_1_700' title='bbox 1810 4149 1862 4189; x_wconf 91' lang='lat' dir='ltr'><strong>non</strong></span> <span class='ocrx_word' id='word_1_701' title='bbox 1883 4135 2094 4206; x_wconf 87' lang='lat' dir='ltr'><strong>propagatione,</strong></span> <span class='ocrx_word' id='word_1_702' title='bbox 2108 4134 2156 4189; x_wconf 90' lang='lat' dir='ltr'><strong>sed</strong></span> <span class='ocrx_word' id='word_1_703' title='bbox 2176 4134 2263 4189; x_wconf 87' lang='lat' dir='ltr'><strong>itttita·</strong></span> 
     </span>
     <span class='ocr_line' id='line_1_98' title="bbox 1471 4224 2264 4297; baseline 0.004 -19"><span class='ocrx_word' id='word_1_704' title='bbox 1471 4224 1544 4279; x_wconf 90' lang='lat' dir='ltr'><strong>tione</strong></span> <span class='ocrx_word' id='word_1_705' title='bbox 1565 4240 1613 4294; x_wconf 89' lang='lat' dir='ltr'><strong>per</strong></span> <span class='ocrx_word' id='word_1_706' title='bbox 1626 4241 1720 4280; x_wconf 83' lang='lat' dir='ltr'><strong>omnes</strong></span> <span class='ocrx_word' id='word_1_707' title='bbox 1735 4226 1856 4280; x_wconf 86' lang='lat' dir='ltr'><strong>immines</strong></span> <span class='ocrx_word' id='word_1_708' title='bbox 1880 4227 2052 4295; x_wconf 85' lang='lat' dir='ltr'><strong>pertransiit,</strong></span> <span class='ocrx_word' id='word_1_709' title='bbox 2068 4228 2202 4282; x_wconf 87' lang='lat' dir='ltr'><strong>neminem</strong></span> <span class='ocrx_word' id='word_1_710' title='bbox 2217 4243 2264 4297; x_wconf 89' lang='lat' dir='ltr'><strong>pro</strong></span> 
     </span>
     <span class='ocr_line' id='line_1_99' title="bbox 1469 4315 2263 4387; baseline 0.003 -17"><span class='ocrx_word' id='word_1_711' title='bbox 1469 4316 1540 4381; x_wconf 86' lang='lat' dir='ltr'><strong>alio,</strong></span> <span class='ocrx_word' id='word_1_712' title='bbox 1556 4315 1603 4370; x_wconf 87' lang='lat' dir='ltr'><strong>sed</strong></span> <span class='ocrx_word' id='word_1_713' title='bbox 1623 4330 1672 4371; x_wconf 93' lang='lat' dir='ltr'><strong>suo</strong></span> <span class='ocrx_word' id='word_1_714' title='bbox 1687 4318 1806 4371; x_wconf 86' lang='lat' dir='ltr'><strong>damnari</strong></span> <span class='ocrx_word' id='word_1_715' title='bbox 1820 4330 2037 4387; x_wconf 78' lang='lat' dir='ltr'><strong>unumquemque</strong></span> <span class='ocrx_word' id='word_1_716' title='bbox 2051 4326 2178 4387; x_wconf 86' lang='lat' dir='ltr'><strong>peccatu,</strong></span> <span class='ocrx_word' id='word_1_717' title='bbox 2193 4319 2263 4386; x_wconf 77' lang='lat' dir='ltr'><strong>uttod</strong></span> 
     </span>
     <span class='ocr_line' id='line_1_100' title="bbox 1470 4406 2264 4477; baseline -0.001 -15"><span class='ocrx_word' id='word_1_718' title='bbox 1470 4421 1525 4462; x_wconf 85' lang='lat' dir='ltr'><strong>non</strong></span> <span class='ocrx_word' id='word_1_719' title='bbox 1538 4407 1608 4461; x_wconf 91' lang='lat' dir='ltr'><strong>alius</strong></span> <span class='ocrx_word' id='word_1_720' title='bbox 1621 4408 1646 4460; x_wconf 94' lang='lat' dir='ltr'><strong>in</strong></span> <span class='ocrx_word' id='word_1_721' title='bbox 1661 4423 1722 4461; x_wconf 90' lang='lat' dir='ltr'><strong>eum</strong></span> <span class='ocrx_word' id='word_1_722' title='bbox 1734 4406 1888 4477; x_wconf 84' lang='lat' dir='ltr'><strong>generando</strong></span> <span class='ocrx_word' id='word_1_723' title='bbox 1902 4407 2057 4468; x_wconf 85' lang='lat' dir='ltr'><strong>trurtsvttisit,</strong></span> <span class='ocrx_word' id='word_1_724' title='bbox 2069 4408 2116 4462; x_wconf 91' lang='lat' dir='ltr'><strong>sed</strong></span> <span class='ocrx_word' id='word_1_725' title='bbox 2132 4407 2191 4476; x_wconf 88' lang='lat' dir='ltr'><strong>ipse</strong></span> <span class='ocrx_word' id='word_1_726' title='bbox 2204 4408 2264 4461; x_wconf 93' lang='lat' dir='ltr'><strong>itui·</strong></span> 
     </span>
     <span class='ocr_line' id='line_1_101' title="bbox 1470 4497 2262 4569; baseline 0.001 -17"><span class='ocrx_word' id='word_1_727' title='bbox 1470 4497 1553 4553; x_wconf 69' lang='lat' dir='ltr'><strong>undo</strong></span> <span class='ocrx_word' id='word_1_728' title='bbox 1563 4513 1611 4553; x_wconf 92' lang='lat' dir='ltr'><strong>sua</strong></span> <span class='ocrx_word' id='word_1_729' title='bbox 1624 4498 1760 4553; x_wconf 75' lang='lat' dir='ltr'><strong>voluntate</strong></span> <span class='ocrx_word' id='word_1_730' title='bbox 1773 4497 1926 4553; x_wconf 72' lang='lat' dir='ltr'><strong>commisitt</strong></span> <span class='ocrx_word' id='word_1_731' title='bbox 1940 4499 2017 4564; x_wconf 85' lang='lat' dir='ltr'><strong>Dicit,</strong></span> <span class='ocrx_word' id='word_1_732' title='bbox 2029 4513 2077 4567; x_wconf 88' lang='lat' dir='ltr'><strong>per</strong></span> <span class='ocrx_word' id='word_1_733' title='bbox 2086 4498 2199 4569; x_wconf 83' lang='lat' dir='ltr'><strong>gratiam</strong></span> <span class='ocrx_word' id='word_1_734' title='bbox 2210 4514 2262 4553; x_wconf 92' lang='lat' dir='ltr'><strong>non</strong></span> 
     </span>
     <span class='ocr_line' id='line_1_102' title="bbox 1471 4588 2259 4659; baseline 0 -17"><span class='ocrx_word' id='word_1_735' title='bbox 1471 4588 1534 4643; x_wconf 89' lang='lat' dir='ltr'><strong>iliud</strong></span> <span class='ocrx_word' id='word_1_736' title='bbox 1556 4604 1637 4643; x_wconf 92' lang='lat' dir='ltr'><strong>unum</strong></span> <span class='ocrx_word' id='word_1_737' title='bbox 1663 4589 1846 4644; x_wconf 87' lang='lat' dir='ltr'><strong>tattttmtmmlo</strong></span> <span class='ocrx_word' id='word_1_738' title='bbox 1868 4591 1944 4659; x_wconf 91' lang='lat' dir='ltr'><strong>primi</strong></span> <span class='ocrx_word' id='word_1_739' title='bbox 1969 4590 2094 4656; x_wconf 87' lang='lat' dir='ltr'><strong>immittis,</strong></span> <span class='ocrx_word' id='word_1_740' title='bbox 2115 4590 2259 4645; x_wconf 88' lang='lat' dir='ltr'><strong>sedetiam</strong></span> 
     </span>
     <span class='ocr_line' id='line_1_103' title="bbox 1472 4676 2261 4750; baseline 0.001 -19"><span class='ocrx_word' id='word_1_741' title='bbox 1472 4688 1531 4750; x_wconf 91' lang='lat' dir='ltr'><strong>post</strong></span> <span class='ocrx_word' id='word_1_742' title='bbox 1553 4679 1616 4734; x_wconf 88' lang='lat' dir='ltr'><strong>illud</strong></span> <span class='ocrx_word' id='word_1_743' title='bbox 1642 4681 1802 4734; x_wconf 83' lang='lat' dir='ltr'><strong>introeuntia</strong></span> <span class='ocrx_word' id='word_1_744' title='bbox 1825 4679 1964 4734; x_wconf 86' lang='lat' dir='ltr'><strong>interiecta</strong></span> <span class='ocrx_word' id='word_1_745' title='bbox 1986 4694 2046 4734; x_wconf 89' lang='lat' dir='ltr'><strong>esse</strong></span> <span class='ocrx_word' id='word_1_746' title='bbox 2070 4689 2188 4747; x_wconf 88' lang='lat' dir='ltr'><strong>peccata.</strong></span> <span class='ocrx_word' id='word_1_747' title='bbox 2213 4676 2261 4735; x_wconf 88' lang='lat' dir='ltr'><strong>ilbi</strong></span> 
     </span>
     <span class='ocr_line' id='line_1_104' title="bbox 1471 4770 2261 4842; baseline 0.003 -18"><span class='ocrx_word' id='word_1_748' title='bbox 1471 4770 1536 4825; x_wconf 87' lang='lat' dir='ltr'><strong>satis</strong></span> <span class='ocrx_word' id='word_1_749' title='bbox 1550 4773 1639 4841; x_wconf 84' lang='lat' dir='ltr'><strong>utique</strong></span> <span class='ocrx_word' id='word_1_750' title='bbox 1660 4770 1799 4842; x_wconf 64' lang='lat' dir='ltr'><strong>duringum</strong></span> <span class='ocrx_word' id='word_1_751' title='bbox 1821 4781 1930 4840; x_wconf 89' lang='lat' dir='ltr'><strong>peccata</strong></span> <span class='ocrx_word' id='word_1_752' title='bbox 1951 4772 2120 4841; x_wconf 87' lang='lat' dir='ltr'><strong>posteriora,</strong></span> <span class='ocrx_word' id='word_1_753' title='bbox 2134 4789 2195 4842; x_wconf 77' lang='lat' dir='ltr'><strong>qum</strong></span> <span class='ocrx_word' id='word_1_754' title='bbox 2211 4772 2261 4826; x_wconf 90' lang='lat' dir='ltr'><strong>dici</strong></span> 
     </span>
     <span class='ocr_line' id='line_1_105' title="bbox 1471 4862 2263 4934; baseline 0.003 -19"><span class='ocrx_word' id='word_1_755' title='bbox 1471 4874 1581 4931; x_wconf 90' lang='lat' dir='ltr'><strong>possunt</strong></span> <span class='ocrx_word' id='word_1_756' title='bbox 1596 4862 1742 4917; x_wconf 84' lang='lat' dir='ltr'><strong>itttitatioue</strong></span> <span class='ocrx_word' id='word_1_757' title='bbox 1759 4863 1918 4928; x_wconf 86' lang='lat' dir='ltr'><strong>eonunissa,</strong></span> <span class='ocrx_word' id='word_1_758' title='bbox 1933 4863 1967 4917; x_wconf 87' lang='lat' dir='ltr'><strong>ait</strong></span> <span class='ocrx_word' id='word_1_759' title='bbox 1981 4863 2028 4916; x_wconf 93' lang='lat' dir='ltr'><strong>iiio</strong></span> <span class='ocrx_word' id='word_1_760' title='bbox 2042 4879 2095 4918; x_wconf 87' lang='lat' dir='ltr'><strong>uuo</strong></span> <span class='ocrx_word' id='word_1_761' title='bbox 2106 4865 2178 4933; x_wconf 78' lang='lat' dir='ltr'><strong>{prod</strong></span> <span class='ocrx_word' id='word_1_762' title='bbox 2200 4879 2263 4934; x_wconf 90' lang='lat' dir='ltr'><strong>pro·</strong></span> 
     </span>
     <span class='ocr_line' id='line_1_106' title="bbox 1471 4953 2263 5027; baseline 0.005 -21"><span class='ocrx_word' id='word_1_763' title='bbox 1471 4953 1610 5027; x_wconf 78' lang='lat' dir='ltr'><strong>pagatione</strong></span> <span class='ocrx_word' id='word_1_764' title='bbox 1632 4954 1787 5022; x_wconf 80' lang='lat' dir='ltr'><strong>pertransiit</strong></span> <span class='ocrx_word' id='word_1_765' title='bbox 1799 4971 1806 5007; x_wconf 77' lang='grc' dir='ltr'>ε</span> <span class='ocrx_word' id='word_1_766' title='bbox 1818 4965 1846 5009; x_wconf 88' lang='grc' dir='ltr'><strong>ιι</strong></span> <span class='ocrx_word' id='word_1_767' title='bbox 1860 4953 1978 5008; x_wconf 88' lang='lat' dir='ltr'><strong>ostendit</strong></span> <span class='ocrx_word' id='word_1_768' title='bbox 1990 4967 2103 5024; x_wconf 79' lang='lat' dir='ltr'><strong>utraque</strong></span> <span class='ocrx_word' id='word_1_769' title='bbox 2125 4956 2263 5010; x_wconf 86' lang='lat' dir='ltr'><strong>interiecta</strong></span> 
     </span>
     <span class='ocr_line' id='line_1_107' title="bbox 1471 5046 2263 5116; baseline 0.004 -16"><span class='ocrx_word' id='word_1_770' title='bbox 1471 5059 1531 5100; x_wconf 85' lang='lat' dir='ltr'><strong>esse</strong></span> <span class='ocrx_word' id='word_1_771' title='bbox 1544 5061 1592 5115; x_wconf 85' lang='lat' dir='ltr'><strong>per</strong></span> <span class='ocrx_word' id='word_1_772' title='bbox 1605 5046 1728 5114; x_wconf 88' lang='lat' dir='ltr'><strong>gratiam,</strong></span> <span class='ocrx_word' id='word_1_773' title='bbox 1744 5058 1771 5100; x_wconf 93' lang='lat' dir='ltr'><strong>ut</strong></span> <span class='ocrx_word' id='word_1_774' title='bbox 1785 5047 1932 5101; x_wconf 89' lang='lat' dir='ltr'><strong>secundum</strong></span> <span class='ocrx_word' id='word_1_775' title='bbox 1945 5049 2066 5116; x_wconf 80' lang='lat' dir='ltr'><strong>Apostoli</strong></span> <span class='ocrx_word' id='word_1_776' title='bbox 2090 5049 2263 5103; x_wconf 84' lang='lat' dir='ltr'><strong>intentionem</strong></span> 
     </span>
     <span class='ocr_line' id='line_1_108' title="bbox 1470 5137 2265 5210; baseline 0.005 -20"><span class='ocrx_word' id='word_1_777' title='bbox 1470 5137 1530 5208; x_wconf 90' lang='lat' dir='ltr'><strong>plus</strong></span> <span class='ocrx_word' id='word_1_778' title='bbox 1542 5146 1668 5207; x_wconf 86' lang='lat' dir='ltr'><strong>appareat</strong></span> <span class='ocrx_word' id='word_1_779' title='bbox 1689 5139 1820 5207; x_wconf 76' lang='lat' dir='ltr'><strong>proluisse</strong></span> <span class='ocrx_word' id='word_1_780' title='bbox 1838 5141 2025 5210; x_wconf 87' lang='lat' dir='ltr'><strong>regeneratio,</strong></span> <span class='ocrx_word' id='word_1_781' title='bbox 2041 5154 2121 5210; x_wconf 85' lang='lat' dir='ltr'><strong>quam</strong></span> <span class='ocrx_word' id='word_1_782' title='bbox 2137 5150 2265 5194; x_wconf 65' lang='lat' dir='ltr'><strong>eleuet-tt</strong></span> 
     </span>
     <span class='ocr_line' id='line_1_109' title="bbox 1470 5228 2266 5300; baseline 0.004 -19"><span class='ocrx_word' id='word_1_783' title='bbox 1470 5229 1616 5297; x_wconf 88' lang='lat' dir='ltr'><strong>generatio.</strong></span> <span class='ocrx_word' id='word_1_784' title='bbox 1629 5228 1673 5283; x_wconf 82' lang='lat' dir='ltr'><strong>Sic</strong></span> <span class='ocrx_word' id='word_1_785' title='bbox 1684 5229 1756 5284; x_wconf 91' lang='lat' dir='ltr'><strong>enim</strong></span> <span class='ocrx_word' id='word_1_786' title='bbox 1767 5230 1876 5299; x_wconf 90' lang='lat' dir='ltr'><strong>exponit</strong></span> <span class='ocrx_word' id='word_1_787' title='bbox 1890 5230 1962 5300; x_wconf 87' lang='lat' dir='ltr'><strong>quod</strong></span> <span class='ocrx_word' id='word_1_788' title='bbox 1974 5229 2075 5285; x_wconf 90' lang='lat' dir='ltr'><strong>dietum</strong></span> <span class='ocrx_word' id='word_1_789' title='bbox 2087 5239 2130 5285; x_wconf 89' lang='lat' dir='ltr'><strong>est</strong></span> <span class='ocrx_word' id='word_1_790' title='bbox 2143 5249 2151 5285; x_wconf 79' lang='lat' dir='ltr'><strong>s</strong></span> <span class='ocrx_word' id='word_1_791' title='bbox 2166 5228 2200 5283; x_wconf 81' lang='lat' dir='ltr'><strong>Et</strong></span> <span class='ocrx_word' id='word_1_792' title='bbox 2214 5247 2266 5284; x_wconf 85' lang='lat' dir='ltr'><strong>nort</strong></span> 
     </span>
     <span class='ocr_line' id='line_1_110' title="bbox 1470 5319 2261 5392; baseline 0 -19"><span class='ocrx_word' id='word_1_793' title='bbox 1470 5319 1534 5373; x_wconf 75' lang='lat' dir='ltr'><strong>sicut</strong></span> <span class='ocrx_word' id='word_1_794' title='bbox 1548 5319 1675 5384; x_wconf 87' lang='lat' dir='ltr'><strong>delictum,</strong></span> <span class='ocrx_word' id='word_1_795' title='bbox 1689 5320 1724 5373; x_wconf 88' lang='lat' dir='ltr'><strong>ite</strong></span> <span class='ocrx_word' id='word_1_796' title='bbox 1736 5329 1772 5374; x_wconf 85' lang='lat' dir='ltr'><strong>esi</strong></span> <span class='ocrx_word' id='word_1_797' title='bbox 1783 5331 1808 5374; x_wconf 85' lang='grc' dir='ltr'><strong>ιι</strong></span> <span class='ocrx_word' id='word_1_798' title='bbox 1822 5322 1916 5374; x_wconf 88' lang='lat' dir='ltr'><strong>doutmt</strong></span> <span class='ocrx_word' id='word_1_799' title='bbox 1925 5335 1935 5374; x_wconf 86' lang='lat'><strong>.·</strong></span> <span class='ocrx_word' id='word_1_800' title='bbox 1945 5338 2004 5374; x_wconf 82' lang='lat' dir='ltr'><strong>aaut</strong></span> <span class='ocrx_word' id='word_1_801' title='bbox 2014 5321 2145 5392; x_wconf 76' lang='lat' dir='ltr'><strong>judicium</strong></span> <span class='ocrx_word' id='word_1_802' title='bbox 2158 5322 2261 5390; x_wconf 81' lang='lat' dir='ltr'><strong>guidem</strong></span> 
     </span>
     <span class='ocr_line' id='line_1_111' title="bbox 1471 5411 2265 5482; baseline 0.003 -18"><span class='ocrx_word' id='word_1_803' title='bbox 1471 5427 1503 5464; x_wconf 74' lang='lat' dir='ltr'><strong>es</strong></span> <span class='ocrx_word' id='word_1_804' title='bbox 1513 5425 1564 5465; x_wconf 84' lang='lat' dir='ltr'><strong>utto</strong></span> <span class='ocrx_word' id='word_1_805' title='bbox 1576 5412 1604 5464; x_wconf 87' lang='lat' dir='ltr'><strong>in</strong></span> <span class='ocrx_word' id='word_1_806' title='bbox 1617 5411 1849 5466; x_wconf 83' lang='lat' dir='ltr'><strong>condentuoiioueut</strong></span> <span class='ocrx_word' id='word_1_807' title='bbox 1859 5428 1869 5478; x_wconf 92' lang='lat'><strong>,·</strong></span> <span class='ocrx_word' id='word_1_808' title='bbox 1881 5413 1964 5482; x_wconf 80' lang='lat' dir='ltr'><strong>gretie</strong></span> <span class='ocrx_word' id='word_1_809' title='bbox 1977 5422 2060 5466; x_wconf 83' lang='lat' dir='ltr'><strong>eutem</strong></span> <span class='ocrx_word' id='word_1_810' title='bbox 2075 5428 2107 5466; x_wconf 78' lang='lat' dir='ltr'><strong>es</strong></span> <span class='ocrx_word' id='word_1_811' title='bbox 2121 5413 2209 5466; x_wconf 82' lang='lat' dir='ltr'><strong>multia</strong></span> <span class='ocrx_word' id='word_1_812' title='bbox 2221 5412 2265 5467; x_wconf 82' lang='lat' dir='ltr'><strong>de·</strong></span> 
     </span>
     <span class='ocr_line' id='line_1_112' title="bbox 1470 5501 2265 5574; baseline 0.003 -18"><span class='ocrx_word' id='word_1_813' title='bbox 1470 5502 1536 5557; x_wconf 82' lang='lat' dir='ltr'><strong>lictis</strong></span> <span class='ocrx_word' id='word_1_814' title='bbox 1546 5504 1571 5556; x_wconf 88' lang='lat' dir='ltr'><strong>iu</strong></span> <span class='ocrx_word' id='word_1_815' title='bbox 1578 5503 1786 5572; x_wconf 75' lang='lat' dir='ltr'><strong>justificationem</strong></span> <span class='ocrx_word' id='word_1_816' title='bbox 1799 5501 1853 5574; x_wconf 85' lang='lat' dir='ltr'><strong>(id.</strong></span> <span class='ocrx_word' id='word_1_817' title='bbox 1870 5519 1896 5569; x_wconf 88' lang='lat' dir='ltr'><strong>u,</strong></span> <span class='ocrx_word' id='word_1_818' title='bbox 1909 5505 1965 5573; x_wconf 76' lang='lat' dir='ltr'><strong>lb).</strong></span> <span class='ocrx_word' id='word_1_819' title='bbox 1976 5504 2034 5570; x_wconf 78' lang='lat' dir='ltr'><strong>Qua</strong></span> <span class='ocrx_word' id='word_1_820' title='bbox 2046 5505 2190 5567; x_wconf 88' lang='lat' dir='ltr'><strong>sententia,</strong></span> <span class='ocrx_word' id='word_1_821' title='bbox 2205 5504 2265 5558; x_wconf 91' lang='lat' dir='ltr'><strong>imi-</strong></span> 
     </span>
     <span class='ocr_line' id='line_1_113' title="bbox 1470 5596 2266 5667; baseline 0.001 -18"><span class='ocrx_word' id='word_1_822' title='bbox 1470 5597 1536 5650; x_wconf 84' lang='lat' dir='ltr'><strong>tatio</strong></span> <span class='ocrx_word' id='word_1_823' title='bbox 1548 5596 1592 5649; x_wconf 88' lang='lat' dir='ltr'><strong>illa</strong></span> <span class='ocrx_word' id='word_1_824' title='bbox 1606 5604 1714 5659; x_wconf 88' lang='lat' dir='ltr'><strong>uestra,</strong></span> <span class='ocrx_word' id='word_1_825' title='bbox 1728 5596 1799 5667; x_wconf 85' lang='lat' dir='ltr'><strong>quod</strong></span> <span class='ocrx_word' id='word_1_826' title='bbox 1818 5606 1861 5652; x_wconf 94' lang='lat' dir='ltr'><strong>est</strong></span> <span class='ocrx_word' id='word_1_827' title='bbox 1874 5597 2004 5651; x_wconf 89' lang='lat' dir='ltr'><strong>novitium</strong></span> <span class='ocrx_word' id='word_1_828' title='bbox 2018 5596 2153 5666; x_wconf 83' lang='lat' dir='ltr'><strong>Pelaglatti</strong></span> <span class='ocrx_word' id='word_1_829' title='bbox 2164 5598 2266 5651; x_wconf 85' lang='lat' dir='ltr'><strong>errotis</strong></span> 
     </span>
     <span class='ocr_line' id='line_1_114' title="bbox 1469 5687 2267 5760; baseline 0.001 -17"><span class='ocrx_word' id='word_1_830' title='bbox 1469 5687 1726 5755; x_wconf 88' lang='lat' dir='ltr'><strong>maeltiuamenlum,</strong></span> <span class='ocrx_word' id='word_1_831' title='bbox 1741 5688 1824 5745; x_wconf 83' lang='lat' dir='ltr'><strong>Paulo</strong></span> <span class='ocrx_word' id='word_1_832' title='bbox 1837 5690 1960 5760; x_wconf 89' lang='lat' dir='ltr'><strong>apostolo</strong></span> <span class='ocrx_word' id='word_1_833' title='bbox 1970 5689 2114 5752; x_wconf 89' lang='lat' dir='ltr'><strong>scribente,</strong></span> <span class='ocrx_word' id='word_1_834' title='bbox 2126 5698 2154 5744; x_wconf 92' lang='lat' dir='ltr'><strong>et</strong></span> <span class='ocrx_word' id='word_1_835' title='bbox 2163 5688 2267 5744; x_wconf 83' lang='lat' dir='ltr'><strong>Joarme</strong></span> 
     </span>
     <span class='ocr_line' id='line_1_115' title="bbox 1469 5781 2267 5854; baseline -0.005 -18"><span class='ocrx_word' id='word_1_836' title='bbox 1469 5783 1596 5854; x_wconf 89' lang='lat' dir='ltr'><strong>episcopo</strong></span> <span class='ocrx_word' id='word_1_837' title='bbox 1610 5791 1763 5852; x_wconf 86' lang='lat' dir='ltr'><strong>exponente</strong></span> <span class='ocrx_word' id='word_1_838' title='bbox 1782 5782 1955 5838; x_wconf 86' lang='lat' dir='ltr'><strong>subvertitur.</strong></span> <span class='ocrx_word' id='word_1_839' title='bbox 1971 5782 2039 5836; x_wconf 88' lang='lat' dir='ltr'><strong>Dicit</strong></span> <span class='ocrx_word' id='word_1_840' title='bbox 2057 5781 2138 5837; x_wconf 87' lang='lat' dir='ltr'><strong>etiam</strong></span> <span class='ocrx_word' id='word_1_841' title='bbox 2157 5781 2194 5836; x_wconf 88' lang='lat' dir='ltr'><strong>de</strong></span> <span class='ocrx_word' id='word_1_842' title='bbox 2209 5781 2267 5850; x_wconf 77' lang='lat' dir='ltr'><strong>ipso</strong></span> 
     </span>
     <span class='ocr_line' id='line_1_116' title="bbox 1469 5873 2267 5947; baseline -0.008 -16"><span class='ocrx_word' id='word_1_843' title='bbox 1469 5876 1620 5945; x_wconf 79' lang='lat' dir='ltr'><strong>baptismo,</strong></span> <span class='ocrx_word' id='word_1_844' title='bbox 1634 5891 1770 5945; x_wconf 90' lang='lat' dir='ltr'><strong>exponens</strong></span> <span class='ocrx_word' id='word_1_845' title='bbox 1783 5874 1854 5946; x_wconf 84' lang='lat' dir='ltr'><strong>quod</strong></span> <span class='ocrx_word' id='word_1_846' title='bbox 1872 5876 1910 5929; x_wconf 89' lang='lat' dir='ltr'><strong>ait</strong></span> <span class='ocrx_word' id='word_1_847' title='bbox 1928 5874 2092 5947; x_wconf 78' lang='lat' dir='ltr'><strong>spostolus,</strong></span> <span class='ocrx_word' id='word_1_848' title='bbox 2109 5873 2267 5942; x_wconf 70' lang='lat' dir='ltr'><strong>Quicumque</strong></span> 
     </span>
     <span class='ocr_line' id='line_1_117' title="bbox 1469 5963 2266 6037; baseline -0.008 -17"><span class='ocrx_word' id='word_1_849' title='bbox 1469 5967 1589 6037; x_wconf 74' lang='lat' dir='ltr'><strong>baptizoti</strong></span> <span class='ocrx_word' id='word_1_850' title='bbox 1610 5983 1697 6020; x_wconf 82' lang='lat' dir='ltr'><strong>sumus</strong></span> <span class='ocrx_word' id='word_1_851' title='bbox 1717 5967 1744 6020; x_wconf 83' lang='lat' dir='ltr'><strong>itt</strong></span> <span class='ocrx_word' id='word_1_852' title='bbox 1765 5966 1881 6032; x_wconf 81' lang='lat' dir='ltr'><strong>Gltristo,</strong></span> <span class='ocrx_word' id='word_1_853' title='bbox 1896 5967 1923 6020; x_wconf 87' lang='lat' dir='ltr'><strong>t&#39;n</strong></span> <span class='ocrx_word' id='word_1_854' title='bbox 1943 5973 2024 6018; x_wconf 84' lang='lat' dir='ltr'><strong>morte</strong></span> <span class='ocrx_word' id='word_1_855' title='bbox 2045 5965 2127 6032; x_wconf 83' lang='lat' dir='ltr'><strong>ipsius</strong></span> <span class='ocrx_word' id='word_1_856' title='bbox 2145 5963 2266 6034; x_wconf 70' lang='lat' dir='ltr'><strong>baptismi</strong></span> 
     </span>
     <span class='ocr_line' id='line_1_118' title="bbox 1468 6054 2263 6130; baseline -0.008 -18"><span class='ocrx_word' id='word_1_857' title='bbox 1468 6074 1555 6112; x_wconf 84' lang='lat' dir='ltr'><strong>sttruos</strong></span> <span class='ocrx_word' id='word_1_858' title='bbox 1569 6054 1622 6130; x_wconf 89' lang='lat' dir='ltr'><strong>(id.</strong></span> <span class='ocrx_word' id='word_1_859' title='bbox 1639 6073 1683 6123; x_wconf 90' lang='lat' dir='ltr'><strong>vt,</strong></span> <span class='ocrx_word' id='word_1_860' title='bbox 1698 6057 1743 6128; x_wconf 71' lang='grc' dir='ltr'><strong>ὅ),</strong></span> <span class='ocrx_word' id='word_1_861' title='bbox 1756 6056 1823 6111; x_wconf 88' lang='lat' dir='ltr'><strong>uiitii</strong></span> <span class='ocrx_word' id='word_1_862' title='bbox 1838 6070 1898 6112; x_wconf 89' lang='lat' dir='ltr'><strong>esse</strong></span> <span class='ocrx_word' id='word_1_863' title='bbox 1916 6055 1988 6110; x_wconf 88' lang='lat' dir='ltr'><strong>aliud</strong></span> <span class='ocrx_word' id='word_1_864' title='bbox 2012 6055 2038 6109; x_wconf 92' lang='lat' dir='ltr'><strong>ln</strong></span> <span class='ocrx_word' id='word_1_865' title='bbox 2060 6064 2149 6109; x_wconf 85' lang='lat' dir='ltr'><strong>ntorle</strong></span> <span class='ocrx_word' id='word_1_866' title='bbox 2163 6054 2263 6108; x_wconf 70' lang='lat' dir='ltr'><strong>Christi</strong></span> 
     </span>
     <span class='ocr_line' id='line_1_119' title="bbox 1499 6193 1931 6255; baseline -0.002 -10"><span class='ocrx_word' id='word_1_867' title='bbox 1499 6196 1507 6227; x_wconf 96' lang='lat'>¹</span> <span class='ocrx_word' id='word_1_868' title='bbox 1525 6196 1561 6245; x_wconf 82' lang='lat' dir='ltr'><strong>sic</strong></span> <span class='ocrx_word' id='word_1_869' title='bbox 1572 6193 1668 6245; x_wconf 74' lang='lat' dir='ltr'><strong>floriac.</strong></span> <span class='ocrx_word' id='word_1_870' title='bbox 1683 6202 1723 6245; x_wconf 78' lang='lat' dir='ltr'><strong>lis.</strong></span> <span class='ocrx_word' id='word_1_871' title='bbox 1735 6195 1804 6255; x_wconf 74' lang='lat' dir='ltr'><strong>lxliii,</strong></span> <span class='ocrx_word' id='word_1_872' title='bbox 1815 6194 1931 6246; x_wconf 74' lang='lat' dir='ltr'><strong>buculus.</strong></span> 
     </span>
    </p>
   </div>
   <div class='ocr_carea' id='block_1_7' title="bbox 1468 6253 2264 6369">
    <p class='ocr_par' dir='ltr' id='par_1_9' title="bbox 1468 6253 2264 6369">
     <span class='ocr_line' id='line_1_120' title="bbox 1468 6253 2264 6369; baseline 0.01 -64"><span class='ocrx_word' id='word_1_873' title='bbox 1468 6258 1593 6369; x_wconf 56' lang='lat' dir='ltr'><strong>neofitw&#39;</strong></span> <span class='ocrx_word' id='word_1_874' title='bbox 1610 6257 1713 6308; x_wconf 88' lang='lat' dir='ltr'><strong>utortoli.</strong></span> <span class='ocrx_word' id='word_1_875' title='bbox 1735 6260 1824 6320; x_wconf 76' lang='lat' dir='ltr'><strong>Aptius,</strong></span> <span class='ocrx_word' id='word_1_876' title='bbox 1837 6259 1882 6308; x_wconf 90' lang='lat' dir='ltr'><strong>nisi</strong></span> <span class='ocrx_word' id='word_1_877' title='bbox 1901 6256 2017 6319; x_wconf 87' lang='lat' dir='ltr'><strong>ialiituur,</strong></span> <span class='ocrx_word' id='word_1_878' title='bbox 2035 6253 2195 6307; x_wconf 73' lang='lat' dir='ltr'><strong>utrumuis</strong></span> <span class='ocrx_word' id='word_1_879' title='bbox 2212 6258 2264 6313; x_wconf 64' lang='lat'><strong>¹³22</strong></span> 
     </span>
     <span class='ocr_line' id='line_1_121' title="bbox 1508 6332 1561 6367; baseline 0 -1"><span class='ocrx_word' id='word_1_880' title='bbox 1508 6332 1536 6367; x_wconf 88' lang='lat' dir='ltr'><strong>re</strong></span> <span class='ocrx_word' id='word_1_881' title='bbox 1557 6355 1561 6366; x_wconf 95' lang='lat'><strong>.</strong></span> 
     </span>
    </p>
   </div>
   <div class='ocr_carea' id='block_1_8' title="bbox 0 0 2811 7348">
    <p class='ocr_par' dir='ltr' id='par_1_10' title="bbox 0 0 2811 7348">
     <span class='ocr_line' id='line_1_122' title="bbox 0 0 2811 7348; baseline 0 0"><span class='ocrx_word' id='word_1_882' title='bbox 0 0 2811 7348; x_wconf 95' lang='lat' dir='ltr'><strong> </strong></span> 
     </span>
    </p>
   </div>
  </div>
 </body>
</html>
