5592 7350
577 917 613 976 so
769 900 772 906 '
1289 904 1481 961 eremana.
2182 938 2215 990 Η,

576 1038 718 1093 tenentur
732 1028 765 1091 in
782 1028 920 1090 erimine.
935 1026 1014 1086 Nam
1028 1022 1115 1102 quod
1127 1020 1235 1083 alierri
1251 1020 1369 1082 soleret
1380 1039 1421 1083 ex
1438 1023 1603 1099 Apostolo,
1628 1048 1642 1079 ι
1666 1025 1766 1085 i'ideo
1780 1028 1875 1089 aliam
1892 1029 1993 1111 legem
2011 1033 2042 1092 iu
2059 1040 2210 1100 uieiiibris

578 1136 593 1170 e
617 1111 696 1172 meis
721 1132 735 1166 ι
757 1109 865 1187 (Hora.
891 1123 947 1165 vu.
969 1103 1047 1179 23),
1072 1111 1145 1168 etc..
1176 1118 1214 1161 ac
1231 1100 1366 1170 similia,
1391 1118 1459 1160 enm
1484 1120 1549 1161 non
1574 1121 1613 1159 aa
1636 1122 1693 1162 sna
1713 1123 1848 1183 persana
1871 1109 1933 1170 irae
1958 1110 2076 1179 dicere,
2103 1116 2155 1175 sul
2174 1138 2211 1178 (ῃ

599 1208 709 1250 ersuna
730 1190 850 1267 pencris
873 1184 1019 1248 bumont.
1035 1200 1102 1260 qua
1118 1180 1206 1240 vitiis
1223 1177 1373 1270 subjacet
1388 1178 1425 1239 ob
1449 1181 1554 1241 carnis
1571 1182 1793 1260 fragilitatem,
1817 1204 1856 1245 ea
1876 1206 2010 1265 persona
2022 1197 2212 1271 perstiteris.

574 1210 634 1333 baa
651 1284 782 1347 quoque
797 1264 939 1325 Danielis
957 1263 1067 1330 verba,
1092 1284 1105 1314 ι
1131 1258 1347 1325 Peccavimus,
1364 1257 1476 1334 mique
1499 1258 1622 1337 egimus
1648 1284 1661 1315 r
1686 1262 1786 1333 (Pan.
1805 1282 1861 1333 ιιι,
1879 1265 1949 1343 Ξθ),
1966 1276 2041 1341 ete,
2063 1273 2110 1332 sic
2124 1276 2215 1335 arci·

576 1349 705 1486 pienpa,
723 1353 758 1406 ut
774 1353 801 1405 et
817 1342 939 1410 Daniel,
953 1350 981 1401 et
995 1357 1098 1400 ornnes
1112 1336 1286 1415 Propheta,
1303 1353 1368 1395 non
1378 1353 1440 1414 pro
1463 1355 1504 1408 se,
1527 1339 1582 1418 qni
1603 1340 1706 1400 sancti
1720 1353 1819 1409 erant,
1836 1344 1888 1404 sed
1905 1366 1944 1406 ear
1952 1366 2090 1426 persana
2102 1356 2215 1431 populi

577 1427 641 1488 rint
670 1424 767 1485 ocuti.

528 1492 531 1498 ’
616 1504 652 1565 lu
669 1504 762 1563 tertio
777 1501 904 1579 dialogo
920 1496 1081 1559 contendit
1096 1512 1225 1555 rursum
1240 1492 1470 1572 Pelagianista,
1487 1500 1517 1554 ct
1532 1504 1678 1556 naturam
1693 1500 1847 1565 acctrsari,
1865 1507 1895 1561 et
1910 1504 2033 1582 culpam
2048 1510 2160 1589 referri
2176 1512 2218 1574 ad

579 1584 688 1649 burm,
704 1589 734 1642 et
748 1580 877 1641 liberum
890 1577 1058 1638 arbitrium
1073 1574 1158 1640 tolli,
1177 1574 1238 1633 nisi
1257 1572 1430 1642 latenumr,
1450 1574 1611 1633 hominem
1630 1578 1791 1653 Baptismo
1809 1579 1925 1641 Christi
1941 1587 2039 1644 scant
2053 1587 2218 1664 justifica-

578 1667 644 1722 tum
659 1680 747 1740 posse
762 1662 795 1721 in
808 1658 1024 1736 sempiternum
1034 1654 1194 1732 justitiam
1207 1652 1373 1716 custodire.
1389 1670 1425 1712 ac
1438 1670 1494 1729 per
1508 1652 1565 1712 boc
1580 1673 1666 1713 omne
1679 1657 1779 1715 citare
1790 1669 1959 1735 precntum.
1975 1664 2135 1726 loriniani
2151 1673 2217 1743 inm

576 1741 762 1801 damnatum
773 1754 916 1799 errorem
930 1736 980 1795 bic
994 1733 1153 1800 suscitari,
1165 1732 1313 1807 queritur
1327 1730 1540 1810 Hieronymus
1554 1753 1560 1789 :
1575 1734 1630 1809 qm
1643 1735 1738 1794 etiam
1751 1737 1934 1812 praelatione
1949 1742 2124 1812 seimonau,
2140 1748 2216 1806 titud

577 1837 649 1881 esse
663 1817 810 1897 Origenis
824 1818 939 1894 dogma
957 1834 964 1871 :
979 1813 1179 1890 Impossibile
1193 1827 1274 1873 esse.
1291 1810 1465 1896 bumanam
1480 1825 1499 1871 a
1515 1812 1672 1888 principio
1687 1816 1840 1891 usquead
1858 1827 1989 1877 mortem
2006 1840 2069 1880 noa
2086 1842 2214 1900 pecc-nu

577 1905 747 1966 naturatum
763 1904 793 1955 et
810 1912 939 1954 rursum
955 1910 1025 1952 esse
1042 1890 1209 1968 possibile,
1226 1907 1298 1948 cuva
1314 1906 1348 1948 se
1364 1888 1482 1964 aliquis
1498 1889 1536 1947 ad
1556 1892 1687 1951 meliora
1703 1896 1914 1964 ciiivverterit,
1931 1898 1968 1955 ad
1989 1906 2108 1960 tardam
2126 1905 2214 1964 iorti-

576 1976 720 2037 tudinem
737 1974 920 2053 pervenire,
937 1979 971 2031 ut
987 1971 1068 2029 ultra
1087 1986 1218 2045 peccare
1235 1984 1298 2025 ntm
1318 1968 1429 2042 possit.
1447 1968 1591 2043 licitique
1605 1971 1745 2045 capitula
1760 1972 1824 2030 duo
1842 1993 1881 2032 ex
1900 1978 2025 2053 scripte
2044 1980 2160 2058 Pelagii
2178 1984 2217 2042 ad

577 2056 719 2126 uicinam,
737 2054 924 2131 plnirisaicm
939 2048 1098 2125 superbire
1111 2054 1268 2105 tuiiiirrem
1287 2045 1469 2114 referentia,
1486 2050 1757 2125 perstringuntur.
1775 2055 1877 2128 Atque
1892 2053 1964 2114 binc
1978 2060 2094 2116 sensim
2112 2080 2217 2121 serino

574 2134 736 2197 delabitur
751 2133 789 2192 ad
805 2130 1015 2208 quaestionem
1033 2128 1071 2185 de
1086 2125 1235 2202 originali
1254 2129 1383 2201 peceato
1403 2142 1410 2180 ε
1427 2124 1479 2183 sed
1498 2143 1568 2184 eam
1586 2129 1627 2185 ab
1644 2130 1823 2205 Augustino
1838 2135 1965 2210 egregie
1980 2142 2145 2197 tractatam
2163 2159 2217 2199 fe.

575 2213 728 2275 cordatur
744 2212 970 2288 Hieronymus,
987 2225 1024 2266 ac
1039 2205 1201 2280 dialogum
1218 2202 1337 2263 claudit
1352 2202 1384 2261 in
1403 2202 1470 2263 lraec
1485 2206 1579 2263 verba
1597 2224 1604 2261 :
1621 2206 1756 2283 Scripsit
1773 2208 1888 2267 ilerdam
1905 2212 1955 2270 eir
1968 2226 2094 2274 carisius
2111 2227 2138 2275 pr
2153 2219 2218 2278 010.

596 2311 671 2352 ucns
686 2291 849 2370 episcopus
865 2286 1059 2365 Arrpnstiaus
1073 2284 1112 2342 nd
1127 2281 1363 2346 Marcellinum,
1379 2282 1432 2358 qui
1445 2291 1552 2359 postca
1567 2283 1622 2342 sub
1640 2285 1758 2345 insidia
1776 2289 1953 2364 tyrannidis
1970 2293 2165 2354 Her-nctpmoe
2179 2296 2217 2356 aa

574 2310 727 2431 baretieis
743 2370 892 2429 innocens
907 2383 1000 2425 cusiis
1012 2372 1065 2428 est.
1079 2362 1156 2421 diros
1169 2360 1266 2419 libros
1280 2359 1315 2418 de
1328 2359 1504 2438 infantibus
1517 2360 1715 2438 baptizandis
1728 2374 1838 2424 contra
1851 2366 1987 2427 brerrst'm
2000 2380 2141 2437 uestram,
2155 2383 2214 2435 erc,

574 2450 664 2512 liade
675 2446 932 2526 supersedendum
945 2444 1017 2502 buic
1030 2440 1132 2501 labari
1142 2458 1257 2504 censeo.
1270 2457 1308 2497 ne
1321 2438 1447 2498 dicatur
1458 2440 1533 2500 ini-‘ri
1547 2441 1625 2500 illud
1641 2443 1781 2508 Horatii.
1798 2444 1831 2503 la
1844 2445 1956 2505 silvam
1970 2466 2009 2507 ne
2023 2450 2107 2527 ligna
2121 2450 2214 2513 ieras.

574 2530 637 2591 Aut
657 2524 737 2587 en'im
758 2525 860 2584 eisdem
879 2523 1012 2582 dicemus
1034 2538 1073 2578 ea
1094 2519 1274 2596 superlicio:
1294 2526 1348 2575 aut
1370 2517 1397 2575 st'
1418 2534 1499 2577 noea
1521 2518 1710 2580 coluerimus
1730 2521 1847 2590 dicere,
1864 2543 1883 2582 n
1901 2526 2072 2588 clarissimo
2091 2529 2216 2607 ingenie

574 2616 726 2683 occitpata
741 2613 814 2664 sunt
830 2602 957 2661 nuliorn
974 2600 1091 2677 (Infra,
1109 2596 1246 2675 Append.
1261 2604 1350 2673 parte
1363 2595 1407 2673 P).

614 2684 824 2744 Adversarius
837 2682 888 2739 bic
901 2677 1090 2738 noarivratim
1104 2675 1266 2751 appellare
1282 2674 1394 2741 noluit,
1407 2679 1443 2733 ut
1456 2691 1492 2733 ea
1508 2677 1631 2737 ratione
1645 2679 1795 2737 omnibus
1810 2682 1971 2756 probaret,
1983 2702 2017 2743 se
2032 2702 2096 2744 non
2111 2686 2216 2749 adisse

574 2764 733 2830 besaines,
747 2762 801 2822 sed
815 2777 960 2828 errores;
975 2773 1078 2832 neque
1092 2755 1274 2829 aliquorum
1288 2751 1452 2811 infamiam
1463 2772 1619 2829 quaerere,
1632 2756 1686 2815 sed
1701 2760 1877 2816 errautinm
1890 2759 1998 2821 (levitice
2011 2764 2109 2822 vicem
2126 2766 2218 2842 (llic-

572 2859 647 2902 ron.
661 2844 782 2920 prery'rtt.
796 2839 836 2898 nd
853 2836 1001 2913 lliaioryus
1016 2834 1163 2892 aduersus
1176 2831 1388 2907 Peraytanosy.
1404 2832 1516 2906 ltaque
1534 2834 1647 2910 Pelagii
1663 2852 1779 2893 utriaco
1794 2853 1812 2895 a
1827 2838 2011 2912 prefatione
2025 2844 2144 2917 operis,
2160 2845 2214 2904 ubi

575 2938 660 2981 nunc
677 2922 708 2979 in
724 2917 852 2979 escaus
869 2915 995 2993 legitur,
1010 2910 1141 2994 omuino
1155 2908 1402 2978 removendum,
1417 2925 1490 2967 cum
1506 2909 1583 2969 illud
1600 2929 1657 2970 uec
1671 2929 1708 2969 eo
1725 2912 1784 2972 loci
1801 2914 1948 2974 babuerit
1968 2937 2110 2995 unquam
2126 2930 2215 2983 vetus

575 3002 676 3060 codex
692 3004 802 3058 noster
816 2993 1029 3055 Corbeiensis.
1047 2993 1135 3066 Opus
1154 2988 1405 3064 lliospolitanam
1422 2987 1598 3066 synodum,
1618 2990 1708 3067 cujus
1726 2993 1757 3049 in
1773 3010 1810 3051 eo
1827 2995 1915 3055 nulla
1933 2995 1964 3054 lit
1984 3001 2121 3067 tuentio,
2137 3001 2215 3060 exi.

574 3096 639 3157 guo
654 3083 796 3153 tempore
815 3073 973 3151 praecessit
989 3090 996 3128 :
1012 3066 1272 3146 quamloquidem
1291 3064 1374 3141 apud
1393 3072 1586 3126 conventum
1602 3068 1809 3147 ierosolymis
1825 3072 1856 3130 in
1874 3072 1936 3132 brie
1949 3076 2021 3152 julii
2038 3080 2114 3136 aviiii
2131 3096 2216 3155 qua-

573 3155 817 3235 dringcatesimi
834 3152 946 3211 decimi
966 3148 1069 3226 quinti
1092 3145 1256 3217 tentatum,
1272 3143 1406 3204 Orosius
1422 3144 1655 3224 Hieronymum
1677 3148 1779 3228 cidem
1799 3154 2030 3215 conscribendo
2048 3158 2136 3233 operi
2158 3176 2216 3235 per

577 3236 608 3296 id
625 3233 774 3311 iervrporis
792 3232 977 3292 incumbere
994 3228 1181 3287 testabatur.

577 3313 620 3378 Χ.
636 3313 782 3392 Priapios
796 3310 834 3370 eb
850 3309 883 3369 H
887 3317 969 3367 erote
984 3317 1015 3379 ct
1026 3306 1146 3365 Laznro
1164 3310 1326 3362 accersatus
1340 3301 1528 3382 perducitur
1541 3304 1583 3364 ad
1597 3306 1824 3384 Diospolitana
1841 3310 1954 3388 synodi
1963 3311 2142 3391 judicium:
2158 3314 2214 3376 tito

741 3389 866 3469 judicio
881 3388 1048 3446 damnatur
1062 3383 1233 3458 Pelopiana
1245 3381 1384 3451 beureria,
1398 3381 1603 3442 heresiarcha
1617 3386 1680 3462 ipse
1695 3385 1843 3463 Pelagius
1860 3389 2043 3451 absoluitur.

614 3470 748 3533 loannis
763 3463 1022 3545 ierosolymitnni
1038 3463 1193 3521 adversus
1209 3460 1359 3520 Orosium
1375 3460 1569 3530 criminatio,
1586 3463 1668 3523 sicut
1681 3471 1712 3524 et
1727 3466 1827 3542 ipsius
1841 3468 1946 3529 Orosii
1965 3471 2131 3548 Apologia,
2147 3488 2213 3549 qua

574 3552 603 3614 is
622 3551 807 3629 episcopum
826 3548 915 3606 illum
936 3542 1038 3603 serbis
1057 3541 1213 3599 tractabat
1227 3540 1458 3615 asperioribus,
1476 3558 1600 3602 necnon
1617 3544 1798 3605 societatem
1814 3565 1885 3606 cum
1903 3548 2040 3627 Pelagio,
2058 3551 2116 3609 nisi
2134 3552 2215 3611 resi-

577 3630 726 3710 pisceret,
745 3627 862 3686 babere
878 3642 912 3684 se
928 3621 1012 3681 niilie
1028 3619 1233 3680 revruntiabat
1248 3618 1453 3697 (Orosinnin
1467 3621 1527 3698 tine
1539 3621 1763 3699 Apulayetici),
1779 3643 1982 3701 vrvqiniquam
2000 3635 2146 3704 poteram
2160 3646 2214 3692 aas

576 3710 689 3771 turbas
707 3724 771 3765 non
787 3703 941 3770 excitare,
955 3701 1072 3777 quibus
1087 3696 1241 3773 quidquid
1259 3703 1386 3774 pactam
1401 3697 1629 3774 decretumque
1644 3699 1675 3757 in
1689 3709 1847 3775 covryeutu
1861 3705 2129 3783 ierosolymitano
2145 3708 2216 3769 iue-

575 3793 639 3856 ral,
653 3787 690 3844 vle
706 3785 832 3846 silentio
848 3781 992 3840 viilelirel
1007 3785 1104 3854 atque
1120 3776 1254 3836 induciis
1271 3778 1422 3853 utrinque
1436 3776 1612 3846 servandis,
1627 3779 1732 3853 quoad
1749 3780 1911 3841 Humanas
1928 3784 2065 3859 pontil'cx
2083 3805 2215 3849 calisam

484 3858 489 3865 ⁵
576 3865 794 3947 dijudicasset,
810 3860 1057 3920 convelleretur.
1071 3856 1154 3915 Nibil
1172 3856 1268 3933 igitur
1282 3857 1411 3925 niirum,
1426 3855 1450 3913 si
1470 3856 1630 3933 Pelagium
1646 3858 1776 3917 liaeresis
1791 3857 1918 3920 nornibe
1932 3862 2014 3938 apud
2030 3864 2214 3926 l'nleastinos

577 3946 736 4009 antistites
753 3941 836 4001 ΙιιιιιιΙ
860 3941 902 3998 ita
925 3937 1026 3997 midto
1048 3942 1119 4012 post
1135 3934 1357 3994 derinntiatum
1376 3934 1587 4010 reperiamus.
1601 3934 1679 4012 Ejus
1693 3943 1897 3998 accrvscrtorcs
1918 3940 2046 4001 lucrant
2067 3943 2168 4004 Heros
2184 3950 2216 4006 ei

576 4025 738 4092 Lazarus,
754 4019 835 4082 Galli
852 4016 1012 4094 episcopi,
1030 4015 1080 4074 bic
1096 4013 1274 4091 Aquensis,
1294 4012 1489 4074 Arelatensis
1504 4013 1576 4084 ille,
1593 4014 1647 4074 sed
1665 4015 1731 4074 suis
1749 4022 1824 4078 tunc
1839 4018 1967 4078 sedibus
1984 4020 2103 4096 pariter
2118 4025 2213 4099 puisi.

577 4103 644 4166 Hos
659 4102 804 4163 Zosimus
822 4113 916 4175 papa,
933 4113 997 4173 quo
1013 4098 1156 4170 tempore
1171 4091 1287 4170 Pelagii
1302 4107 1339 4151 ac
1352 4091 1490 4152 Ctelcstii
1505 4097 1617 4154 contra
1631 4095 1759 4154 eosdem
1774 4097 1942 4157 calumniis
1958 4099 2130 4160 satiendam
2146 4121 2216 4165 sese

579 4183 754 4263 praebebat,
768 4176 938 4237 durissime
955 4190 1086 4250 prorsus
1103 4172 1225 4231 babuit.
1243 4173 1282 4229 At
1297 4172 1435 4247 Prosper
1452 4171 1483 4229 in
1500 4170 1659 4232 Chconico
1673 4171 1713 4232 ad
1728 4190 1849 4234 anuum
1864 4178 2215 4258 quadringentesimum

578 4259 800 4323 duodecimum
815 4257 963 4316 Horetum
981 4252 1084 4311 virum
1099 4257 1245 4310 sanctum
1262 4250 1413 4326 appellat,
1429 4250 1463 4308 ll.
1476 4250 1610 4309 lilarliui
1623 4251 1835 4329 discipulum,
1855 4257 1927 4333 qui,
1943 4258 2003 4325 aii,
2021 4277 2089 4318 enm
2103 4261 2216 4319 Aruin-

579 4338 659 4402 tensi
674 4336 790 4429 oppido
807 4333 969 4412 episcopus
981 4329 1171 4409 presideret,
1185 4347 1205 4387 a
1214 4327 1335 4418 poptdo
1352 4327 1452 4406 ipsius
1467 4329 1615 4397 ciuitatis,
1632 4331 1751 4395 insons,
1767 4341 1794 4391 et
1816 4335 1913 4395 nudis
1929 4337 2216 4398 insimulationibus

580 4415 860 4493 obnoaruspulsns
874 4421 929 4471 est.
948 4411 993 4468 Hx
1010 4409 1078 4485 ipso
1092 4413 1198 4468 autem
1214 4422 1337 4466 socium
1352 4407 1421 4484 ejus
1436 4407 1605 4477 Lazarum,
1620 4409 1712 4486 cujus
1735 4415 1888 4474 remansit
1905 4417 2072 4475 obscurior
2094 4433 2216 4475 urcino.

580 4501 643 4569 ria,
660 4497 782 4557 discere
796 4510 854 4555 nos
870 4495 1018 4567 oportere
1032 4487 1107 4546 dicit
1121 4484 1278 4545 llnronius
1294 4504 1301 4543 :
1315 4485 1392 4560 quia
1408 4502 1490 4560 qnos
1505 4486 1666 4547 calumnia
1681 4506 1739 4564 par
1750 4490 1899 4561 involvit,
1911 4495 2037 4554 eosdem
2049 4495 2215 4554 decorasse

579 4575 736 4654 equalem
757 4573 904 4631 virtutem
923 4566 1100 4646 putandam
1116 4565 1174 4634 sii3
1191 4582 1263 4622 eum
1284 4562 1412 4621 nonnisi
1433 4565 1533 4624 bonus
1553 4570 1779 4627 consueverint
1796 4571 1902 4631 odisse
1917 4573 2011 4641 mali,
2030 4580 2059 4632 ct
2077 4572 2214 4633 baeretici

581 4672 717 4717 vexasse
737 4649 918 4713 Calliolicos
939 4645 1136 4725 (licinanius,
1155 4643 1194 4701 ad
1211 4640 1431 4718 inenerrabili).
1450 4642 1583 4726 Eosdem
1604 4662 1681 4704 savia
1702 4649 1899 4724 Augustinus
1916 4658 2042 4712 sanctos
2059 4651 2169 4711 [spires
2186 4658 2217 4711 (q

578 4735 800 4811 coepiscopos,
812 4747 849 4790 ac
865 4744 994 4787 rursum
1008 4725 1071 4784 alio
1086 4725 1156 4781 loco
1172 4723 1272 4780 bonos
1284 4720 1398 4780 iratres
1411 4725 1515 4781 vocat.
1529 4722 1565 4780 Et
1581 4722 1697 4783 iactetur
1707 4726 1835 4800 qiddem
1849 4729 1991 4805 aliquam
2004 4731 2042 4789 de
2056 4731 2117 4789 illis
2131 4730 2216 4806 apud

578 4813 836 4890 Diospolitauum
852 4807 1024 4867 castellium
1042 4802 1182 4862 habitam
1197 4816 1215 4859 a
1230 4800 1353 4860 lotione
1367 4800 1636 4879 ierosolymitano
1663 4806 1895 4882 querimoniam
1912 4827 1919 4863 ε
1936 4808 1990 4867 sed
2008 4809 2094 4868 illam
2110 4810 2147 4867 ad
2164 4828 2219 4867 eo·

580 4910 654 4954 rum
670 4888 888 4968 prte'udicium
907 4885 984 4944 nibil
1002 4885 1126 4951 vellere,
1143 4897 1248 4954 neque
1263 4879 1361 4939 ullius
1378 4880 1529 4938 nrorucnti
1552 4881 1739 4941 visames'se
1757 4885 1899 4959 patribus
1919 4888 2064 4955 crrttcili,
2080 4886 2218 4945 deleinlit

583 4971 705 5050 (infra,
723 4909 759 5027 <bt
779 4965 880 5026 Gestis
902 4961 1022 5038 Ptitrbt‘t'
1031 5007 1037 5027 .
1053 4978 1108 5019 nn.
1125 4958 1155 5028 ἓ,
1171 4958 1220 5026 53,
1235 4958 1305 5034 39).
1325 4958 1420 5017 iidem
1440 4975 1458 5017 a
1481 4962 1671 5035 praesulibus
1690 4962 1815 5019 concilii
1836 4963 2096 5041 Cerrtbagineusis
2114 4967 2215 5023 salicti

581 5048 697 5110 iratres
712 5052 742 5106 et
760 5041 1003 5105 coasiicerdotes
1019 5039 1228 5097 nominantur
1243 5036 1363 5114 (Epist.
1383 5035 1449 5102 tra,
1465 5055 1497 5094 n.
1516 5038 1543 5103 l,
1559 5038 1641 5094 inter
1656 5041 1926 5116 Anapustininnns).

621 5127 703 5201 Qtrid
718 5140 815 5202 porro
832 5122 864 5180 ia
879 5136 976 5180 causa
993 5117 1103 5183 luerit,
1120 5133 1178 5174 cur
1208 5115 1252 5173 illi
1280 5117 1343 5172 duo
1371 5113 1451 5174 Galli
1478 5115 1617 5190 episcopi
1645 5133 1731 5175 arvino
1757 5118 2071 5196 quadringentesimo
2095 5119 2219 5184 decimo

581 5208 697 5286 quinto
718 5206 925 5262 versarentur
945 5199 977 5257 in
997 5194 1183 5261 Palaestina,
1204 5210 1301 5253 curve
1322 5193 1522 5252 tam'acriter
1536 5194 1569 5252 in
1587 5195 1748 5271 Pelagium
1765 5195 1986 5274 insurgerent,
2007 5199 2216 5275 ignoramus:

581 5286 642 5347 nisi
660 5282 744 5362 quod
767 5279 876 5342 scribit
901 5276 1111 5354 Augustinus,
1136 5290 1191 5331 eos
1222 5288 1371 5349 perversa
1387 5271 1543 5335 doctriua,
1558 5289 1654 5347 quam
1670 5273 1738 5351 ejus
1758 5275 1788 5333 in
1818 5275 2088 5351 disputationibus
2104 5279 2220 5354 depre-

581 5365 771 5429 henderant,
786 5357 924 5418 ollensos
939 5357 1036 5414 inisse
1052 5353 1166 5433 (Infra,
1182 5350 1218 5409 de
1229 5350 1330 5410 Gestis
1344 5350 1474 5425 l'cluyii.
1490 5368 1521 5409 n.
1536 5349 1745 5427 estanores
1761 5353 1807 5411 illi
1821 5355 1853 5412 in
1868 5355 2011 5413 libellum
2026 5358 2218 5424 retulerunt,

581 5461 623 5505 ex
642 5441 759 5520 Pelagii
776 5447 805 5500 et
820 5435 956 5499 Coeieslii
973 5432 1063 5493 libris
1080 5432 1240 5498 collectos,
1257 5431 1309 5489 sed
1330 5429 1473 5489 retlactos
1489 5435 1606 5490 tamen.
1623 5439 1657 5489 ut
1673 5429 1865 5502 fatebantur,
1883 5433 1914 5491 iu
1929 5436 2164 5510 corripendium,
2182 5456 2219 5496 eo

581 5522 668 5600 quod
681 5524 767 5582 locos
779 5520 919 5594 integros
933 5528 1105 5588 excerpere
1119 5509 1178 5569 sibi
1193 5527 1257 5567 non
1273 5509 1415 5569 licuisset
1427 5506 1535 5585 (ibid,-
1548 5526 1581 5567 n.
1594 5509 1657 5586 29).
1673 5509 1728 5568 llis
1742 5510 1885 5588 adjecere
1901 5517 1966 5569 tura
1982 5531 2037 5573 eos
2051 5517 2218 5586 articulos,

580 5619 721 5678 quorum
737 5615 836 5660 cervisa
849 5596 1020 5656 daninatus
1035 5608 1054 5651 a
1068 5588 1204 5650 concilio
1219 5586 1462 5663 Cartbagiueusi
1481 5586 1582 5647 luerat
1596 5587 1773 5653 Coelestius,
1790 5597 1855 5648 tum
1871 5591 1966 5650 etiam
1982 5593 2052 5653 illos
2066 5613 2146 5670 qum
2163 5593 2220 5651 Hi-

581 5680 682 5741 larius
698 5677 834 5738 eSicilia
848 5675 886 5736 ad
901 5670 1114 5749 Augustiaum
1128 5667 1269 5726 miserat.
1281 5666 1439 5742 Scriptum
1455 5665 1602 5727 idiomate
1615 5667 1713 5726 latino
1728 5667 1835 5743 (ibid,
1849 5687 1881 5728 n.
1896 5669 1927 5750 ἓ)
1941 5671 2062 5732 bunt-ee
2076 5673 2217 5730 litantium

582 5760 729 5821 obtulere
743 5754 879 5834 Eulogio
894 5750 1002 5831 titia..
1019 5766 1051 5808 n.
1065 5747 1110 5824 ll),
1124 5763 1219 5823 quem
1235 5745 1410 5804 antistitem
1425 5744 1496 5804 aliis
1510 5745 1660 5806 tredecim
1676 5747 1904 5822 Diospolitaum
1919 5750 2030 5828 synodi
2047 5750 2217 5826 episcopis,

582 5839 709 5916 ipsimet
732 5836 827 5895 etiam
846 5830 962 5892 loanni
984 5825 1255 5904 ierosolymitano
1277 5840 1403 5900 semper
1423 5825 1581 5900 praeponit
1602 5826 1812 5902 Augustinus.
1834 5829 1936 5905 Atque
1956 5829 2029 5888 inde
2049 5832 2113 5894 est,
2133 5826 2219 5901 qnod

582 5917 751 5994 episcopus
767 5912 919 5973 Cmsztrera
938 5926 975 5969 ac
995 5906 1091 5966 totius
1113 5902 1284 5981 prouincia·
1307 5903 1482 5962 Palaestinae
1502 5904 1767 5980 metropolitauus
1791 5905 1888 5966 luisse
1907 5908 2020 5966 merito
2036 5910 2216 5965 censeatur.

582 5998 643 6059 lles
657 5995 695 6056 ad
710 5992 882 6051 camillum
896 5987 1107 6050 Palestinum,
1123 5999 1188 6059 qao
1205 5981 1232 6040 id
1250 5981 1380 6041 nomine
1394 5981 1593 6057 Augustinus
1610 5982 1737 6051 vocitat,
1752 5984 1856 6044 delata
1869 5992 1917 6045 est
1931 6005 1938 6043 ι
1954 5985 2031 6060 quia
2046 5998 2121 6041 vero
2136 5982 2218 6042 idem

582 6074 755 6137 «eonsilium
773 6070 883 6137 luerit,
899 6065 984 6144 quod
1000 6063 1083 6141 apud
1098 6060 1274 6138 Diospolim
1289 6061 1401 6119 urbem
1418 6061 1609 6128 Paltestinie,
1626 6061 1658 6119 iu
1675 6061 1846 6139 scripturis
1864 6064 1976 6143 lyddae
1991 6061 2146 6121 viacutiulo
2162 6079 2220 6120 ρο.

582 6155 702 6235 gnitum
715 6155 795 6229 (Aet.
810 6165 855 6218 rs,
869 6147 933 6225 32),
948 6145 1091 6205 liabitum
1105 6160 1175 6202 esse
1190 6139 1299 6200 scribit
1314 6139 1529 6218 Hieronymus
1544 6140 1662 6216 (Epist.
1676 6139 1747 6213 aba,
1761 6161 1793 6201 n.
1807 6143 1838 6212 ⁴2,
1854 6143 1934 6203 inter
1947 6140 2217 6216 Aerpststiuinnas),

585 6250 677 6297 nerito
693 6229 835 6307 sirniiigit.
852 6228 950 6286 Docet
965 6221 1169 6283 revelationis
1187 6217 1397 6296 reliquiarum
1418 6218 1570 6294 Stephani
1587 6221 1735 6297 viiiirtyris
1754 6221 1903 6287 historia.
1920 6235 1985 6296 quo
2001 6225 2142 6294 tempore
2159 6219 2220 6278 illm

583 6320 708 6377 retecta
731 6315 825 6377 suut,
848 6305 999 6366 nimirum
1022 6301 1148 6362 circiter
1168 6300 1252 6360 diem
1276 6299 1464 6377 vigesimam
1486 6297 1661 6358 decembris
1684 6301 1760 6360 anni
1781 6297 2085 6377 quadringentesimi
2106 6296 2218 6373 decimi

568 6391 688 6461 aaran}
704 6390 869 6448 latronem
885 6383 954 6463 eius
969 6381 1015 6443 rei
1031 6381 1179 6441 novitiam
1196 6379 1309 6459 Lyddm
1323 6396 1378 6440 sen
1395 6377 1550 6455 ltiospoli,
1568 6378 1620 6437 ubi
1636 6378 1771 6440 concilio
1787 6377 1951 6452 intererat,
1967 6376 2129 6455 accepisse
2145 6374 2218 6454 (tie

2158 6625 2193 6677 h
