5592 7350
498 912 534 967 ut
1237 910 1429 964 riiersuo.
2116 924 2149 976 5,

500 1024 674 1099 subrepta,
693 1018 741 1079 rel
755 1018 851 1079 etiam
867 1018 963 1095 plane
977 1016 1123 1095 salsoque
1138 1018 1242 1080 afficta
1267 1023 1465 1096 querebatur
1482 1042 1489 1079 :
1508 1040 1580 1081 nam
1595 1028 1626 1082 et
1641 1024 1787 1084 similiter
1802 1035 1931 1104 accepta
1954 1033 2063 1091 eadem
2084 1035 2150 1108 epi-

501 1102 586 1164 stola
605 1100 754 1161 Zosimus
766 1113 850 1176 papa
869 1098 962 1158 iidem
979 1098 1071 1157 nimis
1093 1105 1211 1157 temere
1226 1100 1352 1176 scriptis
1366 1100 1560 1176 quibusdam
1582 1103 1711 1162 Tirunsii
1733 1111 1829 1180 atque
1841 1108 1950 1167 iacobi
1966 1112 2150 1172 testimonio

502 1181 650 1243 habitam
666 1178 742 1237 dicit
760 1177 887 1255 (Infra,
905 1176 1045 1267 Append.
1059 1187 1151 1253 parte
1168 1176 1212 1252 Ξ).
1230 1178 1265 1236 ln
1280 1179 1357 1238 istos
1369 1178 1449 1238 duos
1464 1181 1606 1240 animum
1621 1182 1768 1241 Julianus
1803 1187 1911 1245 erebnt
1926 1186 2098 1253 iuleosum.
2120 1202 2150 1253 et

502 1259 729 1321 adolescentes
753 1275 793 1317 ex
811 1256 977 1317 monachis
991 1255 1161 1315 dissolutos
1180 1256 1307 1315 eosdem
1327 1258 1549 1335 perinjurium
1568 1261 1728 1321 vocitabat
1759 1203 1874 1343 (thyro,
1902 1277 2012 1326 curura
2038 1269 2152 1331 Julia-

502 1357 589 1404 sum,
611 1335 668 1400 lib.
683 1335 713 1407 2,
727 1353 760 1394 n.
776 1335 839 1412 37).

544 1416 688 1477 Huncin
705 1430 827 1475 annum
843 1412 963 1474 relerre
984 1414 1087 1473 visum
1106 1418 1154 1473 est
1178 1415 1312 1474 alteram
1334 1416 1505 1494 Augustini
1532 1417 1789 1479 lucubrationem
1819 1427 1932 1492 contra
1961 1425 2151 1506 Pelagianos

526 1496 667 1557 uasdam
684 1493 959 1559 ratiocinationes,
973 1492 1221 1567 comprehensas
1233 1493 1264 1552 in
1279 1493 1437 1561 chartula,
1450 1513 1523 1571 quae
1538 1497 1582 1556 sic
1596 1504 1770 1573 praenotata
1786 1506 1874 1558 erat:
1891 1502 2103 1579 Definitiones,
2116 1519 2152 1569 ur

502 1515 637 1642 dicitur,
655 1570 793 1633 Celestii
809 1570 925 1650 (Infra,
942 1570 978 1630 de
991 1571 1323 1650 Persectionejustitioe
1336 1572 1481 1640 leontinis,
1496 1593 1527 1634 n.
1546 1577 1585 1650 l).
1603 1575 1692 1636 Hanc
1709 1576 1746 1634 de
1762 1576 1869 1638 Sicilia
1883 1581 2062 1643 chartulam
2079 1585 2150 1646 lra-

503 1660 569 1717 tres
589 1652 737 1732 quidam,
752 1650 781 1710 id
796 1656 856 1721 est,
873 1650 1019 1710 catholici
1039 1651 1215 1710 attulerant
1229 1669 1236 1707 :
1252 1651 1520 1711 dederantautem
1533 1656 1711 1732 Augustino
1725 1656 1896 1733 Eutropius
1913 1666 1942 1717 et
1957 1661 2071 1722 Pardus
2084 1666 2151 1742 opi·

504 1733 609 1812 scopi,
622 1733 718 1792 iidem
730 1730 775 1791 illi
789 1730 844 1806 qui
860 1745 923 1787 non
938 1729 1039 1787 multo
1051 1732 1122 1806 post
1136 1728 1307 1806 appulsum
1319 1729 1423 1790 Orosii
1438 1732 1469 1790 in
1481 1735 1502 1790 A
1510 1733 1631 1800 lricmu,
1648 1734 1791 1793 viilelicet
1804 1744 1877 1795 ttrite
1893 1740 2030 1798 medium
2047 1741 2152 1817 ipsum

504 1830 631 1875 annum
646 1808 1001 1889 quadringentesimum
1014 1805 1171 1867 decimum
1187 1809 1348 1882 quintum.
1368 1818 1480 1869 sancto
1499 1812 1626 1870 Ductori
1646 1814 1926 1873 commonitorium
1951 1818 1988 1876 de
2016 1820 2152 1884 ‹liin-rsis

505 1892 688 1954 haeresibus
709 1889 898 1949 obtulerunt
914 1887 1027 1965 (lusco,
1044 1886 1202 1946 Admonit.
1222 1887 1256 1959 in
1273 1886 1386 1948 librum
1401 1889 1437 1947 de
1448 1889 1953 1972 Persectionejustitielioirrieis).
1978 1896 2151 1962 Codicillus

506 1972 564 2032 iste
581 1970 677 2033 varia
695 1967 866 2028 ratiocinia
882 1966 1163 2042 complectebatur,
1179 1966 1288 2026 brevia
1303 1967 1356 2027 illa
1376 1975 1406 2025 et
1420 1986 1542 2045 pressa,
1556 1987 1629 2045 quae
1643 1987 1681 2028 eo
1695 1972 1909 2045 pertinebant,
1935 1979 1968 2032 ut
1986 1982 2152 2037 statuere-

505 2057 570 2121 tur,
590 2047 763 2109 Hominem
775 2046 826 2106 liic
837 2046 903 2105 sine
915 2052 1042 2122 peccato
1058 2062 1119 2103 esse
1135 2061 1235 2121 posse
1253 2044 1396 2121 Cumque
1412 2047 1474 2105 illis
1491 2054 1643 2127 congosto
1659 2054 1751 2107 eram
1772 2049 1809 2107 de
1820 2050 1991 2126 Scripturis
2006 2057 2153 2115 testimo·

507 2131 572 2199 uia,
590 2127 715 2188 scilicet
730 2124 876 2202 quaedam
890 2125 1007 2200 quibus
1016 2121 1218 2201 probaretur,
1236 2128 1279 2181 uti
1296 2134 1410 2184 auctor
1423 2127 1599 2199 inquiebat,
1614 2137 1800 2204 promptim
1814 2148 1874 2187 esse
1890 2131 2009 2191 tietuini
2028 2144 2061 2191 ut
2080 2134 2152 2195 abs-

505 2226 561 2288 que
571 2215 705 2285 peceato
723 2207 764 2266 sit
782 2223 792 2262 .·
808 2203 871 2263 1111
887 2203 1005 2278 quibus
1022 2201 1145 2261 ostendi
1165 2202 1303 2269 volebat,
1317 2205 1402 2281 quod
1417 2205 1471 2264 Oet
1494 2205 1640 2264 inundotu
1659 2225 1723 2264 riou
1742 2207 1831 2265 ruodo
1856 2209 2059 2284 impossibilia
2086 2231 2152 2274 non

505 2288 581 2352 aiut,
600 2302 712 2345 ceriam
726 2300 763 2343 ne
777 2281 887 2359 qruuiu
901 2280 1022 2359 quidem
1036 2301 1046 2340 :
1061 2280 1124 2340 atla
1141 2288 1302 2356 postremo
1318 2284 1412 2357 quasi
1428 2283 1563 2359 iisque
1580 2302 1598 2345 a
1615 2285 1786 2344 Catholicis
1800 2286 1953 2346 atlversus
1965 2291 2150 2368 l'elrigiauus

507 2364 645 2444 proferri
667 2364 824 2429 solerent,
840 2359 1028 2419 testimoniis
1053 2360 1228 2420 contraria.
1246 2361 1369 2420 Asserit
1389 2364 1590 2438 Augustinus
1605 2365 1775 2440 perbreves
1796 2365 1871 2424 istas
1890 2368 2151 2434 ratiocinationes

507 2446 547 2504 ub
563 2442 710 2504 Coelestii
731 2439 873 2518 ingenio,
889 2446 1045 2514 quantum
1060 2456 1077 2497 e
1094 2439 1213 2514 scripto
1230 2439 1306 2504 alio,
1330 2443 1422 2514 cujus
1445 2442 1642 2502 certissimus
1661 2442 1686 2501 is
1702 2450 1816 2502 rirrctor
1838 2453 1918 2512 erat,
1943 2448 2152 2522 corrjectando

507 2522 624 2583 licebat
636 2520 792 2596 assequi,
810 2516 1059 2593 haudquaquam
1074 2517 1261 2577 abhorrere.
1278 2518 1413 2577 Easdem
1429 2531 1536 2580 autem
1551 2521 1714 2597 responsis
1728 2528 1758 2579 et
1772 2523 1838 2598 ipse
1856 2526 2063 2599 perbrevibus
2079 2530 2152 2589 dis-

507 2602 614 2666 solvit,
645 2601 767 2659 docens
790 2596 1016 2674 perlectionem
1040 2595 1335 2672 plenitudinemque
1350 2596 1482 2674 justitiae
1504 2598 1604 2665 illam,
1626 2617 1690 2673 qua
1711 2600 1806 2657 homo
1830 2603 1899 2659 sine
1925 2604 1991 2661 ullo
2020 2623 2151 2679 prorsus

508 2686 641 2757 peceato
656 2679 711 2747 sit,
728 2694 787 2735 nec
802 2675 871 2734 sine
886 2674 988 2752 gratia
1001 2675 1186 2750 possibilem
1198 2693 1253 2751 per
1268 2675 1351 2735 vires
1367 2683 1501 2741 araturae,
1519 2679 1693 2752 praesertim
1707 2678 1773 2754 jam
1790 2680 1918 2745 vitiatae,
1936 2699 1992 2740 nce
2007 2700 2151 2760 unquam

508 2776 579 2820 esse
596 2754 770 2836 presentis
789 2752 885 2833 hujus
902 2754 982 2813 vitae.
1000 2755 1147 2812 Attamen
1167 2760 1275 2813 censet
1298 2754 1359 2813 illis
1382 2772 1447 2813 uon
1467 2757 1560 2814 rriinis
1578 2756 1812 2824 reluctandum,
1828 2759 1883 2833 qm
1902 2761 2058 2834 quosdam
2075 2782 2153 2841 gra-

508 2837 558 2897 tiae
571 2837 692 2897 dirinae
707 2832 831 2893 auxilio
846 2832 940 2891 vitam
956 2831 1074 2891 vixisse
1092 2833 1222 2890 omnino
1239 2832 1434 2908 inculpatam
1449 2839 1547 2909 atque
1564 2852 1582 2893 a
1597 2840 1726 2910 peccato
1743 2835 1836 2909 plane
1854 2837 1986 2895 liberam
2005 2840 2153 2902 allirma-

510 2923 590 2976 rent.
602 2914 698 2990 Quod
710 2918 795 2972 certe
809 2917 880 2988 post
891 2927 1030 2970 canones
1040 2909 1194 2971 adversus
1211 2911 1293 2971 hano
1310 2911 1496 2988 opinionem
1512 2912 1543 2971 in
1561 2911 1805 2991 Carthaginensi
1821 2915 1956 2975 concilio
1972 2920 2048 2977 aricii
2064 2938 2153 2997 qua-

509 2991 755 3073 dringentesimi
768 2990 880 3049 declini
896 2989 1001 3048 octavi
1016 2989 1155 3048 sancitos
1176 3007 1239 3048 non
1255 2989 1397 3049 dixisset.

508 3074 565 3136 lX.
588 3074 613 3134 C
618 3089 764 3131 obsessus
777 3068 984 3145 lerosolyinir
997 3086 1078 3128 unna
1094 3067 1398 3146 quadringentesimo
1415 3068 1530 3129 decimo
1547 3069 1656 3148 quinto
1669 3089 1688 3128 a
1701 3072 1824 3131 Ioanne
1847 3072 1990 3149 episcopo
2008 3073 2150 3144 babitus,

547 3152 658 3231 inquo
674 3168 744 3209 cum
756 3148 884 3225 Pelopia
902 3163 1005 3206 corum
1017 3147 1156 3223 disputet
1184 3148 1327 3208 Orosius.
1346 3147 1474 3226 Pelagio
1491 3150 1629 3210 Ioannes
1655 3151 1727 3226 plus
1754 3168 1839 3227 oeryuo
1861 3153 1975 3228 [truens.
2006 3154 2153 3217 Orosiurn

546 3230 646 3311 poulo
666 3237 740 3308 post
757 3226 915 3287 insimulet
932 3224 1144 3301 blasphemie:
1159 3243 1249 3303 quum
1262 3226 1314 3288 ttte
1329 3226 1576 3288 criminationem
1593 3229 1713 3307 scripto
1734 3230 1930 3308 upotoqetico
1959 3230 1997 3291 oli
2024 3253 2055 3293 se
2074 3253 2153 3314 pro·
2192 3233 2196 3248 ’

547 3310 669 3388 pulsnt.
686 3308 731 3366 lte
742 3303 926 3383 Hieronymi
939 3304 1073 3379 diotopis
1090 3314 1200 3363 contra
1214 3303 1414 3381 Pelagianos.

551 3388 633 3450 Cum
648 3405 689 3447 ex
705 3385 811 3445 Alrica
824 3385 885 3443 hoc
900 3399 986 3442 anno
1000 3383 1148 3443 solvisset
1168 3384 1285 3442 Paulus
1302 3382 1451 3457 Orosius,
1474 3385 1506 3443 in
1527 3385 1728 3444 Palaestinam
1749 3387 1876 3445 circiter
1897 3388 2035 3447 medium
2058 3409 2153 3451 eum-

511 3466 582 3527 dem
597 3484 718 3527 anoum
734 3464 870 3541 appulit.
886 3463 915 3522 ls
929 3465 1096 3540 presbyter
1107 3463 1215 3522 audita
1229 3462 1399 3539 Augustini
1412 3457 1557 3523 sanimex
1573 3464 1690 3522 ultimis
1704 3463 1912 3538 Hispaniisad
1925 3484 1998 3526 eum
2010 3469 2152 3531 discendi

511 3547 691 3623 cupiditate
715 3547 866 3602 venerat:
882 3559 978 3617 quern
993 3541 1046 3600 ille
1062 3540 1100 3599 ad
1119 3540 1364 3618 Hieronymum,
1380 3546 1416 3599 ut
1439 3541 1576 3600 bunede
1591 3541 1706 3602 crnirrrre
1719 3542 1844 3621 origiue
1860 3548 2055 3617 consuleret,
2078 3565 2096 3608 a
2115 3567 2151 3610 se

512 3623 695 3686 transmisit
709 3620 828 3700 (episi.
842 3619 911 3687 toa,
925 3638 956 3680 n.
973 3619 1033 3699 13).
1049 3619 1323 3693 Quemadmodum
1338 3622 1446 3680 autem
1458 3620 1674 3698 Augustiuum
1689 3620 1886 3684 debellandis
1903 3624 2081 3703 Pelagianis
2097 3647 2151 3689 oc·

513 3710 667 3780 repartum
679 3704 864 3779 reliquerat,
888 3701 930 3760 ita
946 3700 1176 3777 Hieronymum
1192 3700 1310 3777 reperit
1325 3698 1427 3759 eidem
1447 3717 1578 3776 quoque
1596 3700 1679 3759 bello
1697 3701 1905 3777 implicatum.
1921 3703 2056 3777 Quando
2074 3724 2153 3785 ergo

512 3783 662 3861 Pelagius
677 3787 781 3842 tantos
800 3786 930 3855 bamque
943 3779 1127 3838 celebresin
1144 3778 1282 3839 Ecclesia
1301 3779 1387 3837 viros
1408 3776 1519 3839 iecisse
1541 3779 1602 3838 sibi
1628 3779 1829 3840 atlversarios
1850 3781 1916 3858 jam
1945 3787 2150 3852 riosceliatur.

513 3863 593 3939 quin
611 3858 942 3920 occasioncdoctrinae
962 3857 1063 3933 ipsius
1077 3858 1210 3916 multum
1226 3857 1319 3917 luerit
1334 3857 1366 3915 in
1384 3857 1550 3918 Palaestina
1572 3860 1812 3925 tumultuatum,
1827 3860 2019 3922 dubitaverit
2036 3882 2150 3924 ricino:

513 3957 572 4001 nee
594 3940 726 4000 aliunde
748 3937 891 4014 prolecto
915 3935 1111 4012 colloquium
1135 3936 1452 4015 ierosolymitanum,
1468 3937 1585 4012 dequo
1609 3936 1832 4010 bicagendum
1849 3940 1940 4000 nobis
1956 3948 2016 4010 est,
2044 3949 2151 4005 ortum

515 4019 626 4079 babuit
639 4037 646 4075 :
659 4017 746 4095 quod
762 4022 797 4076 ut
819 4017 968 4084 iniretur,
987 4031 1118 4091 operam
1138 4014 1262 4075 dedisse
1285 4015 1504 4091 institisseque
1529 4015 1673 4075 ridentur
1701 4015 1979 4095 ierosolymitanae
2003 4021 2153 4082 Ecclesiae

534 4099 704 4177 resbyteri.
725 4096 843 4155 initum
857 4099 964 4154 autem
979 4093 1038 4153 luit
1050 4092 1262 4171 quadraginta
1277 4101 1307 4153 et
1321 4099 1441 4170 septem
1452 4094 1563 4154 diebus
1582 4100 1656 4154 anto
1667 4092 1890 4155 Eneteniorum
1901 4099 2148 4169 solemnitatem,

515 4115 571 4236 hoc
584 4183 646 4246 est,
662 4174 713 4235 die
723 4173 796 4249 iulii
809 4173 963 4252 vigesima
981 4189 1065 4232 nona
1079 4177 1134 4232 aut
1150 4174 1312 4250 trigesima
1332 4171 1449 4252 (lustu,
1466 4173 1609 4250 Append.
1622 4180 1712 4250 perte
1723 4183 1767 4251 a).
1787 4173 1949 4250 Siquidem
1963 4178 2070 4237 omma
2090 4180 2153 4241 lruc

514 4253 655 4325 iaciunt,
671 4259 707 4313 ut
722 4251 836 4314 lestum
852 4250 930 4311 illud
942 4268 1006 4312 non
1022 4250 1108 4312 aliud
1124 4250 1343 4311 existimemus
1362 4250 1472 4323 luisse,
1486 4269 1583 4328 quam
1597 4249 1739 4311 ecclesie
1755 4253 2006 4316 ttesurrectioms
2020 4256 2152 4317 ‹lediea-

514 4334 632 4393 tionem
651 4349 726 4410 quar
745 4329 918 4408 quotannis
933 4347 1049 4408 magno
1062 4348 1134 4390 cum
1145 4335 1303 4406 apparatu
1313 4330 1364 4392 die
1379 4330 1501 4391 decima
1518 4331 1610 4391 tertia
1624 4335 1679 4390 aut
1701 4331 1820 4391 decima
1834 4340 1949 4408 quarta
1963 4338 2152 4411 septembris

513 4413 739 4473 celebrabatur
767 4408 948 4488 (Nicepber.
973 4407 1027 4470 tit.
1051 4406 1086 4480 8,
1109 4407 1240 4486 111150,
1258 4407 1457 4486 etMenoloq.
1476 4409 1593 4487 prem).
1610 4409 1747 4469 Ventum
1774 4417 1822 4470 est
1847 4411 1878 4470 in
1904 4411 2152 4489 disputationem

514 4496 671 4567 presente
683 4490 807 4548 loanne
821 4489 945 4549 lerosol
969 4505 1096 4549 morum
1109 4488 1272 4564 episcopo,
1285 4488 1340 4564 qui
1359 4488 1495 4548 solusex
1506 4489 1729 4565 episcoporum
1744 4489 1867 4558 ordine,
1879 4493 2150 4566 quemadmodum

513 4587 551 4630 ex
567 4568 677 4629 Orosii
693 4568 850 4629 relatione
872 4508 1050 4645 inteldigere
1069 4566 1155 4636 licet,
1173 4566 1266 4627 isthic
1291 4566 1446 4626 interluit.
1464 4568 1727 4646 Presbyterorum
1744 4575 1867 4628 tantum
1882 4576 1951 4627 erat
1964 4590 2149 4635 consessus.

515 4648 680 4725 inquibus
699 4647 954 4707 numerabantur
978 4646 1124 4710 Orosius.
1140 4644 1264 4714 Avitus,
1277 4645 1390 4706 Vitalis
1404 4663 1440 4705 ac
1457 4647 1631 4705 Passerius.
1656 4646 1772 4705 Aderat
1791 4664 1920 4723 quoque
1939 4649 2065 4724 ignotus
2082 4651 2153 4725 qui·

513 4725 583 4785 dam
600 4729 773 4802 interpres,
786 4743 922 4785 numero
933 4725 1018 4785 haud
1033 4724 1128 4784 dubie
1143 4723 1372 4784 adscribendus
1391 4724 1545 4784 salsorum
1562 4725 1714 4783 horumce
1731 4724 1876 4790 iratrurn,
1893 4729 1961 4800 qui,
1981 4734 2059 4786 teste
2072 4727 2153 4787 Oru-

514 4806 573 4873 110,
587 4823 629 4863 ex
648 4805 783 4864 adverso
799 4805 898 4864 latere
926 4802 1152 4864 consedebant.
1170 4805 1286 4863 Praeter
1303 4804 1361 4863 hos
1377 4820 1488 4862 orricius
1503 4810 1700 4861 riternuratur
1715 4804 1810 4863 etlam
1828 4805 1983 4863 Durniuus
2001 4824 2040 4864 ex
2058 4807 2150 4867 tltrce.

515 4882 570 4942 Hic
585 4883 638 4942 ille
655 4883 823 4951 Dominus,
837 4882 919 4942 sicut
937 4887 967 4942 et
983 4881 1146 4942 Passerius
1161 4885 1338 4959 presbyter,
1357 4881 1493 4940 multum
1517 4881 1577 4940 sibi
1605 4881 1743 4939 nominis
1760 4889 1826 4940 tum
1849 4883 1881 4940 in
1906 4885 2000 4942 rebus
2020 4902 2091 4960 qum
2112 4887 2150 4945 acl

514 4960 628 5024 Deum.
644 4969 711 5020 tum
723 4961 754 5019 in
771 4961 819 5021 his
834 4978 907 5038 quae
921 4961 959 5021 ad
973 4962 1125 5022 sarculum
1143 4966 1305 5036 spectant,
1322 4959 1381 5020 lide
1395 4977 1455 5021 sua
1468 4966 1565 5035 atque
1580 4960 1779 5036 experientia
1795 4966 2062 5040 pepererautzqui
2075 4968 2150 5041 quia

515 5045 659 5119 etgrece
677 5045 707 5099 et
721 5039 819 5100 latine
834 5041 989 5108 sciebant,
1006 5041 1046 5099 ab
1067 5038 1344 5116 ierosolymitanis
1368 5040 1600 5105 sacerdotibus,
1629 5043 1663 5097 ut
1688 5041 1854 5099 consessui
1877 5046 2030 5118 tariquam
2050 5044 2151 5102 intec-

517 5126 619 5194 pretes
639 5119 801 5192 adessent,
818 5118 942 5178 invitati
964 5118 1102 5187 lucrant,
1125 5124 1222 5194 atque
1242 5120 1283 5178 ab
1313 5118 1423 5179 iisdem
1447 5119 1523 5178 illuc
1551 5118 1690 5191 adducti,
1720 5119 1857 5196 ipsomet
1878 5119 2004 5181 loanne
2026 5140 2151 5183 conte·

517 5198 634 5259 niente.

552 5277 707 5336 inductus
726 5294 743 5336 a
763 5277 957 5354 presbyteris
973 5275 1104 5336 Orosius
1119 5293 1280 5334 secessum
1301 5276 1608 5343 bethlehemiticum,
1630 5282 1664 5334 ut
1683 5277 1916 5355 lerosolymam
1932 5280 2065 5347 reniret,
2080 5280 2152 5337 reli-

515 5357 582 5430 quit
598 5376 605 5412 :
623 5357 855 5434 ingressusque
870 5356 901 5414 in
917 5356 1023 5414 locum
1040 5359 1228 5424 conventus,
1249 5355 1546 5431 jubenteepiscupo
1569 5355 1658 5414 sedit.
1683 5356 1802 5414 Verum
1825 5355 1853 5413 id
1875 5374 1913 5415 eo
1937 5357 1967 5415 in
1989 5365 2149 5416 ciuireutu

516 5441 680 5508 peccatum
696 5440 756 5501 est,
773 5433 857 5511 quod
876 5435 1051 5503 notarium,
1071 5433 1127 5509 qui
1145 5450 1217 5509 quar
1239 5441 1429 5509 gererentur
1449 5436 1479 5492 in
1502 5435 1626 5493 tabulas
1648 5434 1790 5500 relerret,
1816 5434 1939 5493 nullum
1963 5435 2150 5494 adhibuere.

514 5512 665 5572 Orosium
682 5513 788 5571 statim
804 5520 960 5590 rogarunt
970 5512 1124 5580 universi,
1145 5520 1178 5569 ut
1193 5513 1220 5570 st'
1234 5512 1310 5592 qrritl
1325 5531 1418 5591 eripior·
1431 5512 1548 5579 torreri,
1565 5532 1656 5589 11111
1669 5513 1815 5588 Pelagius
1827 5522 1853 5571 et
1866 5513 2027 5573 (micetius
2041 5525 2150 5572 cotnra

514 5591 566 5650 Ilei
584 5591 723 5669 gratiam
737 5591 936 5659 seruitiorum,
954 5592 988 5651 in
1003 5592 1110 5670 Africo
1128 5601 1244 5667 pestem
1265 5611 1325 5649 erse
1341 5600 1548 5669 repausaret,
1572 5592 1703 5667 fideliter
1726 5610 1762 5649 ue
1782 5592 1965 5669 siniplrciter
1987 5593 2150 5653 irulicmrt.

514 5669 648 5729 (trosius
663 5670 952 5748 igiturCoelestium
967 5687 986 5731 a
1004 5669 1139 5729 coneilio
1155 5668 1398 5746 Carthaginensi
1413 5671 1600 5729 daniuatum
1622 5671 1719 5730 luisse
1733 5671 1921 5738 declararit3
1938 5672 2153 5730 tractationem-

514 5766 573 5823 que
591 5749 664 5808 libri
684 5749 722 5808 de
735 5749 856 5809 Natura
869 5755 900 5809 et
914 5750 1035 5816 Gratia,
1052 5766 1146 5825 quem
1165 5748 1224 5807 hoc
1240 5754 1382 5826 tempore
1396 5752 1673 5810 commentabatur
1694 5750 1904 5827 Augustinus,
1927 5749 2045 5826 injecit.
2066 5750 2152 5810 Unde

515 5827 687 5905 intelligas,
706 5829 747 5887 ab
763 5828 818 5888 illo
833 5829 1005 5888 huncante
1020 5844 1084 5887 non
1099 5827 1294 5887 multosdies
1308 5833 1490 5888 recessisse.
1507 5829 1591 5887 idem
1605 5829 1733 5892 addidit,
1759 5830 1875 5887 haltere,
1894 5844 1927 5886 sc
1951 5828 1981 5885 iu
2003 5830 2151 5889 1111111111

514 5910 693 5982 epistolam,
707 5923 806 5982 quam
818 5926 923 5983 nuper
935 5908 966 5966 iu
982 5907 1121 5968 Siciliam
1139 5907 1270 5967 miserat
1286 5914 1416 5967 sanctus
1439 5908 1616 5985 Episcopus
1634 5907 1752 5987 (li'pist.
1772 5906 1858 5983 157);
1881 5924 1978 5981 quarn
1996 5915 2026 5966 et
2041 5908 2153 5985 jussus

514 5987 648 6047 recitare
661 5985 810 6056 Orosius,
822 5986 940 6063 paruit.

546 6065 603 6126 His
619 6065 703 6125 actis
717 6064 860 6124 loannes
874 6065 1037 6143 Pelagium
1052 6064 1210 6124 introduci
1229 6066 1404 6142 postulavit
1422 6084 1609 6126 :assensum
1627 6070 1674 6123 est
1689 6083 1706 6124 a
1721 6064 1977 6124 emeremni-us.
1995 6072 2059 6122 11111
2077 6085 2153 6140 pro-

513 6151 575 6219 pter
589 6144 744 6222 Episcopi
762 6145 1014 6209 venerationem,
1042 6150 1106 6202 tum
1131 6150 1261 6221 propter
1283 6146 1508 6204 refutationem
1530 6145 1659 6220 Pelagii.
1681 6161 1778 6220 quam
1800 6143 1974 6218 pleniorem
1990 6145 2063 6204 trine
2087 6144 2152 6204 lore

512 6233 601 6300 atque
619 6225 786 6284 utiliorem
801 6225 986 6300 sperabant.
1009 6223 1192 6301 ingressum
1214 6224 1374 6297 Pelagium
1392 6242 1502 6283 uenires
1520 6241 1582 6282 urm
1608 6242 1682 6282 trice
1708 6224 1959 6295 interrogarunt.
1978 6243 2074 6283 <nistre
2090 6223 2151 6281 tlo-

512 6307 623 6378 ruisset
637 6304 826 6381 opiniones,
848 6319 929 6379 quas
948 6301 1143 6362 confutasset
1158 6306 1358 6381 Augustinus
1382 6305 1563 6381 episcopus.
1591 6303 1713 6376 Quibus
1742 6303 1794 6360 illo
1810 6302 2162 6378 corilcstimrespondit

512 6399 535 6441 n
551 6388 621 6448 bec
640 6383 743 6445 verba
758 6403 767 6441 1
782 6381 831 6440 Et
846 6381 915 6456 quis
932 6389 974 6440 est
996 6379 1073 6442 mibi
1092 6383 1285 6459 :triportinus
1301 6385 1310 6460 t
1324 6385 1425 6463 Infra
1444 6382 1586 6466 Append.
1607 6393 1697 6470 porte
1712 6383 1776 6468 hyl
1804 6391 1881 6462 Qua
1902 6381 2127 6464 responsione
2139 6380 2184 6438 ’11
