5592 7350
577 865 628 923 ast

577 999 610 1038 sn
620 983 705 1051 potins
715 990 820 1038 sanctos
831 991 858 1037 et
867 975 1062 1039 immaculatum
1073 969 1134 1041 qnid
1144 970 1238 1025 lterum
1250 982 1360 1039 respon-

579 1072 638 1126 deat
652 1074 712 1142 quis
733 1073 849 1142 requirat
868 1072 888 1136 ¹,
901 1084 933 1124 ac
954 1081 1006 1121 non
1020 1064 1108 1119 statim
1123 1061 1190 1116 ierat
1202 1074 1250 1131 pro
1263 1059 1363 1115 satietis

578 1162 805 1233 inrnrueulatisqne
818 1158 997 1217 sententiam?

614 1256 657 1308 56.
674 1271 684 1305 ι
701 1254 857 1309 l‘raescielrat
872 1267 935 1322 ergo
952 1270 976 1311 ι,
990 1248 1026 1302 ait
1046 1244 1212 1314 Pelagianos,
1231 1260 1241 1295 ι
1258 1240 1303 1312 qui
1325 1239 1365 1295 lu-

580 1343 629 1396 tari
644 1354 732 1397 essent
747 1347 828 1397 sandi
841 1354 867 1397 et
887 1339 1045 1396 immaculati
1059 1352 1105 1407 per
1118 1334 1207 1389 libone
1221 1331 1365 1386 voluntatis

578 1433 714 1487 arbitrium
731 1451 738 1486 ε
753 1443 780 1489 et
794 1435 853 1489 ideo
865 1448 912 1489 eos
926 1440 988 1485 ante
1003 1427 1092 1483 masidi
1106 1424 1321 1480 constitutionem
1337 1423 1364 1478 ia

578 1520 634 1591 ipsa
648 1538 693 1577 sun
709 1525 884 1592 prescientia,
897 1537 948 1593 qua
962 1521 1029 1575 talos
1042 1518 1210 1572 lutrrrosesse
1222 1512 1363 1584 prescivit,

578 1612 667 1680 clegit.
683 1614 767 1684 Elegit
780 1631 854 1685 erga,
873 1635 883 1668 ι
901 1615 995 1683 inquit,
1012 1630 1021 1663 ι
1040 1618 1180 1679 antequam
1191 1613 1366 1674 essent,.prae·

577 1700 714 1757 destinans
729 1706 804 1769 lilios,
818 1720 884 1775 qnos
895 1704 997 1758 laturos
1009 1709 1117 1756 satietas
1130 1697 1365 1767 immaculatosque

579 1794 731 1859 praecinit:
753 1795 841 1864 utique
861 1795 917 1864 ipse
933 1809 985 1847 nou
1007 1791 1078 1857 lecit,
1102 1804 1151 1843 aee
1175 1802 1203 1842 se
1223 1786 1363 1852 lecturum,

579 1883 624 1936 scd
638 1884 696 1936 illus
707 1884 808 1938 lrrtrtros
815 1901 874 1939 esse
883 1884 1010 1953 procudit.
1025 1900 1035 1933 ι
1051 1881 1201 1935 intucamur
1211 1876 1364 1947 erqorerba

579 1974 709 2040 apastoli,
732 1985 810 2043 utque
831 1976 965 2028 siricamus
984 1981 1070 2026 utrum
1087 1980 1225 2040 propterea
1247 1985 1295 2023 uas
1308 1970 1364 2024 ele·

578 2063 646 2129 gerit
663 2073 725 2117 aruo
747 2065 836 2119 anstrudi
859 2064 1072 2118 constitutionem
1086 2104 1093 2127 ,
1106 2065 1166 2132 quia
1179 2060 1262 2115 suncti
1275 2069 1302 2114 et
1316 2060 1364 2113 im·

578 2155 700 2209 nmenlnti
717 2154 796 2209 lurtrrri
819 2171 934 2222 cramus,
954 2171 987 2209 arr
1007 2161 1036 2209 ut
1054 2168 1183 2209 essemus.
1205 2150 1363 2217 Benedictus,

578 2243 673 2313 irnprit,
691 2246 758 2299 Deris
772 2257 796 2301 et
812 2247 889 2301 Pater
905 2246 1006 2300 Destrini
1025 2246 1104 2298 nostri
1124 2243 1186 2297 dent
1202 2241 1304 2306 Christi,
1323 2243 1366 2308 qni

578 2350 624 2387 tros
635 2336 756 2388 lernedieit
766 2338 790 2389 in
804 2338 871 2389 ιιιιιιιιΙ
884 2335 1052 2390 bencdictione
1061 2332 1219 2404 spiritualiin
1227 2331 1364 2385 celestibus

578 2423 604 2476 in
614 2424 711 2479 Clnisto
725 2428 806 2479 :sieut
814 2427 887 2496 eicqit
897 2443 942 2480 nos
950 2428 975 2479 in
986 2427 1040 2496 ipso
1050 2435 1107 2478 ante
1115 2423 1366 2477 mrrndieaastitutio·

579 2529 645 2579 rserrt,
660 2525 686 2567 ιιι
699 2532 806 2569 mersurus
815 2518 895 2569 sancti
904 2526 927 2569 et
939 2515 1102 2568 immaculati.
1113 2513 1170 2568 Non
1185 2528 1249 2583 ergo
1257 2514 1318 2582 qnia
1329 2511 1366 2566 iu·

580 2602 630 2655 turi
644 2620 759 2668 crannus,
768 2606 814 2659 secl
824 2616 850 2658 ut
859 2622 976 2659 essemus.
988 2604 1087 2673 Nempe
1095 2612 1195 2659 eertum
1207 2612 1257 2668 est,
1270 2616 1365 2670 nempe

579 2696 746 2747 manufestum
761 2707 802 2749 est
813 2713 819 2747 ε
832 2696 890 2750 idco
902 2697 997 2765 quippe
1010 2696 1188 2750 taleseramns
1203 2694 1293 2755 luturi,
1304 2694 1364 2763 quia

578 2783 656 2853 elegit
670 2786 734 2852 ipse.
752 2786 940 2853 prndestianns
955 2794 983 2839 ut
998 2785 1062 2840 tales
1073 2800 1119 2852 per
1131 2783 1242 2854 qratiam
1256 2782 1313 2851 ejus
1322 2796 1366 2837 es·

579 2888 677 2927 scmus.
695 2875 730 2929 lta
746 2892 808 2946 crgo
823 2894 867 2930 nos
889 2878 1011 2931 benedictii
1026 2877 1193 2930 benedictione
1204 2873 1330 2944 spirituaii
1339 2873 1366 2927 irs

579 2965 718 3020 coelestibus
728 2968 753 3021 in
768 2967 953 3033 christodorus,
968 2969 1033 3021 sicud
1046 2966 1120 3036 dena
1138 2982 1184 3019 nos
1202 2965 1295 3034 inipso
1307 2972 1366 3016 ιιιιιι

580 3055 668 3106 usundi
682 3055 893 3118 coristitntioaem,
918 3064 944 3107 ut
962 3071 1071 3110 essemus
1083 3054 1163 3106 sancti
1178 3061 1200 3106 et
1212 3051 1366 3104 immaculati

579 3143 606 3196 in
621 3156 752 3213 cortspeetu
768 3147 831 3213 ejus,
850 3147 876 3198 ia
889 3145 1010 3198 charitate
1020 3144 1199 3213 predestiaans
1214 3157 1259 3196 nos
1276 3142 1302 3195 ia
1319 3142 1366 3194 ad·

583 3232 710 3297 optionem
724 3233 834 3300 filiorum
848 3249 892 3302 per
902 3229 1123 3287 desumCltristum
1131 3232 1156 3283 in
1164 3232 1256 3300 ipsunt.
1267 3229 1366 3285 Deinde

580 3318 641 3387 quid
653 3320 789 3388 adjungat,
804 3321 951 3376 atteudite:
971 3319 1104 3374 mcundum
1120 3320 1250 3389 placitum,
1271 3319 1365 3389 inquit,

581 3411 717 3464 soluentem
728 3428 796 3476 sure:
808 3427 840 3465 ne
854 3411 879 3465 in
894 3421 966 3465 tanto
978 3409 1106 3465 berreilcio
1118 3410 1209 3479 gratie
1224 3408 1257 3463 de
1271 3409 1366 3478 placito

579 3500 776 3568 gloriaremur’
794 3501 936 3556 vrrluutntis
960 3508 1066 3555 nostres.
1089 3498 1195 3569 ln-qun
1216 3499 1367 3571 qratificnsit

579 3603 637 3653 nos,
650 3588 743 3657 inquit,
757 3589 783 3643 in
797 3590 886 3644 dilecta
900 3588 968 3642 Filio
981 3606 1027 3643 suo
1040 3604 1049 3642 :
1063 3589 1089 3642 in
1103 3603 1153 3657 qua
1167 3587 1257 3656 utique
1270 3588 1365 3643 viilun-

564 3689 633 3734 =tnto
645 3697 690 3734 sna
705 3681 864 3750 gratificavit
876 3696 934 3737 nas.
948 3681 992 3737 sio
1009 3681 1106 3735 dictum
1120 3689 1162 3735 est
1181 3679 1337 3750 gratificavit
1351 3695 1366 3734 a

578 3771 673 3838 gratia,
691 3771 759 3824 sicut
771 3769 926 3840 justitlcavit
945 3771 1068 3826 dicituro
1085 3770 1196 3840 iustitia.
1213 3769 1304 3838 laquo
1318 3771 1366 3823 ltu-

579 3858 674 3922 r'temus,
690 3861 784 3929 iuquit,
797 3863 988 3930 redemptionem
1002 3878 1046 3929 per
1056 3862 1204 3930 sanquinem
1217 3862 1307 3928 ipsius,
1327 3878 1368 3914 re·

579 3949 721 4002 missionem
740 3958 898 4019 peccatorum
918 3949 1056 4002 seeundum
1070 3950 1169 4002 diuitias
1191 3952 1280 4019 qratiae
1300 3952 1366 4020 ejus,

581 4055 637 4109 quse
652 4039 787 4093 adundant
796 4040 824 4094 ln
837 4055 883 4093 nos
894 4041 922 4092 ia
934 4040 1002 4093 oanni
1013 4041 1137 4108 snpientia
1151 4050 1174 4094 et
1186 4042 1368 4111 prudentiore

580 4133 719 4184 ostenderet
741 4132 810 4186 nobis
834 4132 978 4202 mysterium
998 4132 1134 4186 uoluntatis
1152 4149 1215 4199 suoe,
1230 4136 1367 4189 secundum

580 4219 670 4273 όοιιιιιιι
683 4221 834 4275 ιοιιιιιιιιιιιιι
849 4237 931 4274 snam.
950 4219 978 4275 ln
1005 4222 1055 4277 lroo
1075 4223 1203 4292 mysterio
1226 4225 1367 4279 voluntatis

580 4325 635 4363 stin
648 4311 734 4378 posuit
748 4311 851 4365 diritius
865 4312 1034 4381 gratiosus,
1048 4313 1193 4367 seeundum
1215 4314 1310 4368 borram
1322 4330 1368 4368 ro·

580 4401 706 4457 lnnmtem
722 4417 807 4467 suum,
828 4417 880 4457 noa
902 4403 1046 4458 seeundum
1062 4414 1178 4458 nostram
1200 4419 1279 4474 :quae
1298 4405 1366 4460 bona

579 4505 638 4545 esse
658 4508 709 4544 nnn
725 4500 823 4561 posset,
839 4492 887 4545 nisi
906 4493 962 4561 ipse
976 4492 1121 4546 secundnm
1135 4493 1230 4547 lionam
1246 4495 1368 4548 uolunta-

581 4591 633 4636 tem
646 4597 731 4647 snam,
746 4592 772 4636 nt
787 4583 854 4637 bona
868 4581 952 4648 dcrct,
968 4583 1130 4637 surbrenirct.
1144 4584 1208 4636 Cum
1224 4593 1311 4640 nutem
1324 4585 1366 4639 di·

581 4676 671 4740 xisset,
693 4676 836 4730 Secundum
852 4676 942 4729 bonnm
960 4677 1110 4729 uoluntatem
1130 4693 1221 4739 suam:
1243 4677 1365 4745 subjecit,

582 4782 654 4835 qnam
667 4766 794 4835 proposuit
809 4767 834 4817 in
849 4766 903 4829 ilio,
920 4765 944 4819 id
960 4773 1010 4829 cst,
1027 4764 1052 4818 in
1068 4764 1165 4820 diiecto
1185 4765 1251 4819 Filio
1265 4780 1323 4828 suo,
1339 4768 1366 4819 in

582 4858 765 4927 dispensatione
788 4854 950 4925 plenitudinis
968 4865 1108 4926 temporum
1126 4856 1268 4909 instaurare
1281 4857 1367 4928 arsitrio

578 4945 605 4999 ia
618 4945 725 5008 Cirristo,
738 4960 794 5015 que
804 4946 830 4998 in
841 4944 908 4998 coelis
920 4954 987 5010 sunt,
999 4954 1020 4997 et
1032 4959 1089 5013 que
1098 4945 1124 4997 in
1137 4945 1208 4997 terris
1218 4945 1243 4997 ia
1255 4945 1327 5015 ipso:
1340 4945 1366 4998 in

578 5052 628 5104 quo
645 5036 719 5089 etium
733 5045 755 5088 ιι
769 5045 861 5088 sortem
876 5036 1001 5089 consecuti
1016 5051 1115 5101 stratus,
1132 5036 1303 5105 predestinati
1324 5053 1365 5090 se-

578 5127 686 5179 cuadrmr
706 5126 878 5194 propositum,
898 5127 941 5195 qui
959 5128 1074 5179 uniuerso
1093 5138 1209 5194 operatur
1230 5129 1366 5182 secundum

577 5216 709 5272 consilinm
722 5216 854 5269 aolrrntatis
865 5232 927 5281 snoe,
935 5226 960 5268 nt
968 5217 1046 5270 simus
1056 5217 1081 5268 in
1093 5216 1192 5271 laudern
1202 5217 1290 5287 plorioe
1300 5219 1364 5286 ejus.

613 5309 657 5364 37.
671 5308 753 5362 Nimis
766 5309 870 5378 longum
879 5316 919 5361 est
930 5306 963 5361 de
974 5308 1082 5376 singulis
1094 5308 1238 5376 disputare.
1252 5310 1366 5365 fomitis

577 5408 664 5454 sutem
686 5399 774 5468 puroettl
796 5399 884 5462 dultia,
905 5398 1012 5452 contritis
1034 5406 1130 5467 quinutu
1155 5398 1365 5454 manifestatione

576 5492 716 5562 apostolici
731 5492 827 5562 eloquii
843 5490 998 5545 defendatur
1011 5490 1067 5543 lraec
1081 5490 1363 5560 proclamationum

577 5581 670 5635 merita
693 5581 856 5636 extolluntur
874 5580 999 5643 hnmana,
1023 5588 1147 5647 tantinum
1169 5579 1248 5632 licimo
1267 5579 1364 5648 aliquid

577 5673 650 5742 prior
664 5672 719 5737 dot,
736 5679 765 5725 ut
778 5670 939 5725 retribuatur
952 5670 987 5723 ci.
1009 5669 1095 5741 Elegit
1109 5685 1172 5741 erqo
1194 5687 1241 5724 rrrrs
1256 5671 1324 5725 Deus
1338 5672 1364 5726 in

575 5762 680 5818 Clrristo
691 5770 753 5817 astte
765 5761 854 5815 intrudi
869 5760 1093 5826 earrstitutionem,
1111 5759 1303 5829 praedestinans
1316 5775 1365 5815 nas

576 5853 602 5906 in
617 5853 785 5922 adoptionem
809 5851 942 5907 illiorum:
959 5865 1012 5906 noa
1032 5852 1091 5920 quia
1113 5865 1160 5919 pcr
1179 5865 1227 5905 nas
1241 5851 1324 5904 saneti
1337 5859 1365 5906 et

608 6071 617 6104 ¹
629 6071 696 6130 edlu,
704 6071 746 6134 qni
755 6075 904 6134 requeratur.
915 6070 992 6120 nostri
1003 6076 1164 6128 emansisse,
1176 6067 1229 6131 qais
1240 6064 1364 6129 reqrrirat?

578 6140 643 6194 puts,
655 6136 722 6192 qumi
734 6134 822 6183 cluilius
830 6140 855 6184 et
866 6135 982 6182 incertius.

608 6195 617 6224 ¹
629 6191 696 6261 bitti,
706 6193 792 6262 predict
806 6193 856 6252 nei,
869 6192 957 6256 pituita
968 6191 1135 6257 ptenarium.
1157 6190 1317 6240 ιἰιιιιιιιιιιιιιιιι
1329 6201 1361 6238 es

577 6263 752 6314 minusculam

1118 832 1130 851 “
1197 853 1226 909 s.
1247 848 1429 908 auousrtu
1449 846 1595 905 nasoon

2153 855 2203 912 iii

1418 968 1578 1022 immaculati
1592 965 1671 1021 tacut
1685 981 1801 1033 eramus,
1812 966 1858 1022 sed
1868 968 1946 1038 elegit
1956 968 2204 1041 predestinacione

1415 1066 1445 1112 ut
1457 1072 1587 1113 essemus.
1604 1056 1678 1112 Fecit
1690 1068 1777 1111 autem
1792 1056 1842 1113 ltoo
1857 1059 1999 1113 sentimum
2013 1061 2144 1130 placitum
2156 1076 2201 1113 ra·

1416 1145 1525 1203 luntatis
1538 1162 1604 1210 suro,
1619 1157 1647 1201 ut
1660 1146 1783 1202 nemode
1803 1161 1861 1211 sua,
1885 1146 1933 1202 sed
1954 1147 1988 1202 de
2007 1148 2077 1203 illius
2097 1165 2163 1215 erga
2178 1164 2202 1203 sc

1415 1236 1550 1292 vuluntate
1562 1237 1690 1307 glorietur
1704 1254 1711 1292 ε
1725 1234 1786 1291 iecit
1801 1235 1852 1292 hoo
1862 1237 2009 1293 seeundum
2025 1238 2131 1292 diuitias
2147 1254 2191 1308 gra

1418 1327 1461 1381 tine
1481 1340 1545 1390 sua,
1567 1328 1711 1382 secundum
1732 1328 1829 1382 bonam
1848 1328 2008 1381 uoluntatem
2025 1342 2203 1398 enumquam

1417 1418 1553 1490 proposuit
1566 1420 1592 1473 in
1603 1420 1700 1475 dilecto
1711 1419 1779 1475 Filio
1789 1435 1848 1485 sun,
1863 1419 1888 1474 in
1898 1430 2059 1489 quosortem
2070 1423 2202 1475 eorisecuti

1417 1521 1519 1574 sunaus,
1540 1510 1717 1580 predestinati
1732 1510 1877 1565 secundum
1892 1512 2067 1581 propositum,
2092 1525 2146 1564 noa
2159 1525 2203 1564 no·

1417 1609 1510 1662 strum,
1532 1600 1579 1654 scd
1603 1600 1670 1669 ejus,
1689 1600 1735 1671 qui
1756 1601 1878 1655 anniversa
1892 1610 2026 1670 operatur,
2041 1614 2129 1670 usqum
2142 1599 2203 1653 adea

1417 1697 1447 1743 ut
1465 1689 1522 1759 ipse
1542 1692 1569 1744 ln
1586 1691 1662 1745 nobis
1682 1700 1807 1758 operetur
1825 1700 1852 1745 et
1870 1691 1936 1745 velle
1950 1690 2081 1762 (Parttpp.
2097 1704 2134 1756 ιι,
2150 1690 2202 1756 li).

1417 1779 1548 1848 Operatur
1561 1791 1649 1835 autem
1668 1779 1813 1835 secundum
1832 1781 1970 1834 consilium
1983 1780 2129 1835 uoluntatis
2140 1795 2203 1838 sun.

1417 1878 1445 1922 ut
1456 1870 1539 1923 simus
1551 1870 1577 1925 in
1588 1868 1692 1923 landem
1706 1870 1797 1939 glorie
1810 1868 1877 1939 ejus.
1892 1869 1958 1924 ilinc
1973 1878 2014 1923 est
2027 1868 2099 1939 quad
2112 1870 2210 1923 chara·

1417 1976 1487 2023 mus,
1504 1970 1531 2014 ut
1556 1978 1628 2014 nense
1648 1962 1768 2031 olorietur
1785 1963 1813 2016 irs
1833 1961 1933 2015 bonnm
1945 1960 1967 2029 (l
1980 1960 2039 2015 Gar.
2056 1960 2205 2031 rumiliac

1416 2065 1466 2119 per
1478 2050 1528 2104 lrao
1544 2066 1593 2104 nec
1606 2051 1632 2105 in
1649 2066 1678 2106 se
1693 2051 1766 2121 ipso:
1782 2049 1829 2105 sed
1841 2050 1886 2120 qui
1897 2050 2031 2121 ploriatur,
2053 2052 2080 2105 in
2099 2050 2203 2105 Donusa

1417 2141 1536 2211 piorietur
1546 2140 1600 2209 (ld.
1615 2157 1634 2205 ι,
1649 2141 1705 2207 at),
1718 2131 1746 2195 ¹ut
1759 2142 1842 2195 simus
1862 2141 1888 2195 in
1910 2140 2016 2195 latidum
2031 2140 2125 2210 gloriae
2138 2142 2203 2208 eins.

1417 2231 1475 2300 lpse
1488 2233 1584 2301 quiippe
1597 2239 1722 2301 operatur
1740 2231 1884 2286 seeundum
1899 2232 2062 2301 propositum
2076 2247 2166 2295 suunt,
2179 2240 2206 2286 ut

1416 2323 1499 2376 sirnns
1514 2322 1539 2375 in
1555 2322 1657 2376 laudem
1671 2322 1760 2392 glorie
1774 2320 1841 2391 ejas,
1854 2321 1944 2391 utique
1957 2320 2042 2375 sancti
2064 2329 2093 2375 et
2115 2321 2204 2376 imma·

1416 2412 1507 2475 colati,
1522 2421 1630 2482 propter
1651 2411 1722 2482 quod
1746 2426 1794 2467 nas
1807 2413 1921 2479 vocavit,
1938 2412 2133 2482 praedestinans
2144 2425 2204 2467 ante
2248 2414 2252 2429 ¹

1416 2503 1507 2557 mucidi
1522 2502 1747 2557 constitutionem.
1766 2501 1806 2557 Es
1826 2501 1876 2557 ltoo
1891 2503 2026 2571 proposito
2039 2502 2099 2571 ejus
2109 2510 2151 2556 est
2162 2502 2203 2556 illa

1417 2594 1561 2649 electurum
1580 2594 1685 2663 propria
1705 2594 1817 2657 sonatio,
1834 2592 1929 2665 quibus
1943 2593 2032 2647 omnia
2047 2601 2204 2662 cooperatur

1417 2683 1443 2738 in
1465 2685 1562 2738 unarum
1575 2702 1581 2737 :
1596 2684 1657 2752 qnia
1680 2684 1825 2740 secundum
1846 2686 2011 2754 propositam
2036 2686 2124 2754 uocati
2145 2694 2205 2740 sunit

1417 2772 1506 2841 (Rom.
1520 2788 1577 2839 urst,
1592 2772 1650 2842 ιιι),
1666 2782 1692 2830 et
1712 2773 1770 2829 sine
1788 2774 1943 2843 penitentis
1961 2782 2025 2829 sunt
2037 2773 2110 2828 duna
2122 2784 2150 2829 et
2161 2790 2205 2829 ro-

1418 2865 1488 2920 catto
1502 2864 1559 2919 act.

1453 2975 1565 3032 catur
1572 2976 1681 3032 xtu-
1690 2976 1734 3033 38.
1749 2977 1802 3033 Sed
1817 2978 1844 3032 lri
1858 2978 1952 3041 nostri,
1968 2978 2003 3033 de
2017 2979 2147 3047 qnihuset
2159 2995 2206 3048 pro

1417 3068 1511 3137 quilius
1523 3083 1593 3123 ιιιιιιι
1606 3069 1716 3138 agimus,
1735 3068 1844 3124 forsitan
1860 3070 1961 3134 dicunt,
1978 3070 2135 3139 Pelagianos
2157 3071 2206 3127 hoe

1417 3158 1562 3228 apostolico
1577 3161 1728 3215 testimonio
1747 3159 1865 3226 rclrrmri,
1882 3160 1926 3214 nbi
1939 3160 2004 3215 dicit
2017 3160 2076 3215 ideo
2090 3176 2140 3215 aas
2153 3163 2206 3217 ele

1417 3258 1475 3303 etos
1488 3249 1515 3303 in
1528 3247 1635 3303 Cirristo
1657 3258 1683 3303 et
1703 3249 1904 3319 praedestinatos
1917 3260 1980 3305 ante
1994 3248 2087 3303 mandi
2105 3252 2206 3304 consti·

1418 3340 1557 3404 tutionem,
1574 3348 1603 3393 nt
1614 3353 1734 3393 essemus
1746 3339 1829 3393 sancti
1843 3346 1870 3393 et
1882 3337 2045 3393 immaculati
2056 3338 2082 3392 in
2093 3353 2207 3408 correpe-

1418 3438 1462 3484 etu
1476 3428 1534 3496 cius
1555 3430 1581 3484 in
1602 3429 1741 3484 citaritate.
1763 3428 1813 3499 lpsi
1837 3430 1908 3483 enim
1935 3437 2040 3501 putam,
2067 3432 2206 3499 susceptis

1418 3523 1557 3592 preceptis
1577 3520 1631 3592 jam
1655 3538 1703 3592 per
1718 3523 1855 3591 nosipsos
1877 3520 1934 3576 lleri
1954 3522 2045 3576 liberte
2063 3521 2206 3576 vultanus

1417 3612 1527 3666 arbitria
1540 3621 1647 3667 sanctos
1664 3621 1691 3668 et
1708 3614 1900 3678 immaculatos,
1914 3612 1940 3668 in
1953 3624 2099 3682 conspectu
2110 3613 2170 3684 ejus
2180 3614 2205 3668 in

1418 3704 1566 3758 eltaritate:
1582 3704 1652 3774 quod
1672 3704 1787 3758 latinum
1809 3705 1879 3759 llens
1896 3706 2021 3775 qnoniam
2038 3707 2204 3774 praescirit,s

1418 3792 1551 3863 inquiunt,
1564 3813 1574 3845 ι
1588 3794 1648 3848 ideo
1659 3809 1709 3848 nos
1720 3802 1783 3848 anto
1796 3794 1886 3849 muudi
1898 3795 2116 3851 wrutitutiouers
2126 3798 2207 3867 elegit

1418 3892 1446 3938 et
1464 3884 1660 3954 predestinavit
1675 3885 1701 3938 ia
1713 3883 1830 3939 Christo.
1845 3903 1855 3936 ι
1869 3882 1935 3940 Cum
1957 3885 2029 3938 meas
2054 3887 2205 3956 Apostrslss,

1418 3973 1475 4028 Non
1490 3975 1550 4044 quin
1564 3973 1665 4028 luituros
1681 3974 1747 4029 tales
1766 3988 1814 4028 nos
1831 3989 1891 4030 esse
1903 3973 2045 4044 prescivit,
2061 3975 2107 4029 sed
2122 3984 2149 4028 ut
2160 3991 2204 4030 es·

1418 4078 1508 4119 secans
1528 4066 1593 4119 tales
1611 4080 1659 4134 per
1679 4064 1761 4133 ipsam
1784 4064 1941 4119 electionem
1960 4063 2053 4135 gratie
2072 4078 2138 4130 sna,
2155 4081 2205 4134 qus

1418 4155 1573 4224 gmtilicauit
1588 4170 1636 4210 nos
1652 4154 1788 4209 indilccto
1810 4153 1879 4209 Filia
1902 4168 1960 4209 suo.
1985 4153 2054 4209 Cum
2077 4171 2206 4225 organas

1418 4244 1623 4315 predestinavit,
1638 4259 1704 4312 opus
1717 4259 1793 4301 sunm
1807 4245 1948 4314 prescivit,
1963 4260 2016 4314 quo
2031 4261 2080 4300 uos
2098 4258 2204 4301 sanctos

1419 4345 1445 4389 et
1456 4319 1638 4389 immaculatos
1647 4334 1719 4389 lacit.
1735 4333 1812 4391 Unde
1823 4346 1896 4391 recte
1907 4337 1957 4390 lroc
1972 4336 2126 4390 testimonio
2136 4336 2206 4390 Pela·

1418 4425 1512 4495 ginnas
1521 4440 1596 4479 curm
1610 4425 1740 4494 argiritur.
1758 4444 1768 4477 ι
1782 4425 1835 4480 Nus
1848 4435 1935 4480 autem
1955 4424 2079 4492 dicimus,
2096 4446 2106 4479 ι
2122 4427 2207 4496 inqui·

1419 4525 1475 4579 unt,
1494 4533 1504 4567 ι
1522 4526 1638 4569 nastrum
1659 4517 1742 4570 Deum
1766 4532 1819 4569 nnn
1834 4515 1973 4585 proscisso
1987 4517 2038 4570 nisi
2053 4517 2143 4579 idem,
2157 4534 2206 4587 qna

1418 4606 1528 4662 eredere
1543 4607 1692 4675 incipimus,
1711 4615 1738 4659 ct
1761 4605 1821 4660 idco
1835 4622 1883 4661 nos
1901 4607 2014 4678 elegisse
2034 4617 2096 4662 ante
2117 4609 2206 4662 incundi

1419 4696 1645 4757 constitutionem,
1661 4710 1693 4750 ao
1708 4695 1920 4763 predestinnssc.
1944 4705 1973 4750 ut
1986 4698 2066 4751 etiam
2082 4701 2166 4752 uncti
2180 4708 2207 4752 et

1419 4787 1580 4841 immaculati
1599 4788 1682 4856 qratia
1702 4796 1781 4856 atquo
1803 4802 1883 4856 opime
1904 4788 1962 4854 ejus
1982 4803 2112 4842 essemus.
2129 4809 2139 4842 ι
2155 4789 2205 4844 Sed

1418 4879 1526 4933 andiunt
1547 4886 1573 4932 et
1599 4878 1648 4946 ipsi
1671 4878 1696 4930 in
1714 4876 1764 4931 lme
1784 4877 1944 4942 testimonio,
1960 4878 2002 4932 ubi
2018 4878 2091 4945 dicit,
2108 4879 2205 4934 Sortem

1418 4969 1543 5022 corrsecuti
1552 4983 1647 5032 sumus,
1658 4966 1827 5037 predestinati
1839 4967 1974 5021 secumdum
1986 4969 2154 5036 propositum.
2164 4970 2206 5036 qui

1418 5061 1534 5112 uniuerso
1549 5068 1677 5125 operatur.
1699 5055 1757 5125 lpse
1781 5071 1845 5126 ergo
1867 5065 1894 5111 ut
1917 5057 2027 5112 credere
2052 5058 2205 5126 incipiamus

1418 5158 1555 5218 operatur,
1569 5149 1613 5218 qui
1627 5149 1750 5204 uniuersa
1765 5159 1899 5216 operatur.
1925 5145 2097 5202 Vciearionem
2111 5149 2206 5217 qnippe

1418 5242 1490 5296 illum
1510 5241 1544 5294 de
1565 5255 1616 5309 qua
1633 5240 1733 5295 dictum
1751 5247 1803 5305 ost,
1829 5237 1892 5293 Sino
1914 5240 2058 5306 poenitentia
2070 5242 2137 5294 ernas
2149 5250 2204 5294 suns

1418 5335 1484 5387 dono
1498 5343 1521 5386 et
1538 5334 1632 5387 roratio
1651 5331 1697 5384 aa·
1708 5330 1794 5402 (lions.
1815 5346 1853 5397 st,
1871 5329 1933 5400 29);
1955 5341 1982 5384 et
1995 5329 2030 5384 de
2043 5346 2093 5400 qua
2107 5331 2205 5385 dictum

1418 5432 1469 5490 est,
1486 5421 1544 5476 Non
1558 5422 1726 5491 exoperibus,
1740 5422 1784 5476 scd
1797 5437 1829 5475 es
1840 5429 1943 5476 rorante
1953 5419 2010 5491 (ld.
2022 5437 2059 5486 rx,
2077 5421 2135 5487 lim
2146 5438 2205 5474 curn

1417 5524 1508 5586 posset
1522 5512 1619 5578 dicere,
1633 5511 1685 5568 Scd
1700 5527 1732 5566 ex
1749 5514 1893 5566 credente:
1909 5521 1935 5564 ct
1956 5512 2113 5565 electionem
2127 5526 2205 5579 quara

1416 5604 1573 5675 signilieauit
1588 5603 1724 5666 Dorrriaus,
1737 5601 1837 5665 dicens,
1853 5599 1913 5654 Non
1925 5616 1970 5654 sos
1983 5617 2023 5653 nse
2032 5601 2150 5669 depictis.
2163 5601 2207 5653 scd

1417 5713 1462 5768 epo
1473 5693 1588 5764 ooscieqi
1602 5691 1691 5762 (iona.
1707 5704 1752 5758 rr,
1767 5691 1827 5761 l6);
1844 5706 1892 5745 neo
1908 5692 1973 5744 lidos
1993 5692 2049 5759 ipsa
2070 5690 2205 5757 precedit.

1417 5786 1474 5841 Nun
1488 5787 1558 5840 enim
1584 5783 1644 5852 quia
1663 5781 1834 5847 credidimus,
1857 5780 1904 5835 scd
1928 5789 1956 5834 ut
1975 5780 2116 5835 credamus
2128 5781 2207 5848 clegit

1418 5891 1467 5931 nos
1483 5892 1489 5925 ε
1505 5888 1537 5929 ne
1551 5873 1722 5942 prioreseum
1735 5871 1846 5940 elogisse
1857 5869 1987 5931 diosmnr,
1999 5867 2150 5937 falsumque
2159 5868 2204 5930 sit,

1417 5965 1486 6035 qnod
1497 5965 1574 6026 absit,
1586 5962 1646 6018 lion
1660 5978 1703 6018 tros
1712 5978 1751 6016 me
1763 5961 1880 6032 elepistis,
1895 5960 1939 6014 sed
1952 5976 1996 6029 eqo
2011 5974 2053 6029 σοι
2065 5959 2138 6030 alepi.
2151 5958 2206 6013 Nee

1417 6058 1477 6126 quin
1492 6055 1661 6117 credidimus,
1675 6051 1721 6107 scd
1732 6062 1759 6105 ut
1768 6049 1907 6106 credamus
1917 6064 2043 6103 seersum
2054 6065 2060 6099 ε
2071 6059 2153 6117 atque
2164 6049 2206 6103 illa

1417 6149 1566 6211 secatione,
1583 6162 1640 6216 qum
1652 6147 1709 6199 sinc
1721 6143 1935 6213 poeaitontiaest,
1952 6141 1977 6197 id
1996 6156 2106 6211 prorsus
2119 6143 2205 6212 agian

1420 6251 1446 6296 et
1461 6240 1602 6311 peragitur,
1617 6247 1644 6290 nt
1658 6236 1806 6291 credamus.
1817 6231 1872 6290 Nec
1883 6233 1971 6288 omnia
1982 6233 2134 6304 rumimunt
2142 6243 2205 6289 suat
