5592 7350
572 881 626 961 „a
1241 881 1340 943 urban
1360 877 1531 943 ounnrus.
2054 837 2059 847 ⁹
2154 888 2211 951 rsa·

569 1015 616 1071 lud
630 1022 658 1069 et
670 1004 836 1067 immutabile
853 989 968 1072 bonum,
987 1002 1013 1059 in
1028 1003 1104 1076 cujus
1119 1011 1317 1074 conspiratione
1333 1013 1363 1055 se
1420 1005 1555 1066 peecatum
1570 1004 1610 1052 cst
1626 1015 1633 1053 :
1651 997 1698 1054 sni
1711 998 1743 1054 de
1757 1000 1801 1054 tali
1817 1016 1898 1072 opera
1914 1016 1966 1059 nun
1980 1005 2007 1060 in
2023 1003 2133 1062 bernoino
2147 1010 2207 1079 qm.

573 1112 699 1178 spcrnat,
721 1101 826 1171 sibique
846 1097 916 1153 illius
938 1095 1068 1153 charitate
1090 1095 1212 1161 vilescat,
1236 1100 1363 1162 tantoque
1418 1087 1491 1154 riari,
1508 1088 1580 1143 solns
1594 1089 1691 1160 impius
1708 1101 1787 1162 tropat
1801 1107 1860 1149 esse
1873 1103 2020 1164 peccabam.
2034 1095 2110 1164 Quod
2126 1108 2155 1153 nt
2168 1100 2210 1154 in.

571 1196 667 1268 spiritu
678 1192 737 1264 ejus
750 1189 901 1261 impleatur,
912 1195 942 1242 ut
951 1185 978 1243 id
989 1186 1039 1243 sibi
1052 1201 1105 1241 non
1119 1185 1222 1240 ratione
1236 1181 1303 1244 sola,
1315 1178 1363 1235 sed
1417 1182 1540 1253 telligas,
1556 1186 1676 1253 quamvis
1694 1185 1748 1255 janr
1771 1187 1836 1243 satis
1856 1188 2012 1246 indoluerit
2028 1192 2208 1265 disputatum,

571 1295 674 1344 aeterno
685 1296 792 1356 quoque
805 1294 897 1335 amore
911 1285 1063 1353 praeponatq
1079 1276 1189 1333 multum
1208 1284 1250 1329 est
1269 1272 1363 1342 dispu·
1418 1281 1507 1329 tamen
1521 1275 1583 1345 quia
1605 1291 1700 1347 taragna
1714 1292 1758 1333 res
1769 1288 1821 1346 est,
1834 1280 1921 1337 adtruc
1932 1284 2067 1355 paulisper
2079 1287 2209 1344 ausculta.

572 1375 655 1433 tando
669 1374 739 1431 velle
755 1380 915 1428 monstrare.
937 1368 1011 1440 Sapit
1024 1368 1081 1423 haec
1094 1367 1138 1438 qni
1158 1364 1282 1436 fatigatus
1294 1361 1365 1418 inme
1418 1362 1489 1419 Ecce
1498 1364 1591 1421 eadem
1601 1380 1783 1425 commemoro
1794 1385 1853 1440 que
1867 1372 1923 1442 ipse
1933 1375 2058 1445 posuisti.
2072 1393 2082 1428 r
2099 1375 2127 1431 Si
2141 1391 2208 1447 gon·

572 1465 717 1524 revertitur
730 1462 763 1519 ad
777 1461 959 1532 semetipsum,
975 1466 1003 1515 et
1016 1457 1091 1524 dicit,
1106 1456 1230 1528 sarpam,
1243 1463 1266 1510 et
1278 1453 1319 1509 abo
1330 1452 1365 1507 nd
1419 1456 1472 1511 tilis
1490 1475 1500 1509 ι
1521 1459 1564 1528 qui
1588 1473 1641 1514 non
1657 1459 1723 1515 ririt
1747 1475 1780 1516 ex
1802 1459 1872 1529 lide,
1890 1481 1900 1515 ι
1928 1464 2027 1520 ιιιιιιιιιιι
2051 1466 2208 1536 operuerit,

574 1567 671 1628 petrem
683 1569 766 1609 meum
779 1551 856 1624 (dne.
868 1567 914 1618 xv,
931 1547 985 1623 tu).
999 1548 1077 1605 Unde
1088 1547 1177 1618 itaque
1190 1546 1307 1613 seimus,
1329 1558 1365 1600 ns
1418 1548 1610 1618 periclitantem
1634 1550 1795 1618 liberaverit,
1809 1553 1872 1624 aegri
1887 1555 1996 1610 vulnera
2016 1554 2123 1625 lorerit,
2139 1557 2209 1612 diri·

573 1646 642 1703 lorte
654 1645 716 1717 qnia
729 1644 779 1699 boc
792 1641 924 1713 superbie
936 1640 1034 1695 malum
1052 1646 1115 1693 tunc
1130 1638 1246 1693 animum
1261 1643 1365 1692 tentare
1419 1640 1468 1694 tias
1488 1639 1608 1695 honesta
1626 1640 1750 1697 amicitiae
1772 1644 1950 1712 impenderit,
1970 1646 2004 1701 ad
2028 1649 2208 1703 testimoninm

573 1753 627 1793 non
640 1734 755 1807 poterit,
769 1741 796 1789 et
808 1740 901 1787 contra
913 1729 983 1801 quod
1003 1729 1171 1785 decertemus
1183 1728 1292 1784 omnino
1307 1725 1367 1780 nul·
1420 1726 1514 1784 salsum
1525 1744 1575 1785 nec
1586 1732 1726 1786 tormentis
1738 1734 1853 1802 potuerit
1862 1733 1981 1805 impelli;
1993 1754 2003 1788 r
2016 1752 2107 1808 quaro
2115 1739 2163 1794 abs
2171 1749 2208 1804 te,

574 1827 630 1883 lum
649 1826 700 1881 erit
712 1826 733 1893 ¹,
748 1821 854 1895 quando
873 1830 946 1877 tanta
965 1820 1104 1876 satiabitur
1122 1819 1241 1887 risione,
1257 1824 1365 1873 ettanta
1418 1828 1507 1875 utrum
1522 1820 1580 1876 haec
1589 1836 1669 1891 opera
1685 1823 1754 1878 bona
1769 1822 1943 1890 benefaciat,
1957 1828 2082 1883 aemule.
2096 1829 2123 1885 Si
2137 1830 2209 1886 enim

574 1914 782 1973 inflammabitur
801 1912 931 1968 cbaritnte
953 1910 1098 1980 superioris
1124 1908 1203 1976 boni,
1227 1915 1256 1962 ut
1282 1906 1316 1961 ad
1336 1921 1366 1961 se
1417 1910 1718 1981 quamrisbona,ma1e
1737 1921 1827 1969 umora
1846 1913 1926 1981 lacit3
1942 1933 2039 1988 negare
2060 1934 2113 1974 non
2132 1933 2209 1990 pntcs

574 2008 662 2078 ipsum
683 2005 734 2062 sibi
754 2003 899 2077 placendo,
921 2001 1036 2058 deiicere
1057 2000 1090 2055 ab
1110 2000 1180 2055 illius
1200 1998 1365 2055 dilectiona¹
1418 2013 1479 2056 eum
1492 2015 1614 2071 peccare,
1627 2003 1672 2073 qui
1691 2004 1760 2059 male
1772 2005 1909 2075 quodlibet
1923 2006 1993 2062 iacit.
2007 2008 2059 2065 Sed
2074 2011 2135 2080 quia
2147 2026 2210 2067 euru

575 2113 628 2154 non
642 2095 725 2168 possit
738 2112 745 2161 ;
760 2094 821 2150 ideo
832 2093 928 2148 laetum
940 2100 980 2148 est
992 2091 1018 2146 in
1031 2089 1090 2147 toco
1105 2089 1264 2145 inlirmitatis
1277 2088 1366 2158 buius,
1419 2106 1472 2146 non
1487 2094 1544 2161 vis,
1559 2108 1619 2149 oum
1640 2093 1701 2151 iacit
1720 2095 1790 2163 ista,
1805 2113 1933 2168 peccare;
1949 2102 2068 2172 prolecto
2091 2103 2211 2160 dicturus

574 2205 610 2243 ne
620 2187 734 2260 superbe
748 2188 909 2253 viveremus,
925 2193 954 2240 ut
968 2184 1018 2239 sub
1032 2182 1184 2255 quotidiana
1196 2190 1366 2253 peccatorum
1418 2197 1465 2249 es,
1481 2182 1515 2238 Et
1530 2183 1600 2239 bona
1614 2184 1691 2254 iacit,
1710 2196 1738 2242 et
1749 2187 1828 2244 bene.
1848 2189 1960 2247 Fructus
1973 2207 2037 2263 crgo
2050 2194 2135 2251 boun
2149 2195 2212 2252 lacit

577 2280 734 2337 remissione
753 2262 1019 2348 rivamustl‘ropter
1037 2276 1106 2346 qnod
1120 2274 1252 2346 snperbia
1267 2274 1366 2329 malurn
1419 2274 1499 2330 arbor
1517 2276 1604 2332 mala:
1619 2279 1690 2348 quod
1707 2277 1764 2335 fieri
1778 2296 1831 2336 non
1850 2296 1928 2352 posse
1946 2284 2049 2340 Veritas
2061 2286 2135 2343 dieis,
2150 2286 2211 2343 Nan

574 2385 627 2426 nec
638 2369 774 2439 apostolus
791 2368 889 2423 Paulus
907 2375 948 2423 est
969 2365 1078 2421 arbitrio
1097 2380 1147 2421 suo
1166 2364 1303 2421 creditus:
1319 2364 1367 2421 sed
1419 2367 1585 2438 precipitare
1595 2371 1754 2427 sententiam
1766 2414 1774 2441 ,
1787 2372 1929 2445 diligenter
1949 2376 2087 2433 considera
2104 2380 2167 2449 qrrid
2183 2390 2210 2435 te

573 2461 635 2531 quia
649 2459 766 2516 nondum
784 2466 893 2515 venerat
905 2457 940 2513 ad
955 2466 1056 2512 tantam
1077 2457 1306 2528 participationem
1319 2472 1366 2514 su·
1419 2460 1583 2531 respondere
1601 2464 1750 2520 conveniat.
1771 2464 1812 2520 dn
1830 2465 1897 2522 dicis
1919 2467 2055 2526 bominem
2074 2470 2210 2527 inlideiern

574 2552 688 2623 perinris
704 2552 774 2607 illius
791 2551 873 2617 boni,
888 2560 916 2606 ut
929 2551 983 2607 illie
1002 2551 1056 2621 jam
1077 2565 1130 2606 nou
1151 2560 1241 2622 posset
1252 2552 1364 2620 extolli,
1419 2550 1541 2606 arborem
1556 2552 1671 2608 bonam?
1685 2555 1775 2611 Placet
1788 2570 1851 2628 ergo
1867 2558 1940 2614 beo:
1957 2563 2124 2631 nequeenim
2139 2562 2210 2618 bono

575 2642 620 2697 iric
633 2643 670 2699 illi
692 2651 735 2699 est
754 2643 864 2714 angelus
885 2650 984 2699 satanae
1000 2642 1199 2714 colaphizator,
1214 2659 1247 2700 ne
1260 2644 1304 2700 bic
1322 2643 1367 2701 ubi
1419 2651 1568 2712 potestnou
1582 2643 1687 2715 placere
1703 2645 1774 2716 quod
1788 2647 1888 2703 bonum
1903 2657 1955 2703 est.
1970 2649 2004 2705 lit
2018 2650 2062 2706 ubi
2074 2652 2125 2707 erit
2137 2652 2208 2723 quod

575 2741 680 2804 poterat
691 2733 872 2797 extolleretur,
888 2733 1024 2803 appositus
1037 2732 1071 2806 (ll
1087 2732 1145 2788 Cor.
1161 2750 1210 2801 aar,
1225 2734 1264 2807 l).
1353 2764 1355 2770 ·
1418 2734 1546 2804 scriptum
1568 2743 1619 2804 est,
1643 2734 1706 2792 Sine
1725 2737 1777 2807 fide
1802 2739 1957 2811 impossibiie
1975 2752 2011 2798 est
2035 2743 2090 2800 Deo
2111 2745 2211 2816 placere

611 2825 657 2882 29.
669 2825 723 2884 Sed
743 2827 802 2883 sive
823 2826 874 2882 ista
892 2840 972 2882 cansa
992 2827 1045 2891 sit,
1060 2827 1117 2883 sire
1130 2828 1182 2882 alia
1201 2841 1260 2898 qna
1282 2827 1366 2883 multo
1418 2821 1510 2892 (deb.
1525 2824 1677 2895 aquilin
1692 2830 1886 2902 respondebis,
1900 2832 1958 2889 Non
1971 2833 1997 2890 in
2010 2845 2135 2906 quantum
2151 2838 2211 2892 sqq.

576 2916 691 2988 amplius
704 2932 747 2973 me
759 2917 825 2972 latet
837 2934 844 2970 :
857 2924 945 2972 tamen
957 2916 1027 2988 quod
1041 2916 1165 2973 dubitare
1182 2933 1233 2973 non
1244 2931 1364 2989 possum,
1418 2912 1486 2969 dclis
1500 2924 1560 2983 est,
1571 2916 1619 2972 sed
1632 2917 1658 2971 in
1670 2927 1797 2989 quamum
1813 2920 1894 2980 bomo
1907 2933 1965 2991 est,
1980 2926 2059 2983 arbor
2072 2927 2138 2981 borso
2149 2930 2211 2983 est?

576 3007 769 3079 marrtumlibes
783 3006 953 3077 proiciamus
967 3006 1018 3062 sub
1031 3008 1081 3063 boa
1092 3022 1174 3063 onere
1186 3007 1366 3078 corruptibilis
1419 3004 1457 3059 lle
1470 3020 1523 3075 quo
1535 3021 1599 3077 erqo
1611 3008 1739 3066 Dominus
1749 3012 1796 3079 ait,
1809 3011 1870 3068 Non
1881 3022 1961 3082 potest
1971 3017 2046 3071 arbor
2057 3017 2123 3071 male
2132 3018 2211 3075 donor

576 3098 706 3171 corporis,
719 3098 890 3154 sidiserinrus
901 3099 961 3169 qnia
971 3107 1100 3168 peecatum
1113 3115 1163 3155 non
1176 3099 1309 3165 iratenens,
1320 3115 1366 3154 nor
1418 3095 1516 3165 fractas
1533 3098 1618 3167 [aene
1631 3099 1739 3171 (Metti.
1759 3118 1812 3170 ru,
1826 3104 1893 3178 llil!
1914 3107 2128 3178 quandoquidem
2149 3111 2210 3180 qui

576 3193 645 3263 ipsos
659 3191 818 3264 decipimus,
832 3200 857 3246 et
867 3192 959 3247 ueritas
972 3192 999 3246 in
1015 3193 1086 3247 nobis
1102 3201 1200 3248 nonest
1221 3191 1243 3266 (Ι
1253 3191 1331 3247 loun.
1345 3207 1365 3255 r,
1417 3201 1532 3258 eumque
1542 3189 1604 3255 erit,
1615 3200 1660 3245 aut
1670 3190 1762 3260 horno,
1778 3204 1824 3250 aut
1836 3197 1946 3268 arrgelus
1957 3199 2017 3254 erit.
2027 3198 2079 3255 Sed
2093 3200 2116 3254 si
2128 3199 2210 3255 boum

577 3283 616 3356 8).
629 3282 741 3353 Propter
753 3281 823 3353 quod
838 3291 865 3338 et
886 3291 978 3337 saneta
994 3282 1112 3338 Ecclesia
1126 3284 1204 3338 etiam
1220 3283 1247 3337 in
1270 3281 1365 3337 talibus
1418 3277 1445 3332 in
1460 3286 1586 3349 qnantum
1600 3279 1680 3336 homo
1699 3290 1750 3347 est,
1776 3284 1856 3340 arbor
1879 3286 1949 3342 bona
1970 3295 2026 3354 cst;
2053 3288 2210 3359 protectoct

577 3374 633 3429 suis
653 3372 796 3441 membris,
808 3373 853 3429 ubi
875 3374 1006 3429 maculam
1028 3371 1148 3429 criminis
1167 3384 1193 3429 et
1207 3388 1298 3445 rapam
1312 3387 1366 3428 non
1416 3367 1529 3438 angelus
1548 3368 1717 3439 inquantum
1732 3374 1850 3443 angelus,
1873 3375 1953 3431 arbor
1979 3376 2049 3433 bona
2071 3388 2121 3435 esc,
2146 3379 2210 3437 um

577 3462 659 3520 babet
676 3463 795 3519 latstnns
813 3457 922 3536 (prer.
951 3480 978 3529 v,
1001 3463 1058 3533 ιι),
1083 3464 1147 3520 licet
1167 3463 1366 3521 contradicente
1416 3458 1489 3514 enim
1506 3460 1552 3516 Dei
1565 3471 1626 3517 sunt
1637 3477 1730 3533 opera,
1746 3465 1793 3536 qni
1804 3474 1956 3522 naturarum
1969 3469 2091 3525 conditor
2104 3480 2146 3527 est
2159 3472 2208 3526 bo·

575 3553 700 3624 srrmrbia
715 3564 813 3620 restra,
830 3567 882 3608 noo
896 3552 995 3608 desinit
1008 3553 1172 3617 deodicere,
1184 3552 1366 3609 Dinrittenoiir
1418 3566 1523 3607 aarum.
1542 3553 1581 3609 Ac
1595 3569 1642 3623 per
1654 3555 1704 3611 boc
1716 3557 1786 3611 nulla
1798 3557 1851 3615 erit
1864 3559 1944 3615 arbor
1955 3561 2033 3627 mala,
2049 3561 2083 3618 de
2103 3577 2155 3633 qua
2168 3561 2211 3619 di·
2294 3598 2298 3615 .

577 3645 660 3701 debito
673 3653 769 3701 nostro.
794 3644 834 3701 Τιι
854 3653 942 3702 autem
959 3653 1056 3717 quanta
1071 3647 1261 3718 arrogantiaet
1273 3644 1308 3703 de
1321 3662 1366 3704 re·
1420 3651 1492 3698 ctam
1505 3651 1556 3710 cst,
1573 3644 1643 3715 quod
1662 3661 1715 3702 non
1732 3649 1815 3718 possit
1828 3648 1915 3706 lacere
1925 3651 2027 3708 lructus
2036 3653 2129 3709 bonos.
2143 3652 2211 3723 eris

577 3747 640 3794 stre
659 3739 864 3810 praesumptione
885 3739 991 3794 virtutis
1012 3739 1120 3806 dixeris,
1145 3737 1272 3811 Perfacile
1289 3741 1367 3812 ipitnr
1419 3733 1533 3789 infidelis
1545 3734 1579 3789 itt
1595 3735 1923 3811 infidelitersaptartlton
1937 3742 2025 3813 itaqne
2038 3744 2201 3814 inquantum
2265 3801 2267 3804 .

577 3829 659 3884 madio
668 3830 808 3885 mnetitatis
818 3873 825 3896 ,
835 3829 910 3900 qaod
926 3829 994 3884 Dens
1007 3830 1111 3901 adjuvat
1122 3873 1130 3897 ,
1142 3839 1222 3901 potest
1236 3831 1310 3885 loonio
1322 3846 1366 3887 ca·
1419 3824 1500 3880 ιθιιιθ
1513 3836 1564 3894 tsi,
1573 3827 1643 3899 qued
1669 3840 1711 3885 est
1724 3845 1790 3901 optas
1806 3833 1853 3888 bct
1868 3834 1934 3900 ;sed
1950 3835 1976 3889 in
1990 3848 2116 3907 qnantum
2130 3837 2208 3893 maiae

577 3935 632 3974 rere
651 3920 758 3991 percotis
768 3936 777 3985 ,·
789 3920 833 3975 ille
851 3935 903 3976 non
925 3921 1062 3991 agnoscit,
1078 3921 1121 3991 qui
1141 3919 1263 3991 dogmata
1278 3930 1366 3976 restra
1420 3916 1563 3971 uoluntatis
1577 3928 1628 3987 est,
1642 3920 1754 3991 quisque
1765 3922 1846 3978 arbor
1866 3925 1935 3980 mala
1949 3935 2001 3992 cst,
2016 3937 2043 3982 et
2056 3927 2140 3983 bonos
2152 3927 2208 3984 irn-

577 4026 630 4068 ιιοιι
643 4012 726 4068 norit.
739 4012 804 4068 Nam
819 4020 847 4067 et
864 4012 980 4068 studium
996 4013 1142 4067 sanctitatis
1161 4013 1218 4068 sine
1236 4013 1368 4083 adjutorio
1411 4019 1479 4063 -ctus
1491 4007 1579 4065 secere
1602 4025 1655 4067 nun
1670 4021 1767 4083 potest.
1782 4014 1848 4070 Vide
1867 4016 1956 4088 itaque
1970 4028 2058 4074 utrum
2073 4019 2207 4077 infidelem

576 4101 625 4157 Dei
645 4101 724 4157 irritis
735 4095 764 4156 r'n
778 4102 893 4159 bominis
907 4103 1043 4158 voluntate
1059 4103 1218 4172 praecedere,
1230 4105 1299 4175 qnod
1312 4120 1368 4161 me·
1418 4097 1582 4154 ι’θιιιιιῑιῑθιιι
1595 4099 1693 4157 audeas
1705 4101 1801 4158 bonam
1815 4104 1903 4161 dicere
1916 4108 2088 4164 rotnnurcrn.

575 4192 629 4246 rito
649 4191 718 4247 bens
732 4191 827 4248 debeat
838 4192 973 4263 adiuvare,
989 4208 1041 4247 non
1053 4193 1134 4263 gratis
1147 4211 1154 4247 :
1165 4203 1193 4249 et
1207 4195 1245 4250 sic
1258 4195 1366 4252 creditis
1454 4188 1499 4243 ιι·
1509 4186 1561 4244 Sed
1576 4189 1771 4248 ιῡιιθίιιιιιιιιιῦ
1785 4209 1825 4261 ⁰⁵·
1838 4194 1989 4252 Misericors
2002 4199 2124 4257 voluntas
2137 4196 2208 4258 'tom

575 4281 713 4338 hominem
734 4283 760 4338 iq
774 4282 823 4339 hac
837 4298 987 4339 aepumqqsa
1009 4284 1061 4339 pita
1076 4299 1155 4354 posse
1166 4300 1258 4342 emp-e
1270 4301 1367 4357 pecca.
1419 4278 1563 4335 eskssecie
1586 4280 1654 4336 istud
1679 4282 1822 4351 diceretur,
1841 4285 1864 4340 Si
1890 4288 2113 4356 qttematdmoduni
2141 4291 2210 4349 filit!

577 4374 622 4438 tis,
638 4381 666 4428 ut
680 4389 733 4427 non
749 4373 774 4427 in
796 4387 825 4429 se
846 4370 944 4428 lanient
957 4387 1039 4444 quare
1058 4373 1146 4442 dicat,
1167 4373 1269 4431 Dirnitte
1296 4377 1368 4432 nobis
1419 4368 1528 4434 ὓιιιὸιι,
1547 4369 1573 4424 ιιι
1600 4379 1651 4439 ιιι,
1666 4370 1733 4427 fides
1746 4386 1805 4444 (11¹ae
1825 4388 1873 4443 bet
1898 4375 2067 4434 dilectionem
2083 4393 2209 4451 operatur

575 4465 661 4520 debita
675 4475 770 4521 nostra.
782 4466 908 4535 Quamvis
922 4466 1056 4536 aliquanto
1074 4466 1193 4523 timidius
1207 4466 1232 4523 id
1246 4470 1368 4541 posuisse
1422 4460 1519 4531 ((ἷιιιιι·
1528 4478 1554 4528 ι,
1565 4463 1606 4533 ιι),
1628 4478 1734 4534 semper
1755 4475 1797 4520 esi
1809 4466 1888 4531 bont,
1900 4467 1936 4522 ita
1946 4469 2126 4527 misstieotdia
2138 4488 2211 4530 sem·

574 4554 706 4622 ridearis3
721 4557 783 4626 qnia
798 4571 850 4611 non
863 4556 1293 4621 dixisti,Potestomnibuscarere
1303 4574 1368 4630 pec·

574 4650 656 4707 catis.
670 4649 768 4704 Verum
781 4664 831 4705 nec
850 4648 1006 4719 quibusdam
1020 4649 1237 4715 dieercroiuisti;
1252 4651 1299 4708 sed
1311 4661 1369 4707 tan·

573 4757 657 4813 qnam
678 4741 726 4797 tibi
744 4742 801 4812 ipse
822 4741 856 4796 de
879 4741 959 4796 nimia
972 4750 1059 4796 vestra
1080 4742 1285 4812 praesumptione
1304 4759 1368 4800 eru-

575 4836 678 4902 bueris,
700 4835 735 4892 ita
759 4835 916 4892 sententiam
943 4835 1108 4905 temperasti,
1137 4843 1215 4891 utet
1237 4845 1324 4892 vestra
1342 4845 1370 4893 ct

576 4937 668 4985 nostra
681 4937 773 5001 posset
793 4942 859 4983 voce
878 4926 992 4982 delendi.
1007 4926 1073 4982 Nam
1088 4927 1110 4982 si
1124 4928 1193 5000 apud
1214 4929 1369 5001 Pelagianos

576 5016 745 5085 discutiatur,
758 5017 962 5087 respondebitur
982 5016 1043 5072 ideo
1063 5032 1115 5073 non
1141 5018 1239 5073 dictum
1258 5019 1368 5090 quibus-

577 5109 651 5172 dam,
665 5109 726 5180 quia
748 5108 873 5164 omnibus
894 5103 1009 5178 pecoris
1030 5122 1121 5164 carere
1139 5107 1274 5166 bominem
1289 5124 1369 5181 posse

576 5199 667 5254 dixisti
683 5215 690 5251 :
704 5202 725 5253 sl
736 5207 824 5253 autem
837 5197 906 5266 apud
921 5211 981 5264 nos,
994 5208 1020 5252 ct
1035 5197 1078 5253 bic
1090 5199 1292 5268 respondebitur
1309 5201 1369 5257 ideo

575 5289 745 5346 nondictum
770 5289 904 5355 omnibus,
923 5289 1048 5358 quoniam
1070 5289 1216 5359 quemlibet
1234 5289 1368 5348 bominem

574 5383 694 5437 volueris
704 5381 823 5452 intelligi,
836 5397 884 5452 pro
896 5380 1053 5452 quibusdam
1069 5382 1184 5452 pcccatis
1194 5398 1303 5440 necesse
1318 5384 1367 5440 lra-

577 5471 644 5527 bere
662 5471 765 5527 vertiam
784 5470 930 5540 postulare.
946 5469 1000 5526 Sed
1018 5471 1063 5540 qui
1080 5471 1179 5526 scimus
1192 5473 1254 5542 quid
1268 5475 1367 5529 sentia·

576 5564 621 5628 tis,
635 5563 739 5618 nescire
749 5578 802 5619 aron
815 5577 957 5632 possumus
967 5563 1101 5633 quomodo
1113 5564 1161 5618 ista
1176 5565 1281 5620 dicatis.
1339 5618 1342 5625 .

611 5653 657 5710 δι).
685 5653 739 5710 «Si
765 5654 907 5725 perutilis.»
931 5653 1029 5725 inquis,
1055 5671 1065 5705 ι
1087 5655 1186 5711 nudum
1210 5658 1366 5728 operuerit,

574 5744 704 5813 numquid
720 5745 781 5814 quia
792 5761 844 5799 non
855 5756 897 5800 est
910 5759 944 5800 ex
960 5744 1023 5810 lide,
1041 5755 1178 5814 peccatum
1187 5747 1247 5802 esti
1266 5747 1367 5803 nl‘ror·

573 5850 620 5889 sus
638 5835 665 5889 in
687 5845 814 5905 quantum
830 5845 936 5891 nonest
953 5851 984 5891 ex
1003 5836 1065 5903 inde,
1085 5846 1220 5907 peccatum
1237 5847 1293 5901 cst;
1313 5855 1366 5897 non

572 5926 636 5995 rqrria
656 5941 703 5997 per
716 5943 746 5983 se
754 5926 840 5997 ipsum
851 5924 949 5982 iactum
959 5925 982 5997 ⁸,
995 5929 1064 5998 quod
1077 5937 1118 5984 cst
1129 5928 1229 5986 nudum
1239 5931 1364 6002 operire,

606 6127 615 6159 ¹
628 6124 733 6176 vaticani
762 6126 854 6187 uiaque
864 6131 930 6182 uss,
939 6124 1033 6176 muriam
1050 6139 1096 6177 mn
1107 6125 1162 6178 crit.

605 6188 616 6220 ¹
628 6194 678 6236 tm.
689 6192 726 6237 tr.
735 6137 985 6259 pietasquesaliieaui
991 6195 1017 6238 et
1022 6191 1123 6238 vaticani
1129 6196 1193 6247 tiss,
1200 6187 1362 6247 delectatione.

572 6256 625 6300 latro
637 6247 677 6298 alii
690 6256 774 6307 vatic..
788 6248 923 6310 reseetrmre.

606 6308 782 6362 ’tuamensis
794 6319 824 6359 tls
837 6343 843 6370 ,
856 6322 901 6360 nott
913 6308 970 6374 qnia
980 6322 1023 6374 per
1031 6309 1108 6374 r'psrnn
1120 6313 1219 6371 sertrnn.

1420 4565 1547 4625 peresset
1563 4557 1642 4612 bona.
1665 4556 1693 4614 Si
1712 4566 1800 4614 autem
1828 4560 1962 4630 reperitur
1975 4570 2002 4618 et
2022 4563 2206 4620 misericorde

1420 4645 1509 4711 mala,
1536 4661 1589 4716 qua
1607 4661 1719 4716 persona
1752 4651 1876 4720 pauperis
1904 4652 2034 4722 accipitur
2058 4653 2086 4709 in
2109 4654 2211 4724 iudicio

1423 4735 1518 4806 (beon.
1534 4752 1608 4801 arro,
1624 4737 1673 4808 ι);
1689 4748 1796 4808 propter
1818 4755 1897 4810 quam
1923 4752 2057 4812 postremo
2077 4760 2125 4800 rer
2145 4746 2210 4802 Sabi

1420 4827 1544 4881 meruita
1571 4826 1742 4894 Domino,et
1760 4831 1851 4900 utique
1869 4831 2052 4903 misericorde,
2075 4834 2209 4904 manuari,
2238 4856 2252 4868 ‘

1420 4916 1482 4988 qnia
1493 4926 1586 4972 contra
1598 4919 1656 4989 ejus
1678 4929 1840 4992 preceptum
1852 4923 1958 4994 caprino
1978 4927 2032 4996 roqi
2053 4925 2209 4996 periturns-

1420 5023 1483 5062 num
1500 5008 1617 5079 pepercit
1631 5009 1754 5065 allectum
1769 5009 1792 5080 (l
1807 5011 1872 5084 Ray.
1882 5012 1930 5084 xv)
1946 5031 1953 5066 :
1969 5016 2096 5073 attentius
2109 5019 2209 5090 cogita,

1420 5115 1455 5154 ne
1469 5097 1537 5155 sorte
1551 5101 1732 5158 misericordia
1747 5104 1816 5158 boun
1838 5119 1893 5164 non
1912 5105 1967 5173 sit,
1992 5107 2044 5164 nisi
2057 5124 2118 5180 qua
2131 5109 2211 5180 buius

1420 5189 1497 5246 bonae
1511 5190 1572 5246 bdei
1587 5189 1677 5247 tuerit
1698 5193 1754 5248 lmo
1767 5195 1915 5265 responde,
1931 5205 1963 5252 ut·
1972 5197 2024 5254 boo
2038 5199 2097 5256 sine
2107 5199 2211 5255 dubita-

1422 5283 1493 5338 tione
1506 5285 1662 5353 perspicias,
1683 5294 1770 5341 utrum
1783 5287 1880 5343 bonam
1893 5290 2104 5346 misericordiam
2116 5292 2194 5346 exist.

1419 5389 1478 5430 rues
1502 5375 1646 5430 infidelem.
1671 5376 1754 5433 Porro
1772 5379 1795 5432 si
1817 5380 1908 5435 uitium
1923 5390 1964 5436 est
1987 5382 2056 5437 male
2075 5381 2209 5444 misereri,

1421 5466 1605 5534 proculdubio
1625 5466 1716 5523 vitium
1729 5477 1769 5523 est
1789 5469 1931 5526 inlideliter
1945 5469 2075 5526 misereri.
2091 5470 2167 5539 erod
2185 5473 2210 5526 si

1420 5557 1518 5627 etipsa
1542 5572 1590 5627 per
1602 5572 1632 5614 se
1651 5559 1734 5628 ipsatn
1749 5560 1861 5614 naturali
1883 5562 2067 5630 compassione
2089 5571 2212 5631 npnsest

1419 5648 1539 5713 bonum,
1562 5648 1642 5703 etiam
1655 5650 1788 5705 istobuno
1809 5652 1877 5705 ursle
1899 5650 1980 5706 utitur
1999 5650 2044 5721 qui
2068 5649 2211 5708 infideliter

1420 5743 1512 5806 utitur,
1528 5750 1556 5797 et
1565 5741 1617 5796 boc
1630 5742 1728 5796 bonum
1742 5743 1812 5798 male
1826 5742 1899 5808 lacit,
1913 5743 1957 5812 qui
1972 5743 2113 5799 infideliter
2126 5742 2209 5800 lacit:

1419 5831 1464 5901 qui
1477 5842 1566 5886 autem
1577 5831 1647 5886 maie
1661 5830 1724 5887 iacit
1738 5831 1847 5903 aliquid,
1865 5833 1983 5902 prolecto
1995 5841 2096 5902 peccat.

1453 5920 1500 5978 32.
1515 5923 1552 5977 Ex
1566 5935 1619 5992 quo
1630 5921 1783 5992 colligitur,
1803 5922 1883 5977 etiam
1896 5920 1952 5992 ipsa
1966 5922 2036 5979 bona
2051 5937 2133 5994 opera
2147 5940 2208 5995 qne

1419 6012 1519 6068 iaciunt
1537 6012 1675 6076 infideles,
1699 6027 1753 6067 non
1775 6013 1983 6084 ipsorumesse,
2006 6014 2054 6072 sed
2076 6015 2147 6072 iilius
2165 6020 2211 6088 qui

1419 6103 1488 6158 bene
1502 6103 1585 6158 utitur
1597 6102 1683 6156 malis.
1698 6101 1818 6172 ipsorum
1832 6112 1921 6159 autem
1933 6119 1993 6160 esso
2010 6115 2117 6176 peccata
2128 6146 2135 6172 ,
2148 6107 2209 6177 qni·

1419 6194 1467 6247 bus
1479 6202 1505 6247 ct
1518 6192 1585 6246 bona
1600 6191 1668 6246 attale
1680 6192 1795 6258 iaciunt3
1815 6193 1875 6263 qnia
1886 6209 1918 6263 cs
1932 6211 1983 6250 non
2001 6196 2071 6251 uncti
2083 6236 2091 6262 ,
2103 6196 2151 6254 sed
2166 6194 2209 6250 in·
2284 6252 2290 6261 ,

1421 6285 1502 6353 tincti,
1518 6283 1567 6340 boc
1578 6293 1629 6353 cst,
1645 6285 1726 6342 stulta
1736 6296 1766 6342 et
1778 6285 1855 6344 nonin
1868 6285 1968 6344 iaciunt
1978 6290 2113 6348 rolsmtats
2127 6303 2134 6347 t
2148 6301 2211 6360 que
