5592 7350
506 845 562 904 389

507 959 584 1016 labar
596 957 730 1016 doctriua
746 967 842 1015 rentes
861 958 1010 1026 indarerat,
1023 968 1052 1013 ut
1061 973 1092 1015 ea
1103 975 1162 1029 quae
1174 957 1212 1013 illi
1224 971 1239 1011 a
1250 955 1309 1012 dia·

506 1064 579 1108 oeno
588 1049 704 1108 Paulino
715 1047 820 1106 lucrant
830 1050 934 1121 obiecta
944 1050 1094 1116 damnaret,
1102 1059 1181 1121 atqne
1192 1056 1221 1104 ut
1229 1048 1308 1104 Sedis

508 1143 675 1216 apostoliea
687 1143 793 1209 litteris,
810 1158 869 1213 quae
882 1158 898 1198 a
912 1152 1010 1198 sanetae
1023 1141 1160 1197 memoria·
1173 1155 1223 1196 suo
1235 1156 1306 1211 prae·

509 1249 620 1292 rurore
633 1245 818 1301 manaverant,
835 1235 966 1304 praeberet
984 1249 1133 1290 assensum.
1154 1234 1188 1289 dt
1201 1233 1247 1288 ille
1260 1247 1309 1287 no-

509 1325 557 1384 bit
568 1326 680 1397 quidem
691 1326 798 1381 diaconi
811 1326 916 1394 obiecta
931 1325 1057 1379 damnare
1071 1342 1078 1379 :
1090 1323 1137 1379 scd
1148 1324 1217 1378 beati
1232 1339 1307 1394 papae

509 1416 659 1471 hrroeerrtii
678 1415 774 1470 litteris
789 1431 843 1470 ιιοιι
863 1423 905 1469 est
925 1429 1004 1469 ausus
1018 1414 1166 1479 obsistere;
1181 1413 1235 1467 imo
1251 1431 1261 1465 r
1277 1427 1308 1468 se

508 1509 674 1576 eternaque
695 1505 777 1560 Sedes
802 1505 844 1559 illa
867 1503 1025 1570 damnaret,
1046 1503 1232 1558 dannratururn
1247 1517 1307 1557 esse

508 1597 633 1670 promisit
648 1613 656 1651 ε
674 1614 685 1649 r
701 1605 780 1664 atque
793 1596 829 1650 ita
840 1596 911 1650 velut
925 1594 1103 1664 phreneticus,
1116 1601 1145 1648 ut
1156 1594 1308 1663 requiesce·

509 1696 560 1750 ret,
573 1696 700 1758 tanquam
723 1687 818 1741 leniter
841 1685 922 1752 lotus,
936 1701 950 1738 a
965 1685 1076 1740 uinculis
1094 1692 1182 1738 umen
1197 1698 1306 1739 ercom-

511 1777 701 1832 runnicationis
720 1775 838 1831 nondum
856 1783 898 1830 est
923 1776 1042 1830 creditus
1069 1788 1129 1829 esse
1150 1773 1305 1830 soluendus.

512 1865 562 1922 aea
584 1867 745 1936 interposito
766 1866 878 1921 duorum
901 1866 1032 1921 mensium
1057 1874 1196 1935 tempore,
1221 1864 1308 1919 donec

512 1957 703 2012 rescriberetur
729 1971 763 2011 er
789 1956 898 2022 hirnea,
925 1955 1100 2024 resipiscendi
1123 1956 1149 2009 ei
1167 1956 1242 2009 locus
1256 1953 1307 2009 sub

514 2048 626 2120 medam
641 2048 794 2104 medicinali
816 2047 956 2103 sententiae
976 2046 1084 2103 lenitate
1096 2062 1240 2103 concessus
1253 2056 1306 2103 est.

514 2139 644 2208 ιιιιιιιιίιιιι
668 2153 783 2205 reuera,
811 2139 833 2194 si
857 2137 977 2207 deposita
999 2138 1152 2207 pervicacia·
1166 2138 1306 2202 vanitate,

514 2229 584 2303 quod
600 2230 761 2300 promiserat
774 2230 855 2284 uellet
868 2229 1017 2295 attendere,
1030 2238 1059 2284 et
1069 2228 1176 2285 easdem
1192 2229 1306 2295 litteras,

511 2320 608 2392 quibus
623 2335 653 2376 se
667 2334 860 2376 consensurum
885 2335 946 2375 esse
966 2320 1152 2390 responderat,
1166 2311 1308 2390 diligenter

511 2409 621 2482 legeret,
640 2419 792 2465 sanaretur.
807 2410 860 2465 Sed
875 2420 1046 2480 posteaquam
1059 2426 1093 2465 es
1108 2409 1234 2465 ati-teano
1247 2411 1307 2481 epi·

509 2515 655 2570 scirporum
675 2501 789 2556 concilio
810 2502 937 2570 rescripta
951 2501 1052 2557 directa
1067 2512 1139 2564 sunt,
1150 2502 1214 2572 qnid
1228 2502 1308 2562 luerit

508 2604 698 2659 consecratum,
716 2604 743 2646 nt
754 2593 902 2663 irretissirne
916 2595 943 2647 in
957 2609 1016 2647 eum
1032 2594 1162 2648 sententia
1174 2593 1308 2663 prolerre·

507 2694 560 2753 tar,
575 2696 672 2741 cuncta
687 2685 776 2753 legite,
791 2686 853 2756 qnia
870 2695 965 2740 ctrrrcta
980 2681 1190 2741 transmisimus.

1051 843 1153 901 ttbtttt
1171 843 1217 899 bu
1237 837 1395 900 resulto
1414 843 1598 905 oltldtaatl.

1358 956 1447 1027 garadu
1460 958 1522 1026 alia,
1545 960 1597 1015 alia
1619 959 1682 1015 salsa
1703 961 1922 1034 interpretatione
1944 968 2085 1044 ¹rertendo.
2100 971 2153 1029 Sed

1360 1050 1471 1113 utinam,
1485 1051 1557 1121 quod
1571 1052 1715 1122 optandum
1729 1056 1814 1126 magis
1826 1065 1877 1124 est,
1891 1058 1945 1126 jani
1958 1073 1989 1113 se
2004 1059 2047 1117 ille
2061 1062 2093 1115 ad
2107 1079 2155 1119 re-

1359 1156 1416 1195 ram
1431 1143 1569 1198 eatllolicre
1582 1144 1644 1200 ssdei
1658 1146 1727 1201 riam
1739 1147 1774 1203 ab
1787 1147 1831 1202 illo
1844 1163 1893 1203 sno
1902 1165 1994 1205 errore
2005 1163 2154 1221 convertat,

1358 1238 1387 1285 ot
1408 1232 1498 1301 cupiat
1520 1234 1637 1305 velitque
1652 1242 1775 1307 purgarl,
1790 1239 1963 1294 considerans
1974 1242 2154 1311 quotidianam

1359 1320 1408 1376 Dei
1421 1323 1552 1392 gratiam,
1568 1325 1780 1397 adjutoriumque
1794 1343 1974 1399 cognoscens,
1990 1340 2021 1387 ut
2034 1333 2155 1391 rideatur

1358 1425 1432 1477 vere,
1454 1421 1482 1467 et
1501 1414 1663 1484 approbetur
1680 1417 1714 1472 ab
1730 1420 1864 1485 erunibus,
1884 1424 2024 1478 manilesta
2049 1427 2154 1482 ratione

1358 1509 1510 1567 correctus;
1527 1519 1578 1556 ιιιιιι
1590 1514 1726 1573 gestorum
1739 1507 1854 1576 judicio,
1870 1510 1917 1564 sed
1940 1511 1973 1566 ad
1994 1514 2151 1570 catholicam

1358 1590 1438 1646 fidem
1457 1592 1538 1648 corde
1551 1609 1690 1650 converso.
1707 1596 1783 1651 Unde
1804 1613 1857 1652 nna
1882 1616 2022 1669 possamus
2047 1604 2152 1660 illornnr

1358 1698 1410 1738 nec
1421 1686 1569 1754 approbare
1582 1702 1633 1742 nec
1646 1688 1755 1757 culpare
1764 1690 1904 1760 iudicium,
1920 1708 1982 1749 cum
2004 1698 2153 1752 nesciamus

1358 1780 1447 1827 utrum
1460 1790 1522 1829 rera
1536 1776 1589 1830 sint
1601 1786 1691 1846 gesta;
1704 1787 1750 1834 aut
1762 1780 1784 1834 si
1798 1795 1859 1835 aera
1874 1783 1937 1849 sint,
1951 1796 2056 1841 constet
2068 1792 2153 1857 magis

1357 1863 1566 1935 subterfugisse,
1588 1883 1667 1937 quam
1681 1883 1710 1923 sc
1726 1879 1779 1925 tota
1802 1874 1915 1928 veritate
1932 1889 2058 1944 purgasse
2074 1880 2123 1949 (a).
2142 1899 2152 1931 r

1359 1952 1540 2012 Videtiscertc
1551 1959 1576 2012 in
1587 1958 1627 2014 his
1636 1959 1734 2027 verbis,
1742 1963 1964 2031 quemadmodum
1975 1982 2041 2036 papa
2053 1969 2153 2023 beatis·

1357 2044 1442 2101 simus
1459 2045 1628 2105 Innocentius
1646 2065 1700 2106 non
1722 2060 1846 2123 tanquam
1870 2055 1905 2111 de
1927 2058 2062 2128 incognito
2081 2061 2153 2131 loqni

1358 2135 1489 2193 rideatur.
1502 2139 1603 2195 Videtis
1618 2143 1724 2211 qualern
1747 2144 1837 2199 tulerit
1856 2146 1890 2201 de
1907 2147 1977 2203 illius
1998 2153 2153 2221 purgatione

1357 2230 1528 2285 scrrtentiarn.
1547 2232 1648 2288 Videtis
1660 2234 1723 2304 quid
1739 2239 1946 2307 successorejus
1965 2250 2071 2296 sanctus
2083 2258 2151 2314 papa

1357 2316 1479 2376 Zesirrrre
1502 2322 1622 2378 recolere
1645 2323 1788 2391 debuerit,
1819 2326 1889 2381 sicrrt
1913 2329 2049 2396 recoluit,
2075 2342 2104 2385 ut
2125 2334 2152 2386 in

1357 2424 1390 2465 ee
1407 2412 1447 2466 sui
1468 2416 1637 2482 praecessoris
1648 2415 1778 2487 judicium
1798 2429 1900 2474 remota
1919 2424 2087 2479 cunctatione
2105 2425 2152 2479 lir-

1356 2511 1453 2556 maret.

1393 2591 1507 2647 cabul
1527 2593 1561 2648 x.
1577 2624 1613 2635 -
1632 2596 1675 2650 tl.
1695 2595 1753 2652 iam
1768 2612 1838 2653 nunc
1854 2598 1995 2670 diligenter
2006 2604 2150 2671 attendite,

1356 2680 1429 2736 urrde
1453 2693 1615 2739 monstretur
1628 2686 1698 2754 quod
1719 2686 1876 2744 Palaestinos
1889 2690 2011 2761 Pelagius
2030 2693 2152 2749 lelellerit

541 2775 657 2832 CAPUT
679 2775 745 2830 tltt.
768 2805 805 2817 -
822 2775 850 2831 9.
874 2775 950 2831 11ηι1ιι
970 2777 1052 2830 etiarn
1076 2776 1209 2846 Pelagius,
1231 2776 1254 2831 si
1277 2791 1307 2833 se
1354 2772 1473 2843 iudices,
1490 2778 1590 2838 utalia
1612 2786 1725 2847 taceare,
1748 2780 1775 2835 in
1801 2780 1851 2837 bac
1875 2783 1931 2852 ipsa
1952 2786 2100 2855 quaestione
2117 2786 2153 2842 de

507 2867 594 2938 ipsum
616 2876 645 2923 et
665 2882 715 2922 sua
740 2868 838 2936 scripta
863 2867 921 2923 sine
938 2867 1001 2923 dolo
1015 2867 1133 2938 cogitat,
1160 2884 1213 2923 nnn
1232 2878 1307 2925 recte

506 2957 582 3024 tiele
597 2955 693 3013 eadem
707 2960 838 3013 sententia
851 2974 881 3014 se
892 2975 943 3014 non
957 2959 1080 3015 debuisse
1092 2960 1187 3015 teneri.
1199 2960 1307 3018 Felellit

503 3048 719 3120 errimjrrdicium
729 3049 917 3114 Palestinnm;
931 3058 1071 3120 propterea
1085 3049 1120 3104 ibi
1131 3049 1307 3106 videturesse

504 3147 637 3213 purgatus
651 3157 658 3193 :
674 3138 822 3193 borrranam
843 3154 907 3194 sero
931 3139 1089 3203 Ecclesiam,
1109 3138 1153 3194 ubi
1169 3153 1230 3195 enm
1244 3155 1306 3195 esse

503 3231 679 3288 notissimum
702 3230 787 3294 scitis,
810 3230 902 3284 lallere
923 3244 1112 3298 usquequaque
1133 3246 1185 3284 non
1202 3232 1305 3303 potnit;

504 3324 631 3395 quamvis
650 3332 678 3376 et
695 3321 747 3375 boc
765 3320 845 3375 licerit
866 3329 1008 3389 atcumque
1028 3321 1161 3374 ιιοιιιιιις
1176 3338 1183 3374 :
1198 3320 1261 3384 sed,
1278 3327 1307 3374 ut

507 3412 704 3480 dirimimus
724 3412 815 3467 valuit.
832 3408 953 3465 ltecoluit
967 3410 1038 3464 enirn
1054 3409 1224 3465 beatissimus
1238 3424 1306 3479 papa

505 3502 645 3568 Zosimus,
659 3503 723 3573 qnid
740 3501 884 3556 irnitandns
898 3516 1046 3571 praecessor
1056 3502 1114 3570 ejus
1125 3501 1159 3556 de
1170 3501 1234 3571 ipsis
1244 3516 1306 3556 sea-

508 3596 575 3652 terit
586 3596 679 3668 gestis.
695 3593 815 3649 attendit
829 3594 909 3647 etiam
924 3593 988 3663 qnid
1002 3594 1036 3648 de
1050 3593 1096 3647 illo
1110 3593 1223 3648 sentiret
1235 3608 1305 3663 prce·

509 3686 621 3743 donea
642 3686 669 3741 in
693 3685 808 3741 bornino
828 3684 1011 3740 Rornanorum
1035 3683 1102 3740 tides
1121 3683 1208 3755 (llam.
1222 3701 1241 3750 r,
1255 3683 1304 3757 8),

508 3794 620 3850 qaorum
641 3779 772 3834 adsersus
792 3778 851 3847 ejus
869 3793 989 3833 errorem
1008 3792 1058 3849 pro
1081 3778 1192 3834 veritate
1214 3778 1307 3833 catho-

509 3870 568 3939 lica,
577 3871 665 3926 studia
675 3869 850 3926 consonantia
861 3868 1033 3924 concorditer
1041 3867 1153 3939 flagrare
1163 3868 1305 3927 cernebat:

510 3962 580 4019 later
592 3962 713 4033 qnosillc
726 3961 770 4018 diu
779 3962 891 4027 vixerat,
900 3970 928 4015 et
937 3975 1004 4030 quos
1014 3961 1072 4030 ejas
1086 3960 1210 4032 dogmata
1224 3961 1307 4017 latere

509 4068 562 4109 reo
585 4061 714 4125 poterant
729 4070 736 4106 ι
751 4053 796 4121 qni
811 4051 966 4107 Coelestium
986 4051 1046 4120 ejus
1064 4065 1125 4106 esse
1145 4050 1306 4121 discipulum

507 4145 547 4201 ric
558 4151 701 4207 noverant,
715 4149 744 4197 ut
756 4141 940 4197 fidelissimum
957 4149 985 4196 et
1004 4141 1184 4197 firmissimum
1198 4150 1308 4211 possent

509 4234 542 4291 de
556 4234 649 4289 haere
660 4232 842 4288 testimonium
856 4231 1006 4301 perhibere.
1027 4230 1096 4298 Quid
1118 4247 1182 4302 ergo
1203 4231 1237 4287 de
1255 4232 1307 4286 Pa·

507 4324 622 4381 bestiae
634 4322 730 4396 synodi
743 4322 836 4394 gestis,
853 4322 951 4392 quibus
970 4335 1000 4376 se
1015 4320 1138 4391 Pelagius
1151 4321 1305 4377 absolutum

506 4432 569 4475 esse
590 4417 731 4487 gloriatur,
751 4422 860 4470 sarretns
880 4428 946 4483 papa
971 4413 1141 4468 lnnocentius
1160 4413 1306 4481 judicarit,

506 4507 631 4580 quateris
645 4515 673 4563 et
688 4506 714 4560 in
730 4505 826 4559 litteris
840 4503 915 4573 ejas,
931 4510 996 4573 spiras
1012 4502 1088 4557 nobis
1104 4503 1253 4572 rescripsit,
1267 4503 1307 4557 le-

504 4612 572 4671 gere
593 4596 720 4668 possitis,
745 4604 772 4650 et
796 4601 1035 4649 commemoratum
1055 4593 1141 4646 cunr*
1163 4591 1320 4647 venerabili.

507 4705 586 4762 papae
597 4688 707 4745 zosimo
715 4685 833 4757 synodus
843 4684 967 4740 lllricana
977 4682 1125 4752 respondit,
1133 4681 1203 4752 qnod
1212 4691 1308 4738 vestrae

506 4781 640 4838 Charitati
660 4795 722 4835 cum
741 4778 846 4834 caeteris
868 4775 1089 4831 instructionibus
1113 4773 1247 4841 misimus,
1266 4782 1307 4827 ta-

506 4889 572 4930 men
585 4888 636 4928 nec
651 4873 678 4927 in
693 4872 744 4926 hoc
757 4885 838 4942 opere
853 4867 1069 4939 praetereundum
1084 4864 1198 4920 ridetur.

543 4965 659 5022 CAPUT
678 4963 723 5020 lX.
735 4994 771 5005 —
781 4963 899 5018 ld.Cum
911 4960 982 5016 enirn
994 4974 1043 5013 nos
1055 4960 1080 5012 in
1090 4957 1214 5027 epistola,
1228 4973 1306 5029 quam

506 5058 534 5114 ei
546 5059 666 5128 quinque
678 5053 797 5125 episcopi
812 5053 968 5122 scripsinnrs
981 5048 1030 5122 (a),
1045 5048 1200 5105 eorumdem
1219 5060 1309 5119 gesto·

509 5162 571 5203 rurn
584 5145 797 5208 Palestinorum,
811 5158 925 5214 quorum
938 5141 971 5195 ad
986 5155 1036 5195 nos
1054 5141 1108 5208 iarn
1129 5139 1197 5194 iterna
1210 5155 1307 5210 perre-

509 5246 605 5301 uerat,
625 5235 905 5291 commemorationem
929 5230 1100 5295 fecissemus,
1124 5229 1258 5295 diceutes,
1281 5230 1307 5285 in

508 5326 629 5392 Oriente,
643 5326 688 5380 ubi
703 5325 784 5394 degit,
800 5333 875 5395 gesta
888 5322 1067 5377 ecclesiastica
1083 5320 1149 5375 iacta
1168 5335 1239 5386 esse,
1250 5321 1308 5390 qni·

510 5418 561 5475 bus
575 5427 683 5488 putatur
696 5431 756 5471 esse
769 5425 913 5487 purgatus,
928 5421 1008 5481 atqne
1020 5411 1054 5466 ad
1068 5411 1118 5465 boc
1128 5413 1198 5467 inter
1209 5421 1307 5466 caetera

509 5510 554 5565 itte
564 5507 742 5564 rescriberet:
756 5524 766 5558 ι
780 5506 848 5561 Cum
860 5505 925 5570 sint,
940 5521 951 5556 ι
967 5502 1061 5572 inquit,
1077 5518 1086 5552 ι
1101 5501 1186 5570 aitqua
1201 5501 1227 5555 ia
1241 5501 1307 5571 ipsis

508 5599 595 5673 posita
609 5598 704 5670 gestis,
719 5612 780 5667 que
794 5597 909 5667 objecta,
930 5594 1026 5664 partim
1046 5592 1090 5647 ille
1111 5591 1220 5647 aitarrdo
1241 5607 1307 5662 sup·

508 5693 623 5764 pressit,
647 5690 742 5761 partim
765 5690 848 5744 multa
865 5689 891 5743 in
908 5703 938 5743 se
952 5687 1032 5741 verba
1053 5686 1233 5756 retorquendo
1252 5696 1306 5741 tota

508 5784 672 5843 obscuritate
685 5781 822 5847 corrludit;
841 5782 929 5850 aliqua
948 5779 1032 5848 magis
1050 5776 1135 5841 lnlsa,
1149 5793 1228 5849 quam
1241 5792 1306 5832 sera

506 5875 621 5942 ratione,
638 5883 668 5930 ut
687 5872 721 5929 ad
743 5884 847 5943 tempos
860 5880 964 5942 poterat
976 5869 1076 5934 videri,
1093 5869 1229 5939 purgarit,
1257 5883 1306 5924 ne-

538 6008 595 6059 ¹stc
605 6004 831 6064 rtur.rdltl‚utrunr
864 6014 886 6052 e.

538 6068 613 6120 ’arm
627 6075 655 6119 ct
666 6073 715 6125 tr..
725 6078 790 6116 carn.
803 6071 839 6113 tte
850 6065 888 6114 ius
905 6070 987 6112 autem
1006 6068 1061 6110 tor.
1075 6066 1102 6110 et
1112 6065 1177 6120 ttss..
1189 6073 1244 6110 cnm
1258 6064 1306 6110 :ut

508 6130 586 6194 hura
596 6128 730 6180 tunoreutii
745 6127 778 6176 de
792 6127 869 6189 gestis
884 6123 1015 6172 talestinis
1024 6123 1139 6185 judicium
1155 6119 1305 6185 intelligatur

508 6199 724 6243 commemoratum
733 6190 758 6238 tn
771 6188 860 6238 litteris
871 6185 985 6235 atrieanae
995 6185 1080 6248 synodi
1088 6185 1118 6234 ad
1129 6186 1255 6235 romaum.
1264 6189 1305 6233 tte

509 6252 597 6305 lterae
606 6256 727 6304 bmteaus
738 6250 919 6299 desiderantur.

537 6324 574 6377 tol
592 6313 698 6380 mtotola
709 6314 763 6376 tlt,
775 6313 839 6363 iuter
852 6307 1046 6374 auguminianas,
1057 6321 1083 6359 tt.
1094 6307 1117 6357 Ξ.

1357 2862 1521 2933 baptismate
1548 2868 1717 2936 parvolorum
1739 2886 1746 2923 :
1769 2886 1803 2926 ne
1828 2870 1898 2927 lorte
1918 2875 2053 2944 cuipiam,
2073 2877 2098 2930 in
2118 2892 2153 2931 eo

1356 2955 1428 3024 qaod
1439 2954 1567 3024 diximus,
1579 2972 1639 3013 cum
1650 2972 1769 3026 sensum,
1783 2961 1810 3015 in
1822 2977 1876 3032 quo
1888 2963 1997 3019 liberior
2008 2966 2152 3021 Coeiestins

1356 3044 1415 3109 luit,
1430 3046 1505 3101 robis
1519 3049 1669 3105 occultasse
1681 3051 1827 3121 Pelagium,
1839 3069 1899 3108 curn
1911 3063 1937 3108 et
1946 3057 2002 3125 ipse
2011 3072 2063 3110 non
2075 3057 2152 3111 aliter

1356 3137 1464 3200 sentiat,
1476 3138 1632 3194 calumniari
1650 3143 1737 3210 potins
1751 3143 1791 3196 rel
1805 3145 1944 3212 suspicari,
1957 3161 2035 3216 quarn
2047 3156 2152 3203 certum

1356 3226 1457 3296 aliquid
1469 3230 1705 3297 comprehendisse
1717 3232 1867 3288 uideamur.
1881 3234 1982 3304 Nernpe
2000 3237 2055 3304 iarn
2073 3251 2153 3307 snpe-

1357 3319 1413 3373 rius
1425 3321 1490 3375 satis
1504 3322 1617 3385 claruit,
1634 3331 1773 3391 propterea
1790 3325 1945 3379 tioelestium
1966 3327 2084 3383 rroluisso
2105 3329 2152 3383 da·

1356 3410 1527 3479 nrrrareqnod
1538 3410 1646 3475 dicitur,
1658 3429 1667 3462 r
1680 3412 1745 3465 Adae
1757 3422 1893 3481 peceatum
1902 3413 1952 3483 ipsi
1963 3416 2011 3469 soli
2022 3417 2151 3484 abluisse,

1356 3514 1410 3553 nori
1423 3502 1513 3571 generi
1528 3500 1660 3566 hurnano;
1676 3511 1703 3556 et
1717 3500 1833 3557 infantes
1844 3503 1889 3573 qui
1907 3514 2062 3570 nascuntur,
2078 3507 2105 3561 in
2119 3523 2151 3562 eo

1356 3600 1426 3646 etatn
1440 3607 1510 3659 esse,
1522 3592 1549 3647 in
1562 3608 1614 3662 quo
1627 3593 1711 3647 hdam
1725 3592 1774 3647 luit
1785 3602 1847 3648 ante
1860 3595 2104 3664 praeuaricationem
2118 3615 2124 3651 :
2138 3616 2147 3648 ι

1356 3684 1419 3753 qaia
1432 3684 1548 3750 ridebat,
1562 3685 1584 3738 si
1600 3684 1649 3739 ista
1670 3684 1826 3749 damnaret,
1847 3685 2006 3742 carrlirmare
2025 3701 2055 3742 se
2069 3689 2095 3742 in
2109 3686 2151 3742 ia·

1356 3772 1473 3828 laritibus
1498 3777 1600 3846 peccati
1626 3791 1660 3831 ex
1686 3776 1771 3830 hdam
1796 3777 1947 3831 transitum.
1974 3779 2037 3834 llaec
2062 3790 2150 3836 antem

1357 3879 1418 3919 curn
1432 3863 1543 3921 luissent
1557 3866 1661 3936 objecta
1675 3865 1793 3936 Pelagio,
1808 3866 1881 3937 quod
1895 3882 1925 3922 ea
1941 3882 2002 3922 curn
2024 3869 2152 3925 Coelestio

1357 3961 1437 4014 etiam
1457 3961 1514 4028 ipse
1527 3961 1649 4026 sentiret,
1663 3960 1721 4015 sine
1736 3961 1787 4014 ulla
1803 3961 1989 4016 retractatione
2004 3961 2149 4017 damnarit.

1357 4052 1433 4120 erod
1453 4053 1575 4107 lieetros
1590 4053 1686 4122 legisse
1700 4055 1802 4116 sciam;
1820 4061 1908 4107 tamen
1930 4054 1991 4123 qnia
2011 4070 2064 4108 non
2085 4056 2151 4110 solie

1358 4142 1434 4197 robis
1455 4142 1659 4210 trecentulam,
1674 4158 1707 4197 ne
1720 4143 1808 4212 pigeat
1821 4144 1948 4198 lectorem
1962 4144 1995 4198 ad
2009 4145 2065 4215 ipsa
2078 4156 2151 4214 gesta

1357 4228 1564 4298 recurrere'‚tel
1583 4232 1606 4284 si
1627 4245 1659 4286 ea
1680 4246 1733 4288 non
1758 4231 1860 4298 habet,
1882 4233 1963 4286 etiarn
1985 4248 2045 4288 cum
2061 4235 2153 4290 labore

1357 4325 1523 4396 perquirere,
1537 4323 1594 4394 ipsa
1609 4322 1671 4378 inde
1684 4322 1766 4379 rerba
1781 4324 1995 4390 transcribimus,
2011 4341 2070 4395 qne
2083 4324 2153 4382 laha

1357 4419 1455 4486 scripta
1469 4424 1540 4470 sunt.

1393 4508 1506 4564 caput
1524 4506 1572 4563 tlt.
1586 4535 1623 4549 ·-
1636 4505 1680 4561 l2.
1703 4525 1712 4559 ι
1736 4505 1859 4578 Synodus
1874 4505 1940 4561 dixit
1960 4523 1968 4560 r
1992 4504 2068 4562 Nunc
2086 4521 2153 4576 quo·

1359 4599 1430 4653 niam
1446 4598 1708 4654 arrartrenattzaverir
1725 4599 1732 4629 ¹
1749 4597 1871 4668 Pelagius
1887 4597 2017 4651 incertum
2037 4596 2154 4650 stultilo»

1358 4692 1469 4762 qniurn,
1497 4699 1570 4746 recte
1591 4690 1768 4760 respondens,
1786 4688 1920 4743 bominem
1937 4704 1998 4742 cum
2021 4687 2153 4757 adjutorio

1359 4782 1406 4837 bei
1420 4791 1447 4837 et
1459 4782 1542 4852 gratia
1556 4796 1634 4851 posse
1644 4795 1704 4836 esse
1717 4784 1895 4850 ἀναμάρτητοι,
1915 4778 2003 4846 idest,
2018 4778 2075 4832 sine
2086 4794 2150 4849 pcc*

1358 4883 1430 4940 cato,
1442 4872 1602 4943 respondeat
1613 4879 1640 4926 et
1652 4872 1685 4926 ad
1699 4871 1751 4925 alia
1771 4870 1896 4939 capitula.
1916 4869 1994 4923 dliud
2007 4870 2151 4940 capitulum

1359 4967 1385 5021 in
1401 4965 1519 5019 doctrina
1529 4963 1648 5020 Coelestii
1662 4961 1784 5032 discipuli
1797 4959 1908 5029 Pelagii,
1920 4975 1953 5014 er
1967 4960 2007 5015 eis
2020 4975 2078 5029 quar
2089 4959 2153 5014 Car·

1359 5056 1466 5126 thagine
1478 5070 1493 5109 a
1505 5065 1598 5111 sancto
1614 5053 1721 5109 tlrrrelio
1733 5050 1935 5121 Carthaginensi
1951 5049 2077 5119 episeopo
2090 5063 2152 5104 cum

1358 5148 1417 5203 aliis
1435 5145 1566 5215 episcopis
1586 5143 1675 5199 audita
1698 5151 1801 5198 suntet
1819 5149 2026 5198 corrraremoraea
2044 5155 2051 5192 :
2066 5140 2151 5194 Adam

1359 5238 1498 5293 mortalem
1512 5236 1626 5303 lactum,
1643 5236 1687 5306 qni
1702 5236 1758 5290 sive
1772 5244 1903 5307 peccaret,
1918 5236 1974 5288 sire
1989 5247 2041 5287 non
2056 5246 2151 5300 pecca⁴

1358 5339 1410 5395 ret,
1424 5331 1569 5386 rnoriturus
1582 5337 1663 5385 esset.
1686 5329 1816 5397 Quondam
1836 5337 1973 5398 peecatum
1988 5323 2052 5378 Adae
2065 5324 2152 5392 ipsum

1359 5423 1444 5477 solum
1459 5422 1567 5488 laeserit,
1583 5431 1610 5476 et
1624 5436 1676 5475 non
1690 5436 1774 5490 genus
1787 5420 1943 5473 lnrrnanunr.
1958 5415 2088 5482 ererrianr
2108 5413 2150 5468 ler

1359 5516 1398 5569 sic
1410 5514 1496 5567 mittat
1506 5514 1538 5566 ad
1550 5527 1671 5583 regnum,
1685 5511 1908 5581 quemadmodum
1924 5519 1951 5564 et
1964 5505 2148 5576 Crarrgclium.

1358 5607 1488 5675 Quoniam
1503 5615 1565 5661 ante
1579 5604 1721 5659 adrentum
1735 5605 1831 5660 Christi
1846 5603 1944 5658 luerint
1957 5599 2077 5654 lrornines
2091 5598 2149 5654 sine

1358 5709 1479 5768 peceato.
1490 5697 1620 5767 eroniam
1634 5696 1748 5752 inlarntcs
1760 5711 1843 5765 anper
1853 5695 1906 5748 nati
1921 5695 1946 5746 in
1960 5708 1992 5746 eo
2004 5698 2073 5744 stata
2085 5690 2148 5754 sint,

1358 5789 1385 5844 in
1405 5805 1457 5860 quo
1482 5789 1566 5844 ddarn
1589 5787 1635 5842 luit
1661 5796 1723 5841 ante
1743 5786 1996 5856 prevaricationem.
2018 5782 2150 5849 Quoniam

1359 5897 1446 5951 neque
1468 5897 1515 5949 per
1535 5889 1648 5935 mertem
1671 5878 1713 5932 rel
1732 5876 1975 5946 prevaricationem
1991 5873 2054 5928 ilde
2068 5888 2149 5929 oraine

1357 5987 1441 6042 genus
1456 5971 1591 6025 hornimnn
1607 5970 1745 6032 moriatur,
1760 5983 1847 6038 ncqne
1862 5984 1909 6038 per
1923 5966 2148 6021 resurrectionem

1357 6061 1455 6119 Christi
1478 6075 1558 6116 onrrre
1582 6075 1667 6129 genus
1696 6059 1833 6114 hominurn
1859 6066 1989 6129 resurgat.
2016 6057 2148 6126 Quorrianr

1388 6175 1397 6206 ¹
1411 6179 1435 6221 tn
1446 6170 1507 6220 libro
1517 6169 1550 6218 de
1568 6170 1646 6219 nostis
1663 6168 1761 6230 relegit,
1773 6182 1798 6217 n.
1813 6168 1850 6227 to,
1864 6166 2078 6220 mamberratizorit.
2096 6175 2151 6218 For-

1357 6246 1382 6288 te
1393 6232 1536 6296 legendum,
1548 6245 1602 6280 erun
1613 6230 1823 6281 nrrmhenouianer
1831 6230 1858 6281 it.
2088 6278 2096 6291 ,

1389 6298 1426 6362 (a)
1435 6293 1536 6360 Epistula
1547 6295 1676 6344 triturandi
1688 6295 1751 6343 inter
1760 6294 1943 6357 augustinianas
1953 6292 2051 6354 lC‘qnu
2062 6292 2079 6342 ὗ
2089 6298 2115 6342 el
2126 6294 2143 6339 b
