5592 7350
568 923 571 928 ’
603 937 656 992 ιιι

605 1054 648 1104 rui
664 1060 690 1105 te
703 1047 871 1119 respondisse
884 1043 924 1100 tel
935 1043 1079 1105 existimas,
1094 1041 1134 1094 rel
1148 1038 1291 1094 existimari
1307 1038 1391 1107 cupis,

611 1139 807 1208 apertissimum
822 1131 1000 1189 testimouium
1012 1131 1046 1185 dc
1059 1131 1142 1185 sancti
1159 1128 1289 1183 Ambrosii
1302 1126 1393 1197 dispu-

609 1231 708 1283 tatione
725 1227 869 1295 posuissem
893 1221 949 1294 (Dc
963 1219 1067 1290 Nuptiis
1079 1230 1102 1273 et
1114 1217 1335 1286 Concupiscentia,
1349 1214 1392 1270 ttl.

610 1319 633 1380 i,
649 1333 675 1369 ιι.
692 1317 748 1384 to).
770 1316 809 1368 tin
823 1313 857 1367 ihi
871 1328 922 1366 tren
936 1310 1038 1381 legisti,
1057 1308 1127 1379 qnod
1141 1322 1200 1361 curu
1214 1306 1312 1361 Christi
1326 1305 1394 1359 nati·

609 1410 715 1460 ritatem
741 1404 774 1460 de
798 1403 908 1474 virginis
931 1410 1008 1471 partu
1034 1414 1113 1467 supra
1139 1397 1226 1451 dietus
1251 1395 1397 1451 insinuaret

590 1543 593 1550 ι
612 1498 778 1567 episcoparer
789 1496 875 1557 idc0,r
889 1490 1114 1561 inqrrlt,rctqrrasi
1127 1487 1207 1541 homo
1217 1500 1264 1555 per
1274 1486 1396 1539 urrirersa

588 1610 596 1624 ·
610 1595 724 1641 tentatos
736 1594 794 1651 cst,
813 1591 839 1639 et
854 1583 879 1636 io
893 1580 1066 1637 similitudine
1079 1577 1216 1631 hominum
1231 1584 1325 1631 euucta
1338 1589 1396 1628 sos·

610 1676 696 1738 tinuit,
713 1673 758 1727 sed
771 1675 844 1741 quasi
859 1671 892 1726 dc
904 1670 1002 1739 Spiritu
1018 1676 1097 1723 uatus
1111 1664 1236 1720 abstinuit
1249 1680 1264 1718 a
1276 1673 1395 1733 peccato.

609 1763 702 1818 Omnis
713 1764 783 1818 cuim
796 1761 877 1815 homo
894 1759 1006 1813 mendax
1027 1756 1112 1828 (Parti.
1130 1770 1194 1817 ext,
1209 1753 1250 1827 Ξ),
1273 1762 1299 1808 et
1319 1766 1397 1808 nemo

610 1856 668 1907 sine
683 1862 791 1920 peccato
811 1849 860 1903 nisi
880 1864 949 1902 uuus
970 1848 1048 1901 ilerrs.
1073 1845 1211 1899 Seruatum
1226 1853 1267 1898 cst
1281 1843 1398 1911 igiturut

611 1955 643 1993 cx
657 1942 714 1992 rico
726 1946 753 1993 ct
770 1938 897 2002 muliere,
921 1934 946 1989 id
961 1945 1017 1997 cst,
1031 1932 1158 2002 perillam
1172 1946 1313 2000 corporum
1325 1944 1400 1985 com·

613 2028 766 2081 rrrixtirmem
790 2041 867 2079 rrcruo
890 2024 1009 2077 vitientur
1028 2036 1125 2090 expers
1147 2035 1207 2075 esse
1228 2019 1329 2075 delicti.
1348 2018 1397 2085 Qui

611 2130 700 2172 autem
724 2132 819 2185 expers
840 2116 942 2180 delicti,
963 2129 1060 2183 expers
1082 2123 1124 2168 est
1142 2114 1221 2167 etiam
1246 2110 1398 2181 hujusmodi

612 2207 815 2276 conceptionis»
833 2203 1059 2275 (taratantara.
1075 2203 1101 2257 in
1120 2199 1237 2274 isaiam).
1253 2201 1280 2256 Si
1295 2200 1351 2255 hace
1364 2199 1400 2254 ihi

612 2297 692 2351 terina
708 2293 850 2351 reuerendi
870 2293 1003 2348 drnhrosii
1017 2308 1069 2347 nott
1083 2292 1179 2362 legisti,
1192 2289 1324 2361 quomodo
1339 2290 1400 2344 red-

613 2387 776 2457 argoeudrmr
795 2387 902 2453 lihrrun,
916 2386 941 2439 io
952 2399 1005 2455 quo
1014 2399 1044 2439 ea
1055 2394 1116 2437 sunt
1128 2384 1221 2452 posita,
1243 2380 1401 2450 suscepisti?

615 2475 645 2534 Si
657 2487 746 2531 ιιιιιριιι
768 2475 872 2545 legisti,
894 2472 956 2544 qnid
970 2474 1109 2529 adversum
1125 2488 1167 2526 ιιιρ
1183 2471 1267 2539 iuris,
1286 2478 1314 2525 et
1328 2471 1400 2525 ilium

615 2571 642 2624 in
656 2586 698 2624 me
711 2569 832 2640 primitus
845 2565 953 2633 carpis?
966 2565 1036 2634 Quid
1048 2578 1145 2619 nomen
1163 2562 1291 2617 dilaniare
1304 2561 1401 2634 ¹niteris

607 2677 714 2728 meum,
727 2670 755 2715 et
766 2658 936 2714 iltnlnrosium
951 2656 1016 2711 iacis
1030 2655 1109 2710 tacito
1120 2654 1179 2725 ejus
1194 2652 1301 2708 nomine
1315 2651 1401 2706 liani·

546 2804 552 2814 ,
614 2753 737 2809 circeum?
1050 2737 1060 2751 ⁶

651 2842 693 2897 li.
713 2841 806 2898 Cernis
819 2854 913 2911 nempe
925 2854 984 2894 com
995 2838 1089 2908 quihus
1105 2845 1148 2891 trra
1162 2834 1303 2891 maledieta
1315 2833 1399 2889 susti·

616 2949 703 2996 nemu,
714 2934 803 2987 cernis
817 2947 877 2985 cum
892 2929 988 2999 quilius
1004 2926 1068 2982 mihi
1091 2926 1126 2980 sit
1142 2940 1221 2980 eausa
1235 2923 1402 2987 communis,

616 3040 694 3090 urrann
715 3024 785 3077 nnila
799 3020 1011 3076 consideratione
1030 3017 1118 3072 sohria
1139 3016 1243 3085 pulsare
1265 3009 1404 3070 calumniis

614 3123 645 3170 ct
657 3127 807 3182 expugnare
820 3109 945 3163 conaris?
964 3108 1056 3163 Cernis
1073 3106 1213 3175 orrarnxtilri
1228 3105 1403 3176 perniciosum

617 3206 666 3262 sit.
685 3215 738 3256 tarn
754 3201 879 3256 irorrihile
899 3199 1000 3253 crimen
1019 3198 1136 3268 ohjicere
1158 3198 1271 3262 talihus;
1285 3206 1312 3251 ρι
1324 3211 1403 3267 qrtam

617 3293 681 3349 milri
694 3294 850 3361 gloriosum,
864 3288 1000 3360 quodlibet
1011 3290 1112 3344 crimen
1122 3288 1213 3343 audire
1226 3304 1286 3344 curu
1297 3288 1405 3343 talibus?

617 3383 644 3440 Si
657 3385 753 3444 cernis,
767 3397 857 3446 ecrrre,
866 3379 1006 3435 cttandem
1017 3388 1073 3433 tace
1087 3397 1094 3431 ε
1109 3379 1277 3448 Pelagiauam
1289 3378 1404 3448 linguam

618 3482 657 3527 tot
671 3473 767 3541 linguis
779 3470 916 3525 catholicis
934 3469 1071 3537 deprime,
1090 3477 1128 3522 ιοι
1141 3468 1298 3523 venerandis
1316 3468 1405 3522 oribus

617 3571 740 3631 protecta
755 3576 800 3614 ora
818 3560 952 3615 srrhmitte.
973 3558 1002 3613 Si
1025 3558 1141 3612 scholam
1160 3557 1317 3613 Xenocratis
1337 3556 1406 3613 sicut

616 3649 726 3708 i'olremo
739 3648 778 3720 (a)
792 3664 825 3703 ex
838 3649 993 3703 antehrcarro
1006 3648 1128 3702 crnrtirio
1141 3648 1300 3703 temulentus
1310 3648 1405 3702 intras-

617 3755 672 3803 ses,
687 3756 739 3792 nou
755 3745 826 3792 tauta
842 3747 938 3807 quatita
952 3738 979 3793 in
994 3738 1044 3792 isto
1057 3749 1128 3792 coetn
1143 3748 1181 3792 tot
1195 3747 1345 3793 sanctorum
1359 3738 1405 3794 de·

619 3830 696 3885 heres
722 3828 880 3884 rerccrmdia
910 3830 1037 3884 coerceri.
1067 3829 1114 3884 llic
1137 3830 1207 3884 enirn
1234 3840 1307 3885 certe
1332 3839 1406 3885 tanto

618 3924 703 3988 major
713 3920 791 3975 dehet
801 3934 859 3975 csse
869 3920 1039 3982 verecundia,
1053 3929 1151 3990 quanto
1162 3921 1251 3976 verior
1261 3921 1406 3978 addiscitur

618 4010 758 4079 sapientia.
772 4009 856 4064 Tanto
870 4010 984 4079 amplius
995 4009 1132 4065 reverendi
1147 4020 1208 4064 suut
1222 4019 1260 4065 tot
1273 4026 1406 4067 memora·

618 4099 708 4154 hilinm
729 4099 912 4169 episcoporum
932 4114 1010 4169 quam
1031 4098 1109 4153 unius
1128 4099 1285 4155 Xenocratis
1306 4101 1403 4166 vuitus,

617 4201 715 4255 quauta
727 4188 834 4263 Plariano
842 4187 999 4244 Xenocratis
1009 4188 1118 4244 doctore
1128 4189 1221 4244 doctor
1232 4192 1340 4246 istorum
1350 4208 1406 4245 ma·

615 4278 658 4349 jar
670 4287 711 4333 cst
729 4279 859 4333 Cirr-istus.
876 4278 932 4349 Ego
950 4289 1023 4335 certe
1036 4280 1120 4335 heatae
1134 4281 1270 4334 raemoriae
1282 4281 1406 4336 iicmoris

615 4370 699 4441 prtris
716 4369 751 4424 tui
767 4385 818 4424 non
834 4372 972 4426 immemor
986 4370 1040 4441 (i),
1055 4373 1098 4441 qui
1114 4387 1216 4427 mecum
1231 4388 1281 4427 uon
1298 4389 1405 4444 parram

617 4459 712 4515 lateran
734 4459 875 4514 antichiam
896 4460 1027 4529 colloquio
1042 4461 1204 4529 litterarum,
1219 4471 1297 4532 teque
1319 4464 1404 4533 ipsum

617 4549 680 4605 mihi
695 4551 878 4606 charissimum
898 4550 1013 4616 iecerat,
1030 4565 1090 4605 enm
1111 4561 1136 4605 te
1150 4551 1266 4613 riderem
1286 4554 1311 4606 iu
1332 4553 1406 4609 lihris

618 4641 671 4694 tuis
684 4656 736 4695 uon
751 4642 910 4697 antelucano
921 4641 1043 4696 convitio
1055 4641 1239 4708 temulentum,
1251 4641 1297 4697 sed
1312 4644 1406 4699 insano

616 4735 738 4789 curtricio
752 4734 947 4798 turbulentum,
968 4734 1100 4789 introduxi
1116 4743 1141 4789 te
1158 4733 1305 4789 sedandum
1326 4746 1405 4807 atque

618 4824 775 4891 sanandum,
788 4839 840 4879 noo
855 4825 880 4878 in
894 4825 1005 4896 alicujus
1016 4825 1165 4895 philosophi
1175 4825 1344 4892 auditorium,
1358 4827 1404 4882 scd

619 4916 645 4971 io
659 4925 808 4976 sauctorum
824 4927 927 4987 patrum
940 4917 1078 4988 paciilcum
1093 4916 1328 4988 honorandumque
1341 4933 1406 4973 con-

617 5013 734 5059 reatum.
754 5005 796 5060 Sit
806 5020 894 5075 operm
910 5009 1021 5075 pretinm
1033 5048 1040 5072 ,
1053 5007 1166 5063 ohsecro
1180 5015 1221 5074 te,
1244 5009 1332 5079 aspice
1346 5009 1405 5064 illos

616 5094 811 5162 quodammodo
824 5097 983 5165 aspicientes
1003 5106 1045 5164 tc,
1065 5107 1093 5154 et
1111 5111 1249 5155 mansuete
1261 5116 1292 5156 ae
1311 5102 1405 5157 leniter

617 5185 737 5241 dicentes
750 5186 795 5240 tihi
810 5204 816 5240 :
832 5186 903 5241 itane
914 5202 971 5251 nos,
986 5187 1142 5255 hlihriiaue,
1156 5189 1291 5245 hianiclrmi
1302 5194 1404 5246 sumus?

616 5274 709 5346 hago,
725 5275 787 5347 quid
808 5276 1000 5347 respondebis?
1013 5277 1114 5345 Quihus
1126 5293 1172 5334 eos
1187 5282 1269 5335 oculis
1283 5283 1404 5338 iotrtehc·

615 5367 672 5423 ris?
685 5368 747 5435 anc
763 5367 808 5432 tibi
827 5363 981 5437 a‘rgumeuta
994 5370 1167 5424 succurrent?
1180 5371 1243 5438 Qum
1256 5371 1404 5427 tirrannus

614 5462 770 5525 categorico,
792 5461 903 5531 ouibus,
917 5471 944 5516 ιιι
958 5462 983 5516 iu
1000 5477 1049 5517 uos
1063 5462 1136 5517 relat
1148 5464 1243 5519 artilex
1256 5466 1403 5536 dispumtor

615 5551 725 5621 insilias,
741 5551 826 5607 rideri
846 5551 949 5621 appetis
973 5551 1116 5607 elimatusi
1128 5553 1193 5622 Qum
1206 5565 1308 5610 tuorum
1322 5571 1402 5626 argu·

614 5649 764 5696 mentorum
779 5640 820 5695 rei
839 5642 911 5697 acics
923 5642 1025 5708 vitrea,
1039 5642 1081 5698 rel
1101 5643 1215 5713 plumbei
1233 5647 1362 5717 pugiones
1374 5647 1401 5701 in

615 5727 720 5785 illorum
733 5737 876 5800 conspecto
889 5732 974 5787 exseri
988 5730 1141 5787 audebunt?
1153 5733 1216 5799 Qum
1230 5732 1279 5788 ahs
1291 5742 1316 5790 tc
1328 5749 1401 5789 arma

617 5833 669 5874 tmn
683 5818 780 5890 iugiem
793 5820 946 5892 nudumque
961 5822 1122 5880 destituent?
1139 5824 1179 5878 rin
1200 5821 1268 5877 iorte
1285 5823 1403 5880 dicturos

647 5970 683 6033 (a)
693 5968 788 6021 nolente
797 5985 828 6023 ex
840 5972 962 6026 luxuriosa
972 5976 1134 6028 adolescentia
1154 5977 1254 6042 insignis
1265 5975 1341 6029 tactas
1349 5979 1402 6041 phi-

526 6062 530 6073 .
616 6029 741 6093 losoplms.
753 6033 810 6084 tide
819 6034 937 6086 valerium
945 6039 1078 6099 maximum,
1091 6038 1153 6089 lilrro
1163 6040 1187 6099 6,
1198 6053 1251 6102 cap.
1263 6038 1288 6102 d,
1297 6047 1322 6091 ot
1330 6048 1401 6091 uer·

615 6093 676 6142 dnm
687 6091 729 6166 trio
747 6106 830 6154 eueni,
842 6095 904 6146 libro
914 6096 930 6145 i
941 6097 974 6147 de
985 6101 1034 6150 rita
1056 6098 1248 6163 hilosophorum.

647 6152 708 6215 (ill
740 6157 933 6218 caugustiuum.
946 6161 1016 6222 Epist.
1031 6115 1071 6210 titt
1082 6175 1089 6221 ;
1102 6161 1157 6211 ride
1169 6164 1241 6214 ctiam
1254 6161 1324 6223 inira,
1339 6169 1401 6213 lter·

612 6215 928 6339 mutipwcisn.mum
950 6219 1064 6271 adversus
1081 6219 1234 6286 religiones,
1254 6225 1402 6275 incomoda

1012 928 1149 987 cosma
1167 895 1336 985 romanus
1350 918 1586 992 ιιιιριιειιιι,
1606 923 1635 978 s.
1657 921 1839 980 aucusrntt

1449 1053 1494 1102 rs,
1509 1040 1640 1092 nerninem
1660 1037 1765 1091 illorum
1779 1047 1805 1090 tc
1819 1035 1845 1090 in
1864 1035 1915 1091 isto
1937 1034 2048 1087 crirrriue
2063 1032 2237 1087 oounrrassci

1449 1126 1482 1180 Et
1496 1127 1558 1195 qnid
1571 1126 1669 1187 farcies,
1691 1141 1750 1180 enm
1766 1126 1812 1179 tihi
1827 1123 1953 1186 dixerint,
1968 1122 2144 1177 Tolerabilius
2156 1130 2238 1177 dente

1449 1216 1577 1271 uralcdico
1596 1217 1702 1270 nuttrina
1716 1214 1870 1270 concideres
1883 1223 1989 1279 uestra,
2003 1229 2080 1281 quatu
2096 1211 2173 1266 sidem
2187 1226 2237 1268 no·

1449 1315 1542 1371 stram,
1556 1305 1632 1376 cujus
1644 1308 1738 1360 merito
1752 1304 1863 1359 iuctclo
1878 1304 1983 1358 nomina
1998 1303 2053 1372 ipsa
2066 1303 2164 1371 scripta
2177 1312 2239 1357 sunt

1451 1396 1559 1452 nostra?
1572 1401 1613 1451 lto
1627 1396 1694 1450 iorte
1703 1395 1776 1450 dices
1786 1394 1833 1459 eis,
1847 1393 1901 1449 Nec
1914 1391 1991 1447 iidcnr
2003 1404 2117 1447 restrarn
2129 1393 2182 1445 olio
2194 1393 2238 1447 tali

1449 1488 1561 1543 erimine
1575 1488 1687 1542 violari?
1701 1486 1754 1542 Sed
1773 1502 1824 1556 qna
1839 1484 1998 1539 conlidctrtia
2013 1483 2038 1537 id
2054 1482 2143 1537 dicere
2156 1481 2239 1536 auda-

1452 1577 1502 1643 his,
1518 1579 1598 1632 homo
1616 1577 1661 1646 qui
1673 1576 1739 1630 dicis
1752 1574 1924 1629 liutrichantm
1937 1589 1996 1627 csse
2016 1587 2135 1637 sensum,
2154 1569 2239 1625 couir-

1451 1667 1501 1724 ιρι-ἱ
1515 1683 1548 1723 cx
1565 1667 1650 1722 Adam
1665 1667 1770 1721 trahere
1784 1675 1924 1719 nascentes
1936 1663 2063 1733 originale
2083 1674 2238 1732 ρρρρριιιιιις

1450 1760 1521 1831 quod
1541 1759 1584 1813 isti
1596 1757 1710 1813 couiessi
1723 1768 1803 1826 atque
1818 1756 1929 1824 proicssi
1942 1766 2004 1808 sont
2017 1753 2087 1823 qnod
2101 1754 2127 1807 in
2142 1751 2239 1820 Cirristi

1452 1848 1586 1904 Ecclesia¹
1600 1862 1707 1901 suornm
1722 1846 1931 1901 rudimentorum
1947 1853 2065 1913 ternpore
2079 1840 2238 1907 didicerunt,

1451 1939 1521 2010 qrrod
1544 1939 1642 1994 Christi
1663 1937 1810 1993 Ecclesiam
1834 1949 1942 1988 suorum
1967 1932 2096 1987 honorum
2121 1942 2240 2001 ternpore

1452 2029 1619 2094 docuerant,
1643 2030 1686 2097 nui
1710 2043 1758 2097 per
1779 2025 1905 2094 Spiritum
1930 2033 2050 2079 sarnetum
2077 2034 2130 2077 tant
2158 2025 2239 2077 nruha

1454 2128 1558 2187 peccata
1571 2119 1695 2174 omnihus
1709 2131 1777 2187 qurrs
1788 2117 1920 2184 baptizare
1933 2123 2084 2183 potuerant,
2101 2122 2154 2166 tam
2170 2113 2239 2166 ntul-

1454 2209 1488 2265 tis
1500 2209 1616 2279 parvulis
1628 2210 1683 2262 sola
1697 2206 1834 2277 originalia
1849 2201 2029 2272 remiseram?
2043 2200 2141 2257 iterum
2157 2210 2182 2254 te
2194 2200 2241 2255 ad·

1454 2315 1564 2365 moneo,
1580 2300 1674 2353 iterum
1688 2311 1763 2367 rogo,
1780 2297 1869 2364 aspice
1882 2304 1920 2348 tot
1933 2308 1965 2348 ae
1978 2293 2044 2347 tales
2059 2292 2184 2346 Ecclesia
2198 2306 2242 2345 ca-

1453 2390 1557 2446 tholic-c
1570 2388 1723 2444 defensores
1743 2398 1821 2457 atque
1835 2388 1973 2442 doctores¹
1986 2404 1993 2441 ε
2008 2383 2068 2438 ride
2082 2383 2179 2454 quihus
2190 2394 2242 2438 taut

1455 2497 1563 2552 gratem
1576 2489 1681 2550 tamque
1693 2479 1820 2533 melariam
1834 2477 1959 2548 irrogaris
1967 2475 2101 2546 iujuriam.

1491 2572 1533 2626 ts.
1554 2574 1594 2625 tiu
1607 2569 1666 2625 idco
1678 2569 1887 2625 contemnendos
1898 2578 1984 2637 putas,
1997 2566 2058 2637 qnia
2068 2565 2243 2621 occidentalis

1455 2662 1580 2718 Ecclesiae
1592 2670 1653 2715 snnt
1665 2675 1776 2726 onmes,
1790 2673 1840 2714 nee
1854 2659 1924 2713 nllus
1935 2667 1976 2713 ρει
1987 2659 2013 2712 io
2025 2658 2065 2713 cis
2078 2672 2243 2712 conrrnemo·

1456 2762 1528 2807 ratus
1541 2768 1555 2805 a
1570 2752 1645 2806 nohis
1655 2751 1771 2806 Orientis
1782 2751 1921 2820 episcopus
1931 2750 1943 2802 l
1952 2748 2019 2814 Quid
2028 2763 2092 2817 crgo
2105 2747 2242 2810 iaciemus,

1456 2860 1515 2900 cum
1531 2844 1566 2900 ilii
1580 2843 1665 2898 Gracci
1678 2843 1740 2905 sint,
1753 2856 1802 2896 uos
1814 2841 1919 2895 Latinit
1932 2840 1998 2894 l‘nto
2011 2840 2057 2895 tihi
2069 2854 2128 2894 eam
2141 2849 2244 2908 partem

1456 2935 1529 2991 orbis
1542 2932 1665 2989 srriiicere
1679 2932 1796 2993 dehere,
1819 2931 1845 2987 in
1860 2946 1910 3000 qna
1930 2931 2043 2999 primunt
2058 2929 2244 2998 Apostolorum

1456 3039 1564 3080 suorum
1576 3024 1659 3078 noluit
1673 3022 1800 3077 Dominus
1815 3021 2004 3091 gloriosissimo
2023 3020 2152 3090 martyrio
2165 3033 2245 3073 coro-

1457 3130 1531 3169 nare.
1544 3113 1590 3168 Cui
1606 3112 1732 3168 Ecclesiae
1747 3111 1931 3181 presidentem
1944 3111 2048 3163 beatum
2062 3108 2244 3163 innocentium

1456 3205 1478 3259 si
1493 3204 1585 3258 andire
1598 3204 1737 3268 voluissem,
1749 3201 1803 3273 jam
1820 3210 1880 3255 tnnc
1894 3200 2066 3270 periculosam
2077 3199 2243 3269 juventutem

1458 3303 1528 3349 tumn
1538 3293 1684 3364 Pelagianis
1694 3293 1794 3362 laqueis
1803 3291 1931 3346 exuisses.
1945 3288 2013 3357 Quid
2022 3289 2094 3342 enim
2106 3287 2191 3357 potuit
2200 3284 2243 3341 ille

1459 3385 1614 3438 rirsroctns
1628 3383 1757 3437 hirieanis
1777 3380 1938 3450 respondere
1954 3378 2091 3441 conciliis,
2108 3377 2159 3431 uisi
2174 3375 2243 3446 qnod

1457 3474 1600 3544 arrliqnitus
1620 3472 1770 3541 Apostolico
1786 3470 1868 3524 Sedes
1886 3480 1914 3524 et
1933 3469 2049 3522 iioumttu
2065 3482 2126 3521 curu
2140 3465 2245 3520 cureris

1459 3573 1530 3619 terret
1541 3570 1740 3632 perseveranter
1751 3558 1884 3615 Ecclesia?
1897 3558 1930 3613 Et
1943 3570 2030 3612 tamen
2040 3557 2099 3626 ejus
2109 3571 2243 3612 successo

1459 3673 1514 3711 ιριιι
1526 3652 1684 3729 (Zosiurnm)
1694 3653 1804 3708 crimine
1822 3649 2044 3721 paor-arteartoais
2052 3664 2173 3712 accusas,
2183 3648 2242 3717 qnia

1458 3745 1585 3800 doctrinae
1597 3744 1749 3812 apostolica.
1761 3751 1788 3797 et
1800 3742 1839 3795 sui
1852 3740 1999 3796 decessoris
2012 3739 2151 3794 sententia·
2163 3739 2243 3793 noluit

1458 3835 1594 3905 reiragari.
1606 3834 1657 3889 Sed
1668 3833 1702 3888 de
1713 3834 1763 3887 hoc
1775 3832 1877 3887 interim
1892 3840 1976 3893 taceo
1988 3846 2021 3884 uc
2031 3830 2148 3884 anirmrro
2160 3840 2241 3892 tuum,

1457 3943 1537 3999 quem
1551 3942 1646 3982 sanare
1659 3926 1832 3995 potinscnpio
1846 3939 1924 3993 quarn
1943 3921 2056 3986 irricrrc,
2073 3921 2194 3976 laudihus
2207 3918 2242 3973 toi

1458 4019 1620 4073 damnatoris
1639 4016 1799 4072 exulcerem.
1816 4013 1912 4069 Sancto
1930 4012 2084 4068 innocentio
2102 4011 2161 4066 ride
2181 4009 2241 4082 qnid

1458 4108 1629 4179 respondeas,
1643 4108 1688 4178 qui
1710 4107 1777 4161 nihil
1794 4105 1864 4161 aliud
1883 4103 1917 4158 dc
1938 4103 1987 4158 hac
2006 4118 2035 4156 re
2054 4102 2142 4170 sapit,
2165 4115 2242 4171 priato

1458 4200 1527 4270 qnod
1540 4199 1582 4253 isti
1597 4199 1622 4252 in
1636 4194 1748 4268 qnorum
1763 4205 1789 4251 te
1809 4203 1981 4259 conventum,
1997 4193 2020 4248 si
2034 4204 2121 4248 tamen
2137 4191 2243 4261 prodest

1458 4289 1567 4358 aliquid,
1583 4288 1733 4343 introduxi:
1749 4302 1809 4342 cum
1825 4286 1866 4340 his
1879 4284 1959 4339 ctiam
1974 4284 2028 4353 ipsc
2042 4283 2179 4347 considet,
2193 4283 2242 4337 etsi

1458 4383 1590 4454 posterior
1604 4391 1734 4450 ternpore,
1749 4379 1821 4449 prior
1831 4379 1901 4432 loco.
1914 4377 1951 4432 ile
1965 4375 2070 4431 miseris
2084 4375 2198 4445 parrnhs
2209 4371 2242 4426 ah

1457 4473 1580 4544 originali
1595 4473 1674 4536 malo,
1690 4470 1761 4540 quod
1785 4468 1897 4523 trahitur
1910 4483 1942 4521 cx
1967 4465 2062 4530 Adam,
2079 4480 2127 4535 per
2144 4463 2242 4520 Christi

1457 4564 1567 4634 gratiam
1582 4561 1741 4621 liberandis,
1756 4574 1834 4614 ouant
1854 4574 1914 4614 enm
1930 4557 1969 4612 eis
1989 4566 2061 4611 tenet
2072 4555 2240 4611 christianam

1457 4668 1600 4723 seramque
1612 4651 1767 4706 sententiam
1780 4668 1786 4702 :
1801 4648 1843 4719 qui
1859 4663 1938 4703 omne
1949 4645 2109 4716 preteritum
2121 4643 2211 4698 citium
2220 4642 2240 4710 ⁸,

1458 4746 1535 4814 primi
1549 4744 1650 4798 seilicet
1667 4741 1791 4805 hominis,
1806 4741 1850 4809 qui
1865 4740 1947 4794 iilrcro
1962 4739 2070 4793 arbitrio
2083 4747 2124 4792 est
2138 4737 2164 4791 in
2180 4752 2240 4807 pro·

1457 4836 1536 4891 inodo
1551 4834 1704 4897 demersos,
1717 4831 1850 4885 Christum
1864 4830 1930 4884 dixit
1942 4830 1982 4883 sui
1996 4829 2103 4883 laracro
2119 4840 2241 4898 purgasso

1458 4925 1624 4996 Baptismatts
1633 4922 1725 4993 (repta.
1737 4923 1797 4987 181,
1809 4939 1834 4974 ιι.
1847 4923 1873 4982 t,
1884 4919 1949 4974 inter
1962 4921 2168 4991 Aupttrtinionos)
2179 4935 2186 4984 ;
2199 4917 2240 4986 qui

1457 5016 1570 5088 detriqtte
1595 5014 1718 5085 parrulos
1741 5013 1862 5068 definivit
1878 5011 1983 5082 (Epist.
2007 5011 2067 5076 ¹82,
2088 5028 2115 5064 ιι.
2130 5012 2157 5073 5,
2180 5011 2241 5063 inter

1457 5103 1692 5179 Augustinorum),
1718 5105 1766 5158 nisi
1801 5102 2018 5158 manducaverint
2048 5117 2156 5156 euntem
2183 5100 2241 5156 Filii

1457 5197 1582 5263 hominis,
1599 5197 1679 5249 vitam
1693 5210 1801 5266 prorsus
1814 5194 1913 5248 hahere
1930 5209 1982 5247 noo
1995 5207 2073 5261 posse
2088 5189 2184 5258 (datan.
2196 5207 2220 5244 rt
2234 5231 2240 5254 ,

1456 5288 1521 5361 54).
1536 5288 1602 5343 iluic
1623 5285 1763 5357 teporata,
1780 5286 1833 5339 into
1846 5283 1896 5353 ipsi
1916 5283 2039 5348 Domino,
2052 5283 2129 5350 cujus
2140 5282 2185 5337 ilic
2196 5299 2242 5336 ιιι-

1456 5382 1531 5438 ιίειρε
1545 5396 1610 5436 ιιειιε
1619 5387 1660 5436 est
1672 5377 1832 5443 testimonio,
1848 5384 1875 5432 ct
1888 5375 1932 5429 dic
1945 5375 2015 5431 uude
2029 5375 2116 5445 iutago
2129 5375 2175 5429 ilci
2190 5386 2241 5429 tam

1455 5470 1560 5540 capitali
1574 5468 1702 5539 supplicio
1718 5468 1850 5537 puniatur,
1866 5474 1894 5520 nt
1907 5466 1959 5519 vita
1971 5464 2100 5532 privetur,
2111 5465 2133 5517 si
2147 5479 2241 5534 pecca-

1456 5571 1511 5616 tum
1530 5576 1544 5614 a
1567 5559 1736 5614 nascentibus
1753 5556 1880 5627 originale
1900 5571 1952 5610 uon
1973 5544 2096 5610 trairitur.
2112 5555 2165 5612 Sed
2179 5553 2242 5627 qnid

1455 5651 1538 5714 dicas,
1554 5659 1600 5704 ant
1614 5649 1673 5721 auid
1694 5648 1871 5718 respondeam
1886 5647 1930 5718 qui
1946 5648 2025 5704 etiam
2039 5647 2062 5701 si
2077 5647 2184 5702 heatum
2196 5661 2243 5702 au-

1455 5739 1518 5795 deas
1532 5738 1723 5802 hmocerrtium,
1735 5753 1787 5792 ooo
1799 5736 1909 5793 auriehis
1921 5744 2010 5792 tamen
2023 5736 2157 5793 Christum
2172 5737 2242 5793 dice·
2267 5718 2270 5727 Ι

1455 5849 1484 5888 re
1497 5831 1685 5888 ltaaictrauart

1491 5925 1533 5980 li.
1554 5923 1611 5978 lion
1625 5933 1666 5980 cst
1678 5938 1742 5994 ergo
1760 5938 1807 5979 cur
1819 5937 1949 5994 provoces
1961 5922 1993 5978 ad
2007 5921 2124 5978 Orientis
2137 5921 2240 5977 antisti-

1487 6103 1494 6135 ¹
1512 6100 1610 6153 radices
1620 6108 1684 6172 nas,
1699 6101 1762 6165 porr
1777 6100 1803 6153 ia
1814 6107 1898 6154 ιωιρια
1913 6099 2018 6155 ειιιεριρ
2031 6114 2041 6152 .·
2053 6101 2167 6163 aura,
2178 6103 2240 6165 arod

1453 6171 1560 6215 martum
1573 6162 1709 6214 cahanan.

1485 6226 1496 6256 ¹
1512 6237 1547 6274 >re
1556 6238 1642 6274 omues
1657 6232 1708 6274 ttss.
1720 6226 1794 6283 tdirl,
1806 6231 1918 6276 rectores.

1486 6285 1496 6319 ¹
1513 6296 1560 6335 am.
1572 6293 1607 6335 rr.
1622 6296 1646 6334 ct
1657 6286 1766 6350 plerique
1778 6295 1841 6348 itas,
1855 6287 1892 6337 hic
1905 6294 1928 6337 et
1940 6285 2011 6347 inin,
2022 6282 2238 6349 praecautiones.
