5592 7350
675 901 725 953 ιιι
807 923 815 937 ·

675 1010 782 1079 propr-io
803 1004 924 1066 corariis,
943 1001 1079 1055 renoldum
1102 996 1170 1069 quod
1183 995 1267 1068 pessit,
1287 995 1337 1049 siue
1356 992 1458 1054 bouum,

679 1102 729 1151 rire
742 1096 832 1148 ornlauu
851 1112 860 1143 ι
880 1089 912 1163 (ll
926 1088 983 1145 Cor.
999 1104 1026 1154 r,
1043 1088 1097 1156 ld).

713 1186 740 1239 lu
757 1183 797 1238 bis
810 1181 934 1236 omuibus
950 1177 1074 1249 qrrlrlquld
1087 1176 1178 1231 dieunt
1191 1174 1224 1229 de
1241 1172 1319 1227 laude
1332 1179 1463 1226 aratura

676 1284 755 1344 atque
768 1271 929 1343 nuptiarum,
946 1268 980 1322 ad
993 1267 1043 1321 hoc
1057 1266 1156 1320 relcrre
1167 1274 1306 1325 conantur,
1324 1272 1352 1316 nt
1364 1278 1416 1315 nou
1428 1259 1464 1315 sit

672 1360 804 1429 originale
815 1370 951 1428 peccatum
966 1375 973 1411 ι
986 1355 1112 1427 quidquid
1125 1354 1159 1410 tle
1172 1353 1251 1409 laude
1264 1352 1330 1424 legis
1343 1362 1371 1409 et
1386 1350 1462 1405 liberi

676 1450 788 1512 arbitrii,
803 1447 836 1501 sd
850 1447 911 1512 boc,
926 1456 955 1499 ut
969 1446 1051 1515 gratia
1066 1458 1119 1499 ooo
1140 1442 1246 1510 adjuret
1260 1441 1311 1495 nisi
1329 1441 1462 1504 meritum,

982 887 1117 945 coatus
1140 885 1228 944 bttas
1249 885 1431 941 tiulstntts
1451 883 1726 944 bttttnttttnttnl.
1746 880 1775 936 S.
1795 880 1977 939 rtdttstttl

2252 880 2304 934 oli

1515 1001 1643 1045 creaturae
1656 991 1756 1051 dicunt,
1774 1007 1784 1041 r
1799 989 1881 1044 ileum
1894 990 1991 1044 bouum
2006 990 2172 1046 nascentium
2186 992 2303 1046 corulilrr

1515 1095 1581 1143 reru,
1597 1094 1732 1149 perquem
1746 1077 1815 1134 lrcta
1834 1089 1896 1133 suut
1910 1081 2010 1143 omnia,
2023 1080 2137 1149 eiusque
2158 1095 2228 1151 opus
2245 1097 2302 1136 csse

1514 1168 1581 1224 lilios
1601 1170 1749 1235 lromiunm,
1766 1187 1777 1223 ι
1796 1185 1863 1239 quus
1884 1169 2019 1225 llauichaei
2042 1170 2136 1225 dicunt
2155 1187 2226 1240 opas
2246 1187 2303 1226 esse

1516 1260 1640 1329 principis
1654 1260 1841 1325 tenebrarum,
1864 1274 1926 1314 cum
1939 1260 2007 1315 iuter
2020 1267 2159 1331 utrosque,
2173 1260 2217 1316 rel
2236 1261 2303 1330 apud

1515 1362 1640 1421 utrosque
1655 1351 1700 1408 liei
1709 1360 1849 1416 matura,
1866 1367 1927 1419 oue
1937 1360 1978 1406 est
1992 1351 2019 1404 io
2035 1350 2180 1404 letantibus
2195 1352 2306 1420 penali

1515 1444 1626 1515 Utrique
1639 1444 1709 1499 euim
1733 1444 1827 1497 uolunt
1843 1458 1902 1499 cam
1917 1442 2107 1504 Christicarne
2132 1451 2160 1497 et
2177 1445 2304 1512 sauguine

679 1554 710 1592 ae
722 1539 760 1594 sir,
772 1538 920 1608 gratiajam
939 1550 991 1591 uon
1015 1535 1051 1588 sit
1063 1530 1307 1603 gratiarquidquid
1328 1531 1362 1586 dc
1385 1529 1464 1586 laude
1513 1533 1620 1588 libcrari
1636 1550 1644 1590 r
1658 1532 1694 1590 illi
1706 1533 1768 1603 quia
1783 1532 1866 1601 ipsam
1886 1547 1995 1587 caruem
2012 1542 2040 1586 et
2054 1547 2213 1601 sauguinem
2227 1533 2303 1587 Clui-

670 1641 837 1690 >sauctorum¹
851 1627 883 1682 ad
897 1628 957 1692 lroc,
972 1634 1000 1681 ut
1010 1627 1062 1681 rita
1082 1624 1201 1678 anomalis
1215 1624 1240 1677 in
1257 1622 1357 1677 sanctis
1371 1621 1463 1676 videa·

598 1717 612 1733 ‘
677 1732 721 1775 tur
735 1735 786 1772 ιιοιι
800 1719 898 1773 trabere
905 1728 1052 1787 peccatum,
1069 1729 1118 1770 uec
1129 1716 1163 1768 sit
1175 1715 1213 1768 eis
1223 1713 1403 1769 necessarium
1415 1726 1464 1781 pro

604 1816 611 1829 ³
676 1807 840 1865 dimittendis
855 1806 950 1863 debitis
963 1808 1019 1860 suis
1029 1802 1131 1873 precari
1140 1804 1233 1858 Deum.

711 1896 824 1953 CAPUT
845 1895 887 1950 tlt.
900 1924 935 1936 -
948 1894 1070 1949 Cntbolrci
1091 1902 1219 1958 unimam,
1237 1894 1348 1961 anplius,
1372 1892 1462 1961 legera,

678 1990 781 2042 liberum
794 1984 935 2050 arbitrium,
948 1993 971 2037 et
980 1993 1080 2039 muetos
1089 1983 1125 2036 ric
1139 1982 1254 2043 laudaut,
1269 1990 1296 2034 ιιι
1310 1979 1464 2051 Pelopiouos

673 2076 753 2138 simol
765 2086 788 2128 et
802 2074 956 2129 llaoicboeor
974 2072 1102 2125 damnent.
1124 2071 1173 2124 ista
1188 2069 1288 2125 nelaria
1302 2069 1425 2139 dogmata
1437 2076 1465 2124 ct

674 2165 836 2220 damnabilia
849 2163 876 2218 in
889 2162 941 2217 lrac
952 2162 1081 2231 tripartita
1093 2159 1221 2214 ‹ltrtstone
1235 2160 1353 2228 quisquis
1375 2168 1465 2214 mente

676 2259 803 2313 eatlrolica
816 2256 951 2320 exhorret,
970 2256 1040 2308 illins
1050 2253 1166 2323 quinque
1179 2253 1282 2319 partite
1299 2251 1413 2306 latebras
1425 2252 1466 2304 irr-

672 2350 809 2419 sidiasrpre
820 2348 928 2412 devitet,
942 2354 1021 2415 atque
1036 2346 1070 2398 ita
1083 2344 1151 2396 iuter
1160 2352 1302 2410 utrumque
1312 2342 1346 2395 sit
1359 2350 1462 2404 cautus,

678 2449 707 2493 ut
718 2438 757 2493 sic
768 2437 884 2492 declinet
905 2434 1088 2493 llaniclraenm,
1112 2445 1146 2485 ue
1163 2445 1193 2485 se
1212 2429 1321 2483 inclinet
1344 2430 1371 2482 iu
1386 2429 1465 2484 Pela-

672 2530 766 2599 gium;
779 2540 924 2595 rursusque
934 2525 968 2578 ita
981 2538 1010 2578 sc
1023 2504 1167 2591 sejungat'a
1181 2519 1339 2588 Pelagiauis,
1355 2534 1389 2572 ue
1400 2533 1466 2572 cou-

674 2619 769 2690 juugat
782 2614 949 2679 llarriclrais3
964 2621 1011 2667 aut
1020 2612 1043 2666 si
1057 2610 1227 2666 inalterutris
1236 2609 1290 2676 jam
1302 2617 1417 2668 tenetur,
1429 2623 1466 2662 uc

679 2710 720 2764 sic
736 2723 766 2763 sc
788 2722 802 2761 a
822 2705 983 2777 quibuslibet
1003 2700 1214 2765 alteriseruat¹,
1233 2701 1298 2753 utin
1320 2700 1417 2753 alteros
1429 2700 1466 2752 ir-

678 2806 748 2855 ruat
764 2797 893 2854 Videntur
908 2794 1007 2863 quippo
1023 2795 1093 2847 inter
1111 2805 1143 2844 ae
1159 2804 1220 2845 esse
1233 2789 1376 2851 contrarii;
1400 2804 1466 2858 ‹pro-

677 2889 749 2943 uiam
771 2886 887 2956 quinque
899 2886 942 2941 illa
960 2881 1098 2938 llaoiclrri
1118 2880 1291 2949 vituperando
1304 2893 1332 2933 se
1352 2877 1466 2932 urarrrlc·

678 2986 760 3044 stant,
786 2976 920 3046 Pelagiaui
941 2972 1072 3028 larndaodo
1091 2986 1121 3027 se
1133 2971 1282 3025 occultare
1298 2970 1466 3038 Quapropter

1514 1622 1560 1689 sti,
1573 1631 1697 1692 mamam
1711 1621 1770 1677 hacc
1783 1623 1893 1675 omuino
1913 1622 1939 1675 io
1955 1620 2061 1677 bomine
2080 1620 2124 1677 ret
2144 1637 2176 1676 er
2198 1620 2304 1679 bonore

1516 1728 1569 1768 nou
1588 1713 1743 1781 srrscepcril,
1765 1712 1904 1767 destruunt
1915 1727 1924 1778 ;
1937 1713 1980 1766 isti
2000 1721 2100 1779 mrtem,
2123 1714 2188 1783 prta
2206 1714 2302 1769 aralium

1516 1801 1614 1856 malum
1633 1802 1719 1857 inesse
1733 1801 1878 1858 trrtarrnbru
1898 1811 2030 1865 assertmt,
2047 1802 2120 1859 nude
2142 1818 2193 1873 per
2213 1804 2304 1861 sm

1517 1902 1632 1947 urcotunr
1647 1894 1735 1949 cornis
1747 1893 1827 1963 liujus
1840 1901 1869 1949 et
1889 1894 2029 1963 sauguinis
2046 1896 2208 1950 liberentur.
2232 1896 2304 1953 tarn

1517 1982 1585 2036 inter
1600 1983 1659 2035 rllos
1674 1983 1699 2036 io
1719 1983 1837 2052 parvulis
1856 1982 1972 2040 bumana
1993 1994 2115 2041 creatura
2139 1986 2304 2043 iustitmimm

1517 2074 1595 2137 bena,
1612 2074 1800 2144 propagatione
1814 2075 1923 2137 vitiata:
1939 2075 2080 2130 bonissuis
2089 2078 2225 2132 coobtcus
2236 2079 2305 2146 opti·

1518 2182 1590 2219 mum
1614 2165 1791 2228 conditorem,
1807 2166 1883 2220 malis
1908 2167 1962 2219 suis
1975 2180 2097 2236 qrrurcus
2110 2169 2304 2223 misericordis·

1516 2256 1611 2309 simum
1633 2254 1846 2323 redemptorem
1870 2255 2030 2314 ttrrrtctaeos
2051 2257 2153 2312 babeas
2175 2257 2302 2313 bonorum

1515 2360 1623 2399 suorum
1644 2346 1845 2414 vituperatores,
1873 2345 2026 2416 Pelagianos
2050 2346 2153 2403 babens
2176 2350 2302 2404 malorum

1517 2450 1624 2491 snorum
1637 2445 1789 2505 negatores,
1806 2446 1932 2506 ntmsune
1946 2447 2142 2506 persecutores.
2166 2438 2201 2493 lit
2213 2456 2304 2510 quam-

1516 2527 1558 2580 ιιι
1572 2540 1619 2596 per
1631 2526 1768 2581 iolarrtiam
1786 2526 1858 2597 loqui
1877 2541 1929 2581 ιιοιι
1944 2528 2040 2591 ralear,
2060 2528 2251 2597 speeiecrmcn
2268 2541 2305 2583 ra·

1516 2617 1567 2671 cita
1581 2617 1872 2672 etirrtlrmitateabdita
1893 2617 2155 2687 impiamrauitatcm
2176 2628 2306 2675 utmruru·

1518 2722 1571 2777 quc
1583 2706 1734 2777 compellat,
1749 2717 1776 2761 et
1790 2706 1844 2761 illis
1856 2706 1957 2775 diceus,
1973 2707 2013 2761 bb
2024 2721 2057 2764 eo
2076 2708 2121 2776 qul
2132 2707 2201 2762 boun
2223 2719 2304 2774 uest,

1517 2796 1618 2852 credite
1632 2812 1674 2851 mc
1688 2796 1773 2851 creari
1784 2812 1793 2862 3
1808 2805 1835 2850 et
1848 2796 1904 2850 istis
1914 2795 2015 2860 diceus,
2028 2796 2068 2851 nb
2080 2812 2113 2850 eo
2125 2797 2172 2868 qrri
2185 2813 2305 2853 merres·

1517 2888 1568 2950 rit,
1599 2885 1678 2941 sinite
1703 2899 1746 2940 me
1770 2885 1869 2939 sanari.
1894 2884 2064 2939 llauiclraus'
2081 2885 2246 2942 dicitzllibil
2266 2896 2307 2943 est

1516 2974 1599 3043 liujus
1612 2973 1789 3040 infantis,uisi
1803 2976 1889 3028 auirua
1902 2974 1968 3028 boun
1979 2976 2133 3040 liberanda;
2146 2985 2243 3032 catera
2255 2995 2305 3034 non

676 3078 806 3138 utrosque
830 3066 938 3122 damnat
958 3073 1037 3135 atque
1050 3064 1159 3128 devitat,
1178 3061 1300 3132 quisquis
1320 3061 1465 3117 secuudum
1516 3063 1550 3117 ad
1563 3065 1646 3119 ileum
1664 3064 1773 3126 bouum,
1783 3064 1833 3118 sed
1851 3064 1883 3118 ad
1897 3067 2046 3134 principem
2060 3066 2232 3121 tenebrarum
2246 3083 2305 3138 per·

677 3160 796 3230 regulam
810 3155 946 3213 catholica
960 3155 1020 3210 [idei
1030 3154 1070 3209 sic
1084 3154 1110 3208 iu
1124 3152 1278 3207 hominibus
1298 3152 1467 3206 irascentibus
1515 3155 1626 3210 tinentia
1639 3156 1785 3223 respuenda
1797 3156 1817 3210 ¹.
1834 3154 1988 3225 Pelagianos
2003 3156 2067 3211 dicit
2079 3170 2087 3211 a
2098 3156 2156 3213 lmo
2174 3159 2253 3228 bujus
2266 3161 2305 3214 in·

677 3251 713 3306 de
726 3249 795 3303 bona
810 3256 931 3303 creatura
944 3246 1034 3301 mauis
1045 3254 1074 3300 et
1084 3246 1181 3300 aalma
1204 3243 1336 3314 glorilicat
1354 3244 1466 3297 create·
1518 3243 1597 3298 lautis
1620 3243 1685 3298 utbtl
1702 3254 1745 3299 est
1767 3244 1942 3303 liberandum.
1955 3245 2015 3314 quia
2041 3254 2125 3300 totum
2145 3247 2307 3303 ostendinus

675 3355 750 3404 rem,
774 3338 844 3408 quod
857 3351 910 3391 nou
931 3336 987 3391 vult
1006 3335 1184 3400 Manicheum
1207 3343 1234 3387 ut
1248 3342 1336 3388 tameo
1359 3341 1467 3403 prepter
1516 3333 1630 3389 ratruu.
1645 3334 1731 3388 tubo
1744 3334 1907 3389 mentiuntur
1919 3351 1927 3388 ι
1939 3334 2049 3402 sedjam
2066 3335 2208 3392 mitiorest
2223 3338 2307 3393 carnis

676 3429 780 3494 uitium,
790 3426 861 3498 quod
873 3427 898 3481 iu
913 3440 961 3481 eos
974 3440 1021 3495 per
1036 3432 1171 3493 peecatnu
1187 3423 1265 3493 primi
1275 3424 1390 3479 beroiuis
1402 3438 1466 3495 per·

678 3518 793 3584 transiit,
806 3516 958 3571 lateatnret
970 3514 1087 3585 paruulis
1096 3513 1275 3569 rrocensarinm
1290 3512 1465 3578 saluatorem,

675 3606 749 3678 quod
764 3621 816 3661 uon
829 3605 885 3659 uult
895 3603 1018 3673 Pelagius
1032 3620 1038 3656 :
1052 3603 1091 3658 sic
1103 3602 1230 3658 discernit
1244 3602 1342 3656 malam
1364 3602 1467 3673 puden·

675 3700 721 3750 dre
738 3695 992 3764 concupiscentiosa
1015 3694 1132 3747 bonitate
1155 3693 1316 3761 nuptiarum,
1331 3701 1360 3747 ιιι
1379 3706 1467 3762 noune

679 3785 830 3842 liauicbaeis
842 3784 935 3838 struitis
947 3783 1015 3837 uude
1028 3783 1160 3837 nascimur
1172 3783 1272 3850 culpet,
1288 3797 1376 3852 neque
1387 3782 1468 3837 Pela-

679 3876 763 3944 giaois
783 3873 877 3928 siurilis
896 3872 966 3927 uude
987 3871 1173 3926 confundimur
1193 3872 1282 3936 laudet
1296 3890 1303 3926 :
1317 3873 1356 3927 sic
1376 3873 1463 3942 legero

677 3981 728 4036 per
739 3965 847 4035 llopseu
859 3973 976 4018 samiam
988 3962 1120 4031 etiustam
1132 3971 1160 4017 et
1172 3962 1268 4016 borram
1282 3977 1297 4016 a
1312 3963 1366 4017 ileo
1374 3971 1467 4017 samio

678 4068 707 4112 et
721 4057 794 4127 justo
806 4064 834 4111 et
850 4056 920 4110 bono
934 4054 1021 4108 datam
1037 4068 1096 4109 esse
1118 4051 1255 4117 defendit,
1278 4052 1349 4123 quod
1374 4061 1465 4107 rantra

680 4148 835 4218 Apostolum
849 4154 926 4214 negat
935 4143 1112 4208 llauiclracns;
1134 4152 1161 4196 ut
1174 4157 1234 4198 eam
1245 4141 1319 4197 dicat
1333 4152 1467 4211 etpecea-

677 4249 734 4293 tum
751 4237 903 4301 ostendere,
928 4252 979 4289 nou
999 4243 1087 4290 tamen
1107 4235 1210 4300 tollere,
1234 4243 1263 4289 et
1281 4235 1412 4303 justitiam
1424 4234 1467 4301 ju·

679 4329 754 4397 bere,
771 4343 822 4383 uon
833 4336 919 4383 burreu
931 4325 1007 4395 clare,
1022 4326 1092 4398 qrrod
1106 4336 1295 4382 remnscontra
1309 4326 1466 4394 Aposbrlura

680 4431 758 4491 negat
771 4420 892 4489 Pelagius
905 4436 912 4472 :
926 4418 965 4472 sic
977 4418 1075 4472 asserit
1087 4418 1200 4472 liberum
1213 4418 1362 4480 arbitrium:
1373 4429 1401 4471 ιιι
1413 4433 1465 4472 ιιοιι

677 4528 711 4566 er
726 4522 818 4586 natura
840 4509 930 4563 nescio
952 4522 1003 4576 oua
1022 4521 1130 4576 seraper
1149 4507 1227 4570 mala,
1243 4523 1303 4576 quae
1327 4505 1400 4560 nulla
1413 4516 1465 4572 est,

679 4600 726 4656 sed
735 4616 767 4657 er
782 4600 839 4670 ipso
853 4598 963 4653 arbitrio
976 4597 1091 4666 cupisse
1105 4596 1175 4650 dicat
1189 4606 1217 4651 et
1232 4596 1318 4665 augeli
1332 4607 1359 4651 et
1377 4597 1466 4650 bomi-

680 4695 722 4746 uis
735 4692 842 4754 malurn,
858 4688 929 4760 qued
948 4689 1045 4743 crertit
1063 4687 1186 4741 irreresim
1209 4687 1393 4752 liauielraeaum
1418 4703 1467 4742 nec

682 4782 741 4836 ideo
758 4791 845 4834 tamcu
862 4794 939 4848 posse
951 4777 1080 4846 captivum
1095 4777 1267 4841 volrrotateru,
1283 4778 1332 4830 uisi
1350 4778 1394 4832 ilci
1408 4793 1468 4846 gra·

682 4875 728 4937 ria,
754 4870 885 4940 respirare
910 4870 935 4922 iu
958 4868 1091 4923 salubrem
1114 4868 1274 4935 libertatem,
1290 4869 1359 4937 quod
1373 4871 1468 4923 euertit

682 4962 804 5016 lrarcsim
818 4960 983 5028 Pelagiauam
1000 4974 1008 5013 a
1023 4959 1063 5014 sic
1075 4958 1163 5013 laudat
1177 4959 1204 5013 in
1230 4959 1286 5013 Deo
1298 4971 1405 5013 sanctos
1420 4960 1469 5012 lro-

683 5052 767 5104 ruluos
781 5050 825 5102 ilci
839 5064 891 5102 uon
905 5049 990 5102 solnm
1002 5063 1035 5102 cx
1048 5048 1216 5103 manifestato
1231 5048 1257 5102 in
1271 5065 1351 5103 carue
1362 5048 1469 5105 Christo

682 5153 708 5194 er
733 5139 866 5207 deinceps,
892 5138 1082 5191 verumetiam
1108 5139 1276 5205 superiorum
1297 5149 1466 5207 terrrporuru,

683 5243 750 5298 unos
764 5226 861 5280 audeat
872 5223 1053 5294 blasphemare
1062 5224 1215 5289 Manichaei,
1231 5236 1259 5280 ut
1268 5237 1354 5281 taruco
1363 5229 1396 5281 dc
1406 5229 1469 5296 ipsis

684 5322 744 5391 plus
757 5318 847 5374 credat
858 5316 922 5386 ipsis
933 5315 1130 5382 contuentibus,
1145 5331 1223 5386 quam
1237 5318 1384 5389 pelagianis
1394 5334 1468 5374 mcu-

683 5411 820 5468 ticutibtrs.
833 5408 991 5464 Sanctorum
1006 5409 1076 5464 enim
1091 5423 1140 5462 uox
1150 5417 1201 5475 est,
1215 5408 1245 5463 Si
1256 5409 1393 5463 discrimen
1406 5411 1467 5480 qais

681 5511 811 5576 peccatum
821 5517 871 5554 uon
881 5499 1009 5565 laudemus,
1025 5499 1147 5566 nosipsos
1161 5498 1312 5562 redimimur,
1337 5510 1360 5553 et
1376 5501 1467 5556 nerim

680 5596 708 5648 iu
721 5592 849 5649 uobiscum
862 5600 897 5644 est
911 5587 931 5658 ll
942 5588 1018 5644 loon.
1033 5603 1052 5652 t,
1066 5589 1104 5658 8).

708 5682 821 5740 corut
831 5665 1165 5744 tl.ssbeturoerrrosrrrn,
1179 5679 1468 5752 Pelopioai,liouiclrei.

684 5775 733 5831 llts
743 5776 778 5828 ita
790 5788 819 5829 sc
828 5772 994 5834 lnbentibus,
1004 5770 1065 5843 qnid
1081 5771 1189 5841 prodest
1201 5773 1312 5827 rrorellts
1326 5771 1467 5836 itaereticis,

680 5865 797 5920 inimicis
804 5860 1127 5919 crucisClrristictdirime
1135 5862 1468 5933 oppugnatoribusgratin,

680 5953 756 6024 quod
767 5969 781 6007 a
794 5942 1101 6009 tturrtclraururn‘urrore
1111 5952 1167 6006 sani
1180 5952 1309 6016 ridentur,
1319 5963 1344 6008 et
1357 5954 1407 6007 alia
1422 5969 1469 6008 sua

681 6046 832 6113 pestilentia
847 6045 1011 6100 moriuntur?
1019 6044 1086 6110 Quid
1097 6045 1136 6100 eis
1146 6043 1262 6115 prodest,
1271 6046 1340 6113 quod
1353 6044 1380 6099 iu
1391 6045 1470 6102 laude

684 6179 723 6288 w·
736 6188 826 6288 inmugit
836 6186 883 6238 nn,
895 6177 966 6231 ebori
980 6186 1063 6230 serr«.
1075 6185 1139 6241 lor..
1152 6178 1235 6233 nbemr
1251 6188 1334 6233 arro.
1348 6184 1471 6246 castigau-

1518 3426 1599 3480 sollns
1612 3433 1760 3492 accusator,
1782 3440 1861 3495 quam
1877 3423 1920 3495 (pri
1940 3426 1966 3479 iu
1980 3426 2134 3481 universum
2144 3428 2160 3459 ‘¹
2171 3430 2305 3483 couriuci-

1517 3524 1561 3569 tnr
1583 3516 1680 3570 sarire
1699 3516 1830 3570 laudator.
1853 3514 1906 3571 Sed
1928 3530 1977 3571 uec
2002 3515 2166 3573 Manichacus
2188 3516 2305 3574 humana

1518 3603 1614 3659 aalma
1622 3604 1756 3671 subvenit,
1768 3603 1976 3674 lrlasplrcmamlo
1984 3617 2120 3662 auctorem
2134 3610 2216 3664 totius
2228 3597 2305 3665 homi

1518 3697 1560 3750 uis
1574 3696 1672 3755 Deam:
1693 3711 1742 3752 uec
1756 3696 1913 3766 Pelagianos
1926 3697 2049 3754 hnmanae
2062 3699 2182 3757 iulantiac
2193 3703 2305 3776 diuinam

1517 3789 1628 3859 gratiam
1638 3787 1649 3821 ¹
1660 3789 1802 3844 subuenire
1817 3790 1957 3858 permittit,
1972 3788 2093 3859 negando
2102 3790 2234 3863 originale
2248 3809 2305 3862 pec·

1518 3889 1617 3934 catum.
1637 3879 1707 3933 llens
1727 3893 1791 3948 erge
1811 3880 1952 3935 miseretur
1976 3895 2024 3951 per
2035 3882 2197 3938 calboliemn
2218 3884 2304 3956 fidem,

1518 3985 1578 4039 qnae
1589 3969 1920 4040 ntmurquercdargnendo
1934 3963 2090 4041 perniciem,
2104 3973 2199 4028 infanti
2213 3976 2305 4030 subre-

1518 4061 1557 4115 uit
1569 4060 1603 4115 ad
1616 4062 1746 4125 salutem3
1760 4061 1912 4117 llaoiclueis
1924 4063 2026 4130 diceus,
2041 4063 2139 4120 Audite
2152 4067 2304 4135 Apostolum

1518 4152 1687 4215 clamantem,
1705 4150 1813 4207 Nescitis
1828 4154 1887 4224 quia
1905 4170 1998 4222 corpus
2016 4165 2122 4209 verbnm
2136 4159 2259 4229 ternplum
2274 4168 2305 4212 est

1518 4245 1545 4297 iu
1559 4243 1627 4298 cobis
1650 4241 1764 4313 Spiritus
1786 4243 1900 4316 reuertit
1914 4244 1973 4299 Cor.
1986 4260 2023 4311 ιι,
2039 4245 2100 4316 lili
2122 4247 2248 4303 ellicum
2266 4248 2306 4302 bo·

1517 4350 1581 4388 num
1596 4345 1744 4389 creatorem
1763 4333 1862 4389 credite
1883 4350 2036 4403 corporum,
2063 4337 2125 4407 quia
2149 4355 2203 4394 nou
2226 4349 2306 4411 potest

1518 4441 1578 4482 esse
1594 4426 1720 4495 templum
1733 4425 1849 4498 Spiritus
1862 4429 1945 4481 sancti
1958 4442 2026 4498 opus
2044 4428 2173 4500 principis
2187 4433 2306 4485 tenebra·

1519 4535 1576 4574 rum
1591 4541 1599 4574 ε
1616 4519 1763 4590 Pelagiauis
1785 4519 1892 4584 dicens,
1925 4518 1958 4572 lu
1981 4520 2154 4597 iniquitatibus
2179 4532 2307 4593 εοιιιιγιιιι

1519 4618 1570 4676 est,
1583 4618 1606 4662 et
1618 4610 1643 4663 iu
1655 4611 1761 4679 prorutis
1774 4626 1834 4664 eum
1850 4620 1930 4666 araur
1943 4611 2000 4681 cius
2026 4613 2052 4665 iu
2063 4623 2134 4668 ulmo
2148 4616 2213 4669 oluit
2224 4614 2307 4686 (Psoi.

1520 4716 1545 4765 n,
1561 4701 1599 4769 ll,
1613 4716 1691 4769 quem
1706 4702 1858 4770 conspicitis
1873 4703 2022 4771 parvulum.
2033 4703 2100 4774 Quid
2110 4720 2171 4760 eum
2186 4715 2307 4776 nuquam

1520 4791 1553 4844 ab
1563 4792 1634 4844 omui
1649 4806 1717 4844 nora
1730 4786 2084 4857 liberrimae-leudemondo
2095 4798 2248 4866 permittitis
2264 4813 2310 4867 per

1521 4882 1708 4951 indulgentiam
1722 4882 1847 4936 libcrari?
1865 4881 1946 4937 Nemo
1964 4885 2198 4950 manducatores,
2216 4903 2260 4940 uec
2272 4887 2310 4939 iu·

1521 4975 1578 5043 lam
1587 4976 1660 5036 reios
1672 4981 1706 5026 rat
1721 4973 1770 5026 diei
1782 4974 1858 5029 autur
1868 4974 1917 5026 uita
1930 4985 2110 5041 superterram
2133 4975 2194 5047 (Ιώ
2217 4977 2310 5043 ιιι,5,

1516 5058 1570 5116 ser.
1596 5061 1691 5132 lxx).
1716 5063 1801 5117 Sinite
1830 5064 1956 5118 miserum
1977 5063 2164 5120 remissionem
2190 5068 2311 5136 accipere

1520 5161 1706 5221 paor-morum,
1733 5168 1780 5220 per
1792 5168 1852 5206 curu
1867 5153 1912 5222 rpri
1924 5153 1998 5212 solus
2008 5169 2057 5209 nec
2075 5169 2176 5224 parans
2187 5172 2237 5212 nec
2257 5173 2313 5212 ma·

1520 5257 1588 5312 gnus
1602 5244 1686 5314 potuit
1700 5245 1797 5299 babere
1809 5255 1957 5314 peccatum.

1556 5333 1583 5387 5.
1595 5332 1663 5398 Quid
1683 5335 1722 5386 cis
1736 5334 1815 5402 igitar
1836 5335 1954 5404 prodest,
1978 5335 2049 5406 qnod
2068 5335 2176 5404 dicunt,
2202 5338 2313 5397 «Omne

1506 5435 1657 5491 peccatum
1671 5439 1722 5476 ooo
1737 5424 1771 5477 de
1789 5435 1892 5489 natura,
1913 5425 1960 5480 sed
1973 5426 2006 5481 de
2017 5428 2154 5484 voluntate
2166 5428 2313 5486 derreone-

1522 5531 1571 5579 rc;
1587 5536 1599 5570 r
1621 5529 1648 5572 ct
1663 5518 1814 5574 llauiclruis
1827 5517 1923 5571 malam
1944 5528 2063 5573 naturam
2082 5517 2235 5575 dicentibus
2252 5537 2313 5576 cau·

1521 5625 1578 5665 ram
1592 5626 1652 5666 esse
1665 5609 1779 5680 merati,
1797 5609 1874 5679 lurjus
1886 5610 2025 5664 sententiae
2036 5609 2151 5667 veritate
2164 5611 2310 5668 resistere:

1521 5701 1628 5769 quoodo
1642 5701 1762 5754 uolentes
1777 5700 1919 5755 admittere
1940 5699 2069 5770 originale
2084 5711 2237 5771 peccatum,
2252 5718 2311 5758 cum

1522 5802 1548 5846 et
1562 5795 1647 5863 ipsum
1663 5793 1720 5846 siue
1732 5791 1813 5844 dubio
1830 5790 1955 5859 deprimi
1978 5791 2243 5850 bomtrrisrolounre
2266 5794 2311 5849 de·

1522 5884 1642 5948 sccurlat,
1667 5881 1766 5936 tactum
1791 5896 1851 5936 reos
1873 5880 1997 5951 parrulos
2021 5881 2056 5938 de
2080 5897 2196 5954 corpore
2220 5884 2312 5942 exircl

1554 6059 1563 6090 ¹
1576 6055 1645 6114 lalltl,
1656 6053 1773 6119 pertinent
1785 6054 1927 6118 reomau.
1940 6055 2082 6107 caminum
2092 6062 2156 6119 bnt,
2170 6054 2312 6119 uramini

1523 6120 1669 6236 razim,
1682 6184 1814 6246 ιιιιιιιιιιοι,
1827 6177 1882 6236 onia
1893 6177 1918 6230 ιἰι
1932 6176 2075 6229 usturam.

1556 6243 1566 6275 ⁸
1578 6249 1602 6292 tu
1613 6249 1677 6298 llas..
1688 6241 1839 6290 numanam
