5592 7350
610 911 660 973 lli

609 1022 793 1099 Sonndpearnr
804 1026 871 1083 enaim
882 1026 921 1082 eir
933 1025 1044 1097 infidelis
1057 1027 1180 1091 irrisore,
1196 1032 1218 1080 et
1228 1024 1400 1094 sanctificatur

607 1116 699 1174 ntulier
719 1116 832 1187 infidelis
852 1115 880 1171 in
892 1116 981 1188 [notre.
996 1115 1113 1187 Alioquin
1127 1115 1176 1184 filii
1190 1114 1264 1169 vestri
1277 1113 1402 1167 inrrnuadi

608 1217 705 1275 mort,
725 1224 793 1263 nuno
806 1218 890 1264 notem
910 1208 992 1263 suncti
1005 1218 1064 1262 sunt
1079 1208 1100 1278 (l
1114 1206 1173 1262 Cor.
1186 1211 1239 1272 rlr,
1253 1207 1308 1279 tt).
1324 1205 1401 1275 lion,

609 1301 716 1372 opinor,
731 1298 872 1370 quisquam
887 1307 940 1353 tam
953 1298 1098 1353 mildeliter
1110 1297 1251 1367 intelligit,
1265 1295 1403 1369 quodlibet

609 1395 636 1446 in
651 1392 692 1446 lais
705 1390 795 1446 rerbis
805 1389 945 1461 intelligat,
959 1396 988 1444 ut
999 1389 1035 1444 ob
1045 1389 1096 1444 hoe
1105 1388 1239 1443 existimet
1250 1388 1330 1443 etiam
1346 1403 1402 1442 rara·

609 1485 690 1537 ritum
711 1497 764 1537 uon
784 1482 976 1548 christianum,
999 1481 1060 1551 quia
1080 1479 1224 1536 christiana
1242 1479 1321 1535 luerit
1334 1495 1403 1536 uxor

608 1576 679 1645 rjus,
690 1589 777 1645 neque
787 1575 842 1645 jam
855 1575 984 1644 baptizari
997 1584 1132 1645 oportere,
1147 1584 1174 1630 ει
1184 1575 1218 1630 ad
1229 1584 1402 1645 peecatorum

609 1665 795 1722 remissionem
813 1666 869 1735 jam
895 1658 1067 1735 pervenisse,
1090 1673 1118 1720 et
1138 1665 1165 1719 in
1185 1680 1296 1735 regnum
1318 1663 1402 1719 coelo-

608 1772 670 1812 rum
684 1771 743 1813 esse
760 1757 936 1824 intraturum,
951 1757 1015 1828 quia
1027 1755 1206 1813 sanctificatus
1219 1755 1307 1812 dietus
1319 1766 1359 1811 est
1372 1755 1400 1810 iu

610 1863 708 1904 uxore.

615 2007 622 2014 ,
635 1937 748 1996 CAPUT
757 1937 946 1995 xxvii-te.
955 1937 1040 2004 Quare
1047 1936 1253 2011 ioptimturqui
1255 1936 1313 2010 jum
1320 1936 1352 1991 de
1358 1935 1405 1991 bo·

609 2033 711 2103 ptinotir
718 2040 865 2086 sumuntur.
872 2031 996 2102 Quisquis
1005 2046 1069 2087 vero
1077 2031 1163 2086 aditur
1176 2039 1310 2096 moretur,
1319 2044 1403 2101 quare

609 2121 776 2193 baptizentur
788 2122 835 2192 qul
845 2123 900 2192 iam
913 2121 949 2179 de
966 2122 1107 2195 baptizatis
1116 2131 1269 2189 nascuntur,
1282 2122 1333 2177 boe
1343 2122 1404 2195 bre-

609 2213 678 2267 riter
687 2211 810 2282 accipiat.
818 2210 892 2268 Sicut
901 2214 1037 2283 generatio
1049 2214 1136 2269 carnis
1151 2213 1252 2284 peccati
1263 2228 1402 2284 perunum

476 2266 511 2320 ἡ·
608 2302 1405 2379 Adamadcondemnationemtrahitomnesquieomodoge·

609 2404 746 2463 ueraatur3
755 2396 794 2451 sle
802 2396 939 2466 generatio
948 2395 1056 2467 spiritus
1063 2396 1155 2467 gratie
1165 2395 1401 2467 perunumiesum

604 2484 743 2539 Christum
756 2483 788 2539 ad
800 2484 1017 2554 justificationem
1033 2485 1094 2541 ritae
1104 2494 1211 2541 outcrurae
1222 2484 1295 2540 ducit
1308 2498 1403 2541 ornnes

610 2576 654 2645 qui
670 2589 703 2631 eo
717 2574 796 2631 modo
814 2575 994 2645 praedestinati
1008 2584 1199 2647 regenerantur
1211 2577 1230 2630 ¹.
1242 2573 1402 2631 Sacramen-

609 2677 665 2721 tmn
676 2676 764 2723 autem
778 2667 906 2738 baptismi
920 2668 1038 2739 prolecto
1052 2676 1248 2723 sacramentum
1259 2682 1403 2739 regenera-

610 2760 689 2815 tionis
699 2768 751 2815 εει.
767 2759 898 2828 Quocirca
913 2759 981 2815 sicut
994 2759 1074 2816 homo
1086 2762 1131 2831 qul
1145 2776 1198 2817 non
1211 2761 1319 2827 vixerit,
1334 2760 1402 2816 mori

611 2864 664 2905 non
678 2856 776 2918 potest,
789 2858 817 2905 ct
828 2850 873 2921 qui
887 2858 1008 2906 mortuus
1021 2866 1075 2906 non
1087 2850 1178 2918 luerit,
1192 2866 1333 2923 resurgere
1347 2866 1401 2905 non

609 2950 718 3010 potest:
734 2942 769 2997 ita
790 2944 835 3012 qui
850 2952 928 2998 notus
941 2957 994 2998 non
1007 2941 1095 3012 luerit,
1116 2943 1221 3000 renasci
1234 2959 1288 2998 uon
1302 2950 1399 3015 potest.

610 3033 648 3088 Ex
664 3048 717 3104 quo
730 3032 884 3101 eorrbuimr,
899 3034 1033 3089 neminem
1056 3034 1082 3090 io
1101 3048 1151 3090 suo
1167 3043 1277 3106 parente
1297 3034 1401 3089 renasci

610 3125 725 3193 putuisse
738 3138 791 3179 non
805 3132 906 3179 natum.
918 3124 1139 3195 uporueramem,
1150 3134 1178 3180 ut
1188 3126 1210 3181 si
1224 3134 1301 3181 natus
1310 3123 1398 3191 luerit,

610 3226 764 3271 renascatur
778 3234 787 3271 a
802 3216 862 3287 qula
876 3216 924 3271 nisi
937 3216 993 3287 quis
1009 3225 1083 3272 nutus
1097 3216 1172 3287 luerit
1185 3216 1277 3283 denruo,
1289 3233 1339 3271 noa
1351 3232 1400 3287 pu·

609 3316 652 3361 tert
662 3307 747 3361 ridere
757 3322 862 3378 requam
877 3305 925 3361 Dei
940 3307 1028 3379 (laon.
1043 3322 1082 3376 m,
1097 3308 1135 3378 3).
1153 3307 1263 3378 Oportet
1281 3308 1361 3377 igitur
1371 3314 1405 3362 ut

609 3397 781 3452 Sacramenta
795 3398 1019 3467 regenerationis,
1035 3414 1069 3453 ne
1088 3399 1146 3454 slne
1159 3399 1204 3454 illo
1218 3398 1288 3454 nrale
1300 3398 1335 3454 de
1350 3396 1400 3453 bac

608 3492 657 3543 ulta
672 3497 769 3554 exeat,
783 3490 863 3544 etlam
879 3488 1005 3559 paruulus
1022 3490 1155 3546 imbuatur
1173 3506 1180 3544 ι
1199 3488 1270 3561 quod
1292 3506 1346 3546 non
1370 3488 1401 3545 tn

607 3582 656 3635 nisi
672 3582 698 3636 in
710 3581 894 3637 remissionem
905 3592 1084 3651 peccaturum.
1095 3579 1171 3650 Quod
1181 3582 1260 3637 etiam
1271 3580 1329 3651 ipso
1339 3580 1398 3637 lucu

606 3669 726 3727 tllrristus
738 3670 865 3739 ostendit,
879 3686 938 3728 eum
949 3667 1129 3745 iinterroqatus
1142 3670 1276 3744 quomodo
1290 3680 1399 3742 possent

605 3764 655 3817 ina
668 3762 736 3829 lieri,
752 3762 972 3835 eorumemorarit
984 3763 1046 3835 quid
1057 3763 1162 3837 Moyses
1175 3763 1268 3821 lecerit
1282 3765 1309 3819 in
1321 3763 1397 3821 exal·

605 3854 705 3910 tatione
718 3857 861 3926 serpentis.
872 3857 939 3912 Cum
949 3856 1038 3928 itaque
1046 3872 1095 3928 per
1107 3857 1234 3929 baptismi
1245 3873 1399 3915 sacramen·

604 3955 660 4000 tnm
674 3946 752 4001 munti
767 3946 866 4002 t'hristi
885 3947 1084 4005 conformemur
1098 3950 1226 4018 larinates,
1247 3966 1294 4007 cos
1309 3967 1324 4007 a
1338 3968 1397 4008 scr·

604 4037 694 4105 'nentis
707 4052 798 4092 morsu
813 4038 948 4094 latendum
970 4048 1013 4095 est
1034 4040 1157 4109 liberari,
1171 4043 1193 4097 si
1211 4057 1227 4098 a
1245 4042 1397 4099 christiane

603 4127 665 4182 lidei
680 4128 771 4198 regula
785 4128 909 4184 nolumus
922 4129 1060 4186 aberrare.
1073 4129 1158 4199 Quem
1174 4141 1261 4188 tamen
1278 4148 1396 4190 morsum

603 4234 658 4273 non
671 4218 698 4272 lu
711 4232 759 4274 sua
773 4219 826 4273 rita
841 4220 959 4290 propria,
974 4219 1062 4276 sedin
1077 4221 1124 4278 illo
1134 4222 1176 4278 cui
1190 4223 1312 4294 primitus
1325 4224 1396 4280 intll-

603 4320 663 4365 ctus
674 4318 726 4376 est,
742 4319 910 4381 acceperunt.

640 4403 683 4457 ii.
699 4401 813 4473 objectio
828 4401 1037 4475 Peluqionorum.
1046 4403 1137 4478 Neque
1149 4406 1214 4466 iliud
1229 4409 1311 4477 lallat,
1325 4411 1396 4482 quud

605 4510 654 4549 nee
665 4495 788 4565 parenti¹
804 4506 862 4566 post
871 4498 1092 4555 conversionem·
1105 4500 1203 4557 obsunt
1216 4504 1321 4574 propria
1332 4520 1396 4575 pec·

604 4593 676 4639 rata:
687 4584 885 4654 ‹Quantoeuim
894 4588 1004 4659 magis.»
1016 4589 1148 4661 inquiunt,
1160 4593 1294 4666 rfllloejns
1300 4595 1397 4654 obesse

604 4691 657 4728 raon
666 4677 803 4747 pessumi»
812 4677 864 4734 Sed
872 4680 916 4750 qui
927 4681 978 4737 hoc
988 4683 1115 4748 sentiunt,
1122 4697 1175 4739 non
1185 4686 1323 4743 attendunt
1331 4687 1394 4759 quia

604 4770 671 4824 sicut
681 4771 794 4841 parenti,
805 4773 988 4844 perlroequud
1003 4775 1098 4846 spiritu
1106 4787 1215 4833 renatus
1223 4788 1275 4846 εει,
1288 4781 1394 4851 propria

617 4863 883 4932 ·cecatanonobsunt;
893 4864 1068 4936 itaquideillo
1076 4877 1210 4937 natusest,
1218 4872 1269 4929 uisi
1278 4875 1397 4930 eomodo

606 4963 774 5019 nenamamr,
789 4973 876 5027 quea
893 4969 1001 5028 parente
1014 4968 1096 5017 tracta
1107 4973 1179 5032 sum,
1189 4964 1313 5022 oberunt.
1328 4967 1395 5037 Quia

603 5057 630 5100 ct
642 5046 763 5104 inmorari
781 5059 922 5120 parentes,
937 5067 989 5108 non
1002 5067 1035 5109 ex
1049 5055 1172 5124 primitiis
1193 5059 1327 5128 nouitatis,
1349 5061 1396 5118 sed

604 5151 636 5190 ex
651 5138 772 5208 reliquiis
790 5143 929 5197 uetustatis
950 5143 1093 5200 carnaliter
1105 5147 1216 5218 gignunt
1227 5164 1234 5216 ;
1247 5158 1274 5205 et
1296 5149 1342 5205 lllii
1363 5168 1396 5207 ex

604 5240 742 5297 parentum
758 5232 859 5302 reliquo
874 5241 1005 5290 vetustate
1016 5235 1065 5290 toti
1079 5239 1193 5306 uetusti,
1207 5245 1236 5296 et
1250 5240 1276 5295 in
1296 5242 1396 5310 peceati

602 5335 684 5374 carno
699 5322 871 5393 propagati⁸,
888 5323 1087 5381 danmatiuncm
1101 5329 1185 5384 veteri
1205 5329 1306 5387 bomini
1323 5333 1396 5388 debi-

605 5421 654 5471 tam
666 5410 840 5468 Sacramenta
851 5415 997 5484 spiritualis
1007 5417 1018 5449 ⁸
1028 5423 1238 5489 regenerationis
1248 5432 1275 5477 et
1285 5439 1396 5479 renora-

603 5501 682 5557 tronis
694 5504 821 5559 eradunt.
838 5505 903 5563 lllud
914 5522 1030 5580 namque
1044 5512 1186 5582 praecipue,
1200 5524 1311 5586 propter
1322 5532 1396 5587 quae·

603 5594 703 5650 stiones
726 5612 785 5667 quae
803 5598 836 5653 de
851 5597 901 5654 bac
919 5615 950 5655 re
964 5610 1043 5656 motae
1057 5611 1120 5658 sunt
1134 5604 1174 5659 rel
1189 5608 1290 5663 moveri
1310 5608 1397 5666 adbuc

603 5694 731 5755 possunt,
746 5689 885 5745 attendere
906 5706 937 5747 ac
951 5691 1105 5748 meminisse
1119 5693 1263 5764 deucrous,
1278 5706 1395 5754 tantum·

634 5845 641 5874 ¹
660 5850 712 5894 ιιιιο
728 5858 761 5895 ex
776 5847 894 5896 t'atleunis
910 5855 978 5909 ιιεε..
996 5849 1039 5913 qui
1053 5862 1082 5900 eo
1096 5852 1167 5902 aronio
1183 5855 1394 5918 pruudcatinmrlur'.

634 5905 726 5962 'fdlti
737 5905 801 5969 meod
819 5907 841 5958 si
857 5921 900 5958 nec
919 5911 1021 5973 poniensi.
1039 5913 1121 5971 Abest,
1140 5914 1170 5972 ri,
1183 5929 1196 5962 a
1208 5921 1337 5982 nrauuscrip
1347 5922 1393 5982 tis;

601 5965 646 6038 quui
657 5966 816 6076 ilausequeute
827 5984 900 6020 rursu
910 5972 1013 6032 additur,
1032 5972 1103 6034 nturi,
1118 5988 1173 6037 qum
1185 5978 1299 6039 particula
1308 5982 1394 6033 decrat

601 6039 628 6076 tu
640 6040 662 6074 cr
672 6041 679 6075 ι
698 6042 720 6077 ε.

634 6088 719 6139 ⁸unus
731 6102 745 6140 e
756 6091 874 6141 uatteants
883 6094 1061 6158 manuscriptis,
1082 6110 1134 6159 pro,
1154 6099 1337 6165 concessionem,
1350 6105 1394 6155 lna·

599 6148 655 6207 bet,
667 6151 844 6213 consessorum.

634 6211 703 6282 ‘nnn
714 6219 750 6262 ttr.
765 6220 790 6262 ct
802 6228 887 6263 orionus
899 6224 962 6269 aba..
976 6220 1109 6270 taliamenti
1121 6221 1144 6271 in
1152 6224 1327 6285 percutientur
1335 6243 1394 6294 pto·

650 6279 699 6334 ιιι,
710 6277 796 6324 orruisse
810 6278 932 6336 particula.
946 6287 977 6329 rt.

658 6334 769 6398 clerique
781 6344 844 6398 sss,
856 6339 985 6405 spirituali.

1279 907 1381 968 uolatu
1401 903 1587 967 SECUNDUS.

2202 912 2262 973 tlt..

1456 1020 1537 1076 rurodo
1548 1028 1717 1091 peecatorum
1728 1020 1846 1077 oruuium
1862 1023 1967 1093 plenam
1989 1019 2194 1100 perleetmnqne'
2206 1035 2256 1085 ts

1455 1110 1610 1166 missionem
1623 1110 1759 1181 baptismo
1773 1112 1829 1167 lieri
1841 1130 1849 1178 ;
1864 1112 1980 1170 bominis
1993 1130 2056 1171 rero
2070 1116 2153 1190 ipsius
2166 1111 2253 1188 quali·
2266 1158 2268 1162 -

1455 1210 1537 1258 tatem
1551 1217 1603 1257 noa
1619 1212 1701 1257 totam
1714 1202 1841 1258 contiuuo
1856 1207 2015 1261 commutari
2030 1224 2036 1260 ε
2058 1207 2105 1262 sed
2127 1207 2253 1277 spiritua·

1456 1293 1494 1347 les
1509 1293 1640 1364 primitias
1658 1293 1686 1348 in
1704 1294 1773 1351 bene
1796 1295 1996 1365 proficientibus
2018 1299 2052 1354 dc
2070 1299 2114 1355 die
2136 1301 2162 1353 in
2177 1298 2250 1355 dlom
2273 1333 2277 1352 -.

1456 1386 1573 1443 novitate
1594 1395 1732 1445 crescente
1750 1390 1955 1445 commutarem
1971 1406 2000 1445 se
2022 1392 2097 1461 quod.
2110 1391 2254 1448 carnaliter

1455 1486 1531 1533 retus
1539 1487 1590 1544 est,
1601 1478 1687 1535 donec
1696 1488 1779 1534 totum
1789 1478 1825 1534 ita
1837 1490 1991 1547 renouetur,
2001 1491 2030 1537 ut
2039 1483 2251 1539 animalisetiaru

1456 1569 1596 1626 infirmitas
1608 1572 1729 1642 corporis
1742 1572 1776 1627 ad
1787 1573 1940 1631 firmitatem
1955 1577 2118 1646 spiritualem
2131 1578 2254 1633 breunrru-

1456 1663 1629 1733 prioremque
1642 1664 1800 1733 perveniat..

1491 1752 1604 1810 CAPUT
1623 1754 1742 1810 xxtttt.
1754 1786 1790 1797 -
1802 1756 1848 1814 ts.
1860 1757 1914 1835 Les
1926 1761 2022 1828 pcccati
2033 1761 2099 1815 dicto
2110 1771 2252 1833 peccatam.

1456 1844 1666 1917 Concupiscentia
1688 1847 1813 1917 quomodo
1842 1850 1869 1903 in
1891 1848 2025 1920 baptisatis
2045 1862 2172 1923 qoonpto
2196 1852 2253 1924 rjus

1457 1936 1524 1989 rrrolo
1535 1946 1644 1991 moneat
1656 1936 1719 1993 llaec
1730 1946 1820 1993 autem
1833 1938 1876 1994 lex
1888 1941 2003 2011 peccati,
2016 1941 2176 2011 quodetiam
2190 1955 2253 2012 pec·

1457 2036 1546 2081 cutum
1560 2027 1677 2097 appellat
1690 2028 1844 2099 Apostolus,
1856 2045 1916 2085 cum
1928 2029 2002 2098 dicit,
2020 2030 2080 2085 ll'on
2093 2048 2153 2102 erqo
2165 2042 2261 2105 requet.

1457 2125 1587 2188 peccalum
1600 2117 1627 2172 in
1640 2128 1720 2173 oestro
1731 2120 1833 2174 mortali
1844 2136 1949 2190 corpore
1960 2122 1995 2175 ud
2007 2122 2172 2177 obediendum
2183 2123 2252 2177 desi·

1456 2207 1533 2261 deriio
1542 2208 1596 2278 ejus
1605 2208 1693 2280 (llam
1702 2224 1738 2274 rr,
1748 2209 1804 2281 tu),
1813 2225 1865 2266 non
1877 2208 1916 2266 sie
1926 2222 2015 2268 arauret
2027 2213 2054 2269 in
2065 2214 2193 2285 membris
2205 2230 2252 2271 eo·

1456 2312 1516 2354 rum
1527 2298 1572 2370 qui
1585 2314 1618 2354 ex
1633 2314 1701 2370 aqua
1715 2309 1741 2355 ει
1755 2301 1851 2372 spiritu
1871 2304 1957 2358 renati
1971 2313 2043 2372 sunt,
2060 2315 2184 2377 tanquam
2197 2323 2251 2363 aon

1455 2388 1490 2441 sit
1501 2386 1561 2458 ejus
1574 2387 1645 2444 taem
1658 2389 1798 2457 remissio,
1812 2391 1858 2447 ubi
1872 2392 1981 2449 oranino
1996 2395 2072 2464 plena
2087 2402 2115 2451 et
2135 2396 2251 2467 perlecta

1456 2479 1485 2531 lit
1505 2477 1629 2534 remissio
1643 2487 1826 2551 peecatorum,
1839 2483 1964 2538 omnibus
1979 2483 2125 2541 inimicitiis
2139 2485 2251 2542 interie-

1454 2569 1515 2637 rtis,
1526 2571 1622 2641 quibus
1634 2572 1853 2642 separabamura
1868 2573 1923 2629 Deo
1938 2595 1944 2628 :
1961 2576 2008 2631 sed
2021 2584 2112 2632 manet
2131 2577 2158 2631 in
2174 2590 2251 2633 retu·

1455 2672 1523 2720 state
1545 2666 1634 2722 curaris
1658 2674 1785 2738 tanquam
1806 2679 1960 2740 superatum
1976 2678 2005 2727 et
2027 2680 2204 2741 peremptum,
2227 2671 2260 2726 si·

1454 2770 1507 2810 riou
1523 2755 1622 2812 illicitis
1634 2758 1855 2816 consensionibus
1869 2760 1983 2832 quodam
1999 2761 2079 2817 modo
2096 2761 2256 2831 reririscat,

1453 2855 1479 2900 ct
1493 2846 1519 2900 in
1532 2861 1641 2918 regnum
1658 2850 1797 2918 proprium
1815 2850 2076 2923 dominationemque
2097 2861 2248 2909 revocetur.

1454 2934 1497 2990 lib
1516 2933 1567 2992 bac
1580 2947 1669 2993 autem
1691 2948 1822 2997 vetustate
1836 2942 1944 3010 earinis,
1958 2943 1984 2997 in
2008 2952 2115 3012 quaest
2137 2943 2179 2999 lex
2199 2935 2251 2999 ist'a

1453 3026 1556 3097 pcccati
1566 3028 1609 3083 rel
1621 3037 1759 3098 peceatum
1777 3029 1832 3102 jam
1847 3033 2000 3101 remissum,
2016 3048 2101 3106 usque
2113 3033 2181 3090 adeo
2193 3034 2251 3105 spi,-

1453 3118 1520 3174 ritus
1533 3121 1587 3175 rita
1596 3119 1768 3190 discernitur,
1784 3122 1811 3177 in
1820 3123 1898 3194 eujus
1917 3125 2051 3181 novitate¹
2064 3126 2189 3197 baptizati
2202 3141 2251 3197 per

1453 3208 1502 3264 bel
1520 3210 1634 3280 qratiam
1659 3224 1848 3283 renaseuntur,
1863 3227 1893 3272 ut
1911 3232 2005 3288 parum
2024 3217 2103 3274 luerit
2121 3213 2251 3290 Apeitula

1452 3297 1553 3367 dicere,
1570 3300 1635 3356 tales
1647 3316 1702 3357 non
1715 3317 1776 3359 esse
1789 3304 1817 3360 in
1833 3316 1960 3375 peccato,
1974 3307 2027 3362 nisi
2040 3308 2120 3363 etlam
2135 3308 2248 3377 diceret,

1452 3388 1478 3442 in
1497 3389 1554 3458 ipsa
1568 3405 1648 3448 carne
1660 3392 1722 3448 illus
1740 3408 1794 3450 noa
1809 3410 1886 3463 csse,
1902 3406 2044 3468 antequam
2058 3415 2090 3455 ea
2109 3401 2160 3456 bae
2173 3417 2249 3457 mor·

1452 3478 1497 3534 tali
1509 3480 1564 3535 rita
1584 3480 1740 3553 migrarent.
1760 3482 1812 3550 Qut
1830 3486 1896 3541 enim
1910 3487 1937 3541 in
1952 3504 2028 3543 corne
2047 3484 2120 3558 s'onrt,
2143 3489 2249 3562 inquit.

1450 3566 1506 3625 Deo
1516 3571 1616 3643 placere
1627 3590 1679 3629 non
1689 3586 1794 3647 possum
1807 3592 1818 3632 a
1831 3593 1875 3633 uos
1887 3587 1972 3634 nutem
1985 3582 2105 3637 nicaenis
2120 3582 2146 3637 io
2161 3598 2246 3648 corne,

1450 3663 1495 3718 sed
1514 3664 1541 3719 in
1557 3665 1667 3738 spiritu5
1686 3668 1709 3723 si
1730 3678 1814 3726 tomen
1826 3668 1941 3743 Spiritus
1959 3671 2008 3728 bet
2026 3673 2121 3730 laubitut
2135 3676 2161 3730 in
2178 3675 2249 3733 sciit

1453 3749 1542 3826 (llam.
1552 3772 1607 3824 ιιιι,
1620 3758 1647 3825 8,
1660 3759 1701 3829 9).
1712 3757 1904 3820 Verumtamen
1915 3764 1984 3821 sieut
1997 3764 2053 3837 ipsa
2062 3781 2143 3824 carne
2152 3783 2247 3839 quam.-

1452 3846 1493 3902 vis
1501 3848 1666 3919 corruptibili
1674 3850 1743 3908 bene
1753 3861 1870 3922 utuntur,
1883 3855 1928 3926 qui
1941 3857 2060 3915 membra
2071 3857 2129 3928 ujus
2138 3859 2172 3914 ad
2184 3875 2251 3930 ope·

1451 3954 1479 3993 ra
1493 3938 1562 3996 bona
1577 3951 1746 4009 convertunt,
1764 3943 1790 3999 in
1803 3960 1854 4016 qua
1867 3962 1948 4006 cartre
1963 3964 2015 4005 nou
2029 3958 2102 4018 sunt,
2119 3949 2179 4021 quia
2193 3967 2248 4011 nou

1450 4030 1595 4086 secuudum
1610 4047 1669 4087 eam
1684 4034 1792 4104 sapiunt
1806 4040 2019 4107 neque-rimam
2042 4042 2110 4097 sicut
2131 4043 2247 4119 denique

1449 4121 1530 4177 ctiam
1545 4132 1715 4196 morteque
1730 4127 1807 4194 primi
1821 4130 1922 4198 peremi
1933 4146 2010 4201 prena
2024 4142 2075 4201 est,
2090 4135 2157 4191 bene
2168 4146 2250 4198 utone

1450 4220 1503 4279 tur,
1517 4213 1561 4285 qui
1576 4229 1634 4269 eam
1649 4230 1698 4286 pro
1717 4214 1855 4286 iratribus,
1875 4236 1924 4292 pro
1938 4221 2000 4287 lude,
2015 4240 2065 4296 pro
2079 4242 2253 4299 quacumque

1448 4315 1512 4358 vcra
1525 4312 1553 4358 et
1564 4312 1654 4359 saneta
1662 4303 1765 4375 iustitia
1776 4305 1882 4365 lortiter
1893 4319 1920 4365 et
1933 4312 2064 4382 patienter
2078 4314 2249 4385 impendum:

1450 4391 1489 4447 sic
1504 4390 1547 4446 illa
1562 4393 1641 4448 etiam
1655 4392 1713 4466 lege
1724 4398 1837 4467 peccati,
1853 4398 1989 4471 quodiam
2001 4403 2143 4460 remissum
2157 4406 2183 4461 in
2198 4422 2244 4462 re·

1451 4491 1549 4539 tustate
1561 4484 1650 4540 caruis
1661 4496 1763 4556 manet,
1777 4487 1846 4546 bene
1861 4500 1971 4547 utuntur
1985 4494 2119 4566 conjugati
2140 4496 2247 4564 fideles,

1449 4574 1494 4643 qui
1508 4592 1540 4630 ex
1551 4591 1584 4631 eo
1597 4575 1666 4647 quod
1681 4586 1744 4633 sunt
1758 4579 1784 4634 iu
1796 4577 1895 4638 Christi
1909 4584 2035 4653 nouitate,
2048 4586 2178 4643 dominari
2194 4590 2246 4645 sibi

1449 4665 1586 4722 libidinem
1600 4667 1709 4724 minime
1720 4670 1872 4739 patiuntur;
1885 4689 1917 4729 ex
1931 4690 1963 4731 eo
1977 4685 2067 4732 autem
2077 4680 2147 4748 quod
2157 4680 2245 4738 adbuc

1450 4756 1559 4812 trabunt
1580 4758 1643 4813 Adae
1658 4770 1830 4831 vetustatem,
1847 4766 2045 4835 regenerandos
2060 4769 2247 4829 immortaliter

1450 4847 1520 4902 lilios
1534 4848 1683 4904 mortaliter
1699 4851 1828 4921 generant
1842 4868 1902 4909 cum
1915 4870 1946 4911 ea
1961 4859 2107 4931 propagine
2129 4866 2242 4933 peccati,

1445 4955 1500 5010 qua
1516 4939 1554 4995 illi
1573 4940 1617 5010 qui
1632 4942 1719 4996 renati
1734 4951 1797 4998 sunt
1811 4945 1918 5003 obnoxii
1932 4964 1984 5005 noo
2006 4959 2139 5022 tenemur,
2153 4964 2182 5015 ct
2194 4973 2245 5028 qm

1450 5032 1539 5104 illiqui
1550 5042 1695 5089 naseuntur
1704 5037 1870 5094 renascendo
1880 5040 2030 5101 solvamur.
2040 5045 2171 5113 Quamdiu
2181 5064 2246 5121 erqo

1453 5134 1545 5182 naanet
1558 5126 1599 5182 lex
1615 5129 1894 5202 concupiscentialiter
1904 5135 1915 5166 a
1926 5135 1952 5190 iu
1968 5137 2107 5203 nuernbris‚
2121 5151 2246 5204 nraneute

1450 5216 1507 5288 ipsa
1526 5226 1615 5275 reatus
1627 5219 1685 5289 ejus
1699 5222 1826 5292 solritrrr;
1847 5224 1894 5281 sed
1912 5227 1937 5283 ei
1957 5229 2078 5298 solvitur,
2093 5233 2137 5302 qni
2151 5233 2246 5290 Sacra-

1450 5312 2242 5394 mentumregenerationisaccepitrenovariquejamempit.

1449 5398 1488 5454 lix
1497 5398 1651 5456 llla⁸autem
1661 5410 1785 5459 manente
1798 5407 2021 5476 concupiscentia·
2032 5420 2162 5469 vetustate
2169 5416 2241 5487 quod

1450 5489 1579 5560 nascitur,
1594 5492 1696 5547 renasci
1711 5492 1812 5566 indiget
1826 5505 1854 5551 ut
1866 5508 1985 5554 sanetur.
1997 5499 2063 5570 Quia
2075 5512 2199 5572 parentes
2210 5508 2243 5563 b·
2284 5556 2288 5590 ¹
2334 5510 2336 5516 '

1449 5583 1523 5639 deles
1542 5593 1569 5640 et
1590 5585 1644 5640 nati
1663 5589 1845 5645 carnaliteret
1862 5591 1948 5647 renati
1969 5594 2153 5663 spir-numitor,
2175 5600 2245 5657 lilim
2284 5591 2289 5663 ’,

1449 5677 1591 5733 rarrraliter
1604 5691 1767 5748 gerrae-ruam
1778 5680 1824 5736 lilii
1833 5697 1897 5739 uero
1905 5694 2048 5756 antequam
2060 5706 2067 5743 ι
2082 5701 2244 5760 usrcrcntur,
2295 5742 2301 5764 ,.

1450 5767 1553 5824 renasci
1568 5770 1703 5840 quomodo
1718 5774 1874 5843 potuerunt?
2288 5770 2294 5786 ‘

1485 5858 1529 5914 ld.
1550 5859 1603 5915 b'ce
1623 5861 1737 5927 mireris,
1751 5863 1820 5933 quod
1835 5862 1898 5932 dini,
1915 5878 2241 5946 mancusorum-apiscen-

1481 5991 1489 6021 ¹
1502 5988 1614 6040 Gallicani
1622 6005 1710 6044 omues
1718 5998 1883 6060 manuscripti,
1896 5999 1922 6050 in
1931 6003 2000 6063 crqirrs
2008 6007 2141 6059 acutulum.

1480 6052 1526 6100 ¹tu
1545 6053 1625 6113 raditis,
1638 6054 1918 6119 leocorrcrqisreutt'nlis.
1953 6063 2003 6116 Sed
2035 6070 2060 6117 in
2118 6075 2244 6123 osterlmi·

1448 6112 1495 6161 bm
1507 6120 1599 6163 tanturm
1610 6117 1756 6167 mlitiouilms
1769 6119 1867 6181 legioni,
1880 6127 2061 6185 nnnrcnqunnne.
2072 6126 2091 6181 la·
2110 6147 2161 6194 rqr.
2175 6142 2243 6185 ltro·

1448 6188 1497 6235 iprae
1509 6173 1562 6246 loco
1573 6190 1604 6225 ει
1617 6183 1669 6226 llas.
1682 6182 1842 6240 ras-ultumas,
1853 6198 1936 6250 corrcrq
1944 6187 2098 6241 incerrtt'uliler
2106 6207 2115 6255 ,·
2123 6187 2189 6258 'qrml
2200 6198 2240 6245 ot«

1448 6239 1560 6285 ursinum
1573 6239 1679 6289 :nllrimrit
1691 6253 1773 6302 snpra,
1783 6258 1806 6292 a.
1823 6245 1859 6294 ll.

1481 6298 1491 6326 ³
1508 6296 1619 6348 Gallicani
1636 6314 1721 6351 curuans
1738 6318 1776 6353 ma
1787 6317 1893 6371 alteru-'t
1914 6317 1939 6360 et
1958 6311 2006 6362 duo
2024 6329 2038 6364 e
2056 6314 2197 6375 tutiensis,
2210 6328 2251 6370 tm

1447 6354 1498 6408 illo.

1446 6580 1455 6605 Ι
