5592 7350
540 903 574 954 ns
648 858 650 862 ’
1267 899 1456 959 artanius.
1841 859 1847 868 ⁴
2142 919 2176 973 γη

541 1016 716 1071 riseeretur
730 1009 851 1088 (Epist.
867 1009 934 1078 193,
950 1027 981 1069 n.
1002 1010 1030 1088 1)
1043 1053 1051 1081 ,
1064 1009 1119 1071 uhi
1136 1010 1264 1087 quidem
1277 1011 1401 1074 decimo
1425 1020 1516 1073 sexto
1545 1014 1692 1076 calerulas
1719 1018 1858 1079 octobris
1886 1023 2016 1098 agebat,
2043 1029 2172 1105 negotia

541 1091 633 1149 illum
667 1091 778 1157 varia,
807 1106 866 1149 nec
923 1105 1015 1148 arum
1050 1090 1197 1167 urgentia
1226 1088 1451 1152 detinuerunt.
1482 1091 1728 1171 habueruntque
1755 1098 2049 1175 occupatissimum.
2088 1106 2174 1167 'iura

541 1186 618 1227 vere
638 1186 710 1228 euru
733 1166 818 1227 haud
842 1107 1045 1227 mediocriter
1069 1168 1133 1226 bini
1159 1167 1262 1226 nuntii
1280 1184 1437 1245 perquam
1456 1169 1516 1229 laeti
1541 1179 1753 1232 recrearunt:
1778 1175 1861 1234 alter
1883 1176 1920 1237 de
1946 1178 1976 1238 lc
1999 1197 2017 1240 e
2037 1183 2078 1241 ab
2101 1183 2171 1243 llo-

542 1247 635 1386 11130τί0
648 1247 680 1305 in
694 1246 882 1384 Pelagiqnos
898 1245 979 1381 1111ῑέ,
995 1244 1077 1306 alter
1087 1244 1126 1304 dc
1140 1244 1358 1308 cendemnatis
1372 1263 1391 1308 a
1407 1247 1533 1308 Zosimo
1547 1265 1631 1327 papa
1654 1250 1766 1312 iisdem
1794 1253 1952 1316 hereticis
1978 1196 2112 1340 flagra,
2135 1262 2173 1322 da

570 1335 735 1384 eccetnerr
761 1341 903 1390 rnen,n.
973 1365 981 1381 .

579 1403 693 1463 Exstat
704 1341 864 1478 hoqdieque
875 1402 926 1460 lex
938 1322 992 1460 itia
1002 1397 1148 1469 Honorii,
1163 1398 1212 1459 die
1226 1401 1337 1477 aprilis
1351 1402 1514 1481 trigesima
1528 1407 1603 1465 anni
1618 1406 1921 1487 quadringentesimi
1937 1411 2050 1474 decimi
2065 1420 2171 1477 octavi
2227 1400 2230 1405 ¹

544 1483 708 1543 Ravennae
720 1480 806 1541 data.
824 1479 892 1541 liae
906 1479 976 1556 lege
990 1477 1168 1554 imperator
1181 1478 1293 1551 edicit,
1306 1488 1341 1541 ut
1353 1480 1519 1543 Coelestius
1533 1491 1564 1543 et
1576 1485 1722 1564 Pelagius
1737 1488 1836 1547 lloma
1851 1487 1964 1567 (medo
1978 1491 2070 1553 isthic
2093 1511 2173 1574 age-

542 1565 631 1632 rent,
646 1559 805 1637 siquidem
815 1563 883 1618 crat
898 1554 1043 1633 Pelagius
1054 1554 1085 1614 id
1101 1557 1252 1633 temporis
1267 1560 1299 1616 in
1313 1558 1493 1638 Palaestina)
1509 1561 1656 1637 primitus
1670 1564 1832 1640 pellantur
1843 1585 1850 1636 ;
1860 1565 1972 1629 deinde
1984 1562 2172 1649 utquisque

541 1644 720 1715 compertos
739 1637 868 1698 haeresis
883 1652 994 1696 eorum
1009 1638 1182 1696 sectatores
1195 1637 1436 1714 magistratibus
1449 1637 1588 1710 deierat,
1606 1648 1638 1701 et
1649 1642 1713 1702 reis
1726 1642 1853 1703 tandem
1866 1646 1971 1706 exsilii
1986 1665 2080 1724 poena
2090 1650 2170 1710 irro-

541 1715 764 1795 getur(1nsro,
790 1712 930 1793 Append.
951 1711 1099 1791 porteP).
1130 1712 1299 1849 Imperialc
1325 1715 1463 1776 edictum
1489 1716 1635 1794 jussione
1663 1735 1721 1779 sua
1746 1724 1905 1796 prosecuti
1935 1731 2010 1784 sunt
2031 1728 2169 1802 preteeti
2215 1783 2218 1788 .

541 1794 717 1873 praeterio,
757 1793 873 1853 lunius
908 1791 1048 1865 Quartus
1083 1790 1170 1851 Palla
1195 1793 1242 1852 ius
1282 1792 1408 1865 ltaiiae,
1443 1794 1614 1857 Menaxius
1641 1797 1801 1869 Orientis,
1836 1804 1867 1859 et
1903 1803 2051 1879 Agricola
2090 1806 2173 1865 Gal-

542 1875 667 1933 liarum.
693 1872 811 1932 iubent
833 1872 855 1931 ii
882 1871 1045 1947 Pelagium
1074 1885 1111 1930 ac
1134 1868 1335 1942 Coelcstium,
1360 1872 1454 1952 juxta
1481 1872 1645 1935 decretum
1672 1876 1892 1953 Imperatoris,
1912 1898 1953 1940 ex
1981 1881 2064 1942 Urbe
2081 1883 2170 1961 ejiei;

541 1968 717 2090 orgqgsque
731 1950 867 2011 istorum
879 1950 997 2010 erroris
1011 1946 1172 2009 conuictos
1186 1991 1194 2020 ,
1209 1946 1412 2011 locutoribus
1428 1952 1494 2012 suis
1510 1953 1661 2030 spoliari,
1677 1970 1716 2017 ac
1726 1962 1880 2032 perpetuo
1891 1959 2039 2021 mulctari
2054 1963 2169 2023 exsilio

554 2031 603 2090 li
630 2073 665 2087 ..
1051 2071 1056 2081 .

542 2031 553 2109 ί
579 2029 762 2187 Pelg'giani,
778 2106 833 2184 qui
850 2122 908 2183 pre
923 2103 1193 2185 arbitratulegem
1204 2104 1345 2168 divinam
1356 2106 1663 2186 interpretabantur,
1682 2110 1880 2188 imperialem
1892 2130 2022 2191 quoque
2035 2117 2074 2177 ad
2091 2135 2167 2180 suos

541 2204 654 2248 sensus
674 2185 913 2263 pertrahebant.
928 2184 1005 2244 Nam
1020 2185 1229 2260 quantumvis
1243 2185 1413 2263 perspicua
1426 2186 1493 2247 haec
1517 2193 1617 2263 esset,
1625 2187 1753 2325 Jactare
1777 2207 1841 2251 nen
1856 2194 1986 2252 eruhuit
2001 2195 2168 2266 Julianus,

541 2283 609 2324 eam
625 2281 684 2342 pre
696 2281 731 2324 se
741 2264 847 2341 potius
863 2264 904 2323 ab
918 2263 1114 2338 Imperatore
1126 2262 1281 2325 redditam
1299 2284 1306 2323 :
1325 2265 1376 2324 cui
1391 2265 1609 2344 Augustinus,
1646 2268 1739 2328 ahere
1753 2286 1829 2347 ergo
1844 2268 1934 2329 illum
1946 2274 2089 2333 eamdem
2106 2292 2171 2351 pu-

543 2343 632 2404 hlicis
647 2342 859 2420 potestatibus
871 2339 1030 2419 allegare,
1046 2338 1157 2402 festive
1172 2344 1347 2420 reponebat
1358 2342 1474 2422 (Infra,
1490 2343 1787 2413 venundationem,
1800 2347 1854 2408 lii.
1868 2347 1899 2419 3,
1915 2366 1948 2407 n.
1965 2350 2009 2429 3).

576 2422 624 2483 Ea
641 2437 720 2482 sane
734 2421 786 2481 lex
800 2418 896 2497 petita
908 2418 1028 2492 luerat,
1043 2418 1302 2497 quandoquidem
1314 2437 1378 2484 non
1394 2422 1481 2484 nuda
1493 2423 1678 2484 constitutio
1691 2424 1819 2497 dicitur,
1833 2427 1887 2485 sed
1913 2428 2103 2505 rescriptum
2117 2474 2124 2502 ,
2139 2435 2171 2491 et

539 2516 742 2577 responsum.
757 2498 837 2561 Nam
852 2497 889 2558 de
903 2497 958 2561 illa
973 2497 1173 2576 Augustinus
1192 2516 1199 2556 ε
1217 2498 1252 2559 Si
1262 2516 1324 2578 pre
1339 2499 1562 2580 aebiepetins,
1578 2502 1706 2578 inquit,
1730 2501 1767 2562 ab
1781 2504 1974 2581 Imperatore
1988 2523 2170 2585 responsum

540 2589 582 2639 est
611 2577 711 2657 leia).
721 2577 801 2638 Eam
816 2574 1041 2636 Airioanerum
1057 2576 1204 2667 precihus
1216 2593 1402 2639 concessam
1415 2579 1577 2641 declarare
1589 2581 1714 2641 videtur
1729 2583 1882 2657 antiquus
1895 2584 1995 2642 codex
2006 2601 2169 2645 cauormm

538 2656 599 2717 Ere
613 2656 688 2717 esiae
698 2656 850 2717 Romanae
860 2654 957 2715 hacce
970 2653 1191 2752 inscriptione:
1201 2656 1333 2716 Sacrum
1344 2660 1531 2736 rescriptam
1543 2659 1678 2736 acceptis
1688 2658 1800 2737 agundi
1813 2677 1909 2751 supra
1923 2661 2048 2740 scripta
2062 2664 2167 2739 gestis.

539 2734 691 2795 necoda
702 2738 811 2794 autem
826 2732 892 2792 illic
906 2730 1047 2812 synodus
1060 2732 1321 2825 barthaginensis
1335 2736 1411 2796 anni
1425 2736 1729 2816 quadringentesimi
1747 2737 1859 2798 decim
1878 2739 2001 2811 octavi,
2015 2757 2087 2817 quaa
2097 2743 2170 2818 qui·

538 2812 607 2873 dem
629 2830 704 2873 cum
725 2812 775 2873 die
790 2811 894 2888 prima
908 2810 982 2871 maii
996 2810 1154 2872 celebrata
1167 2817 1222 2883 srt,
1238 2829 1305 2872 uno
1319 2812 1369 2874 die
1384 2815 1543 2890 posterior
1557 2819 1605 2875 est
1620 2816 1791 2892 rescripto;
1808 2819 1840 2875 at
1855 2814 1939 2877 iacili
1954 2834 2064 2879 errore
2084 2837 2168 2897 syn-

538 2891 710 2952 odusanni
735 2888 1040 2969 quadringentesimi
1066 2888 1179 2950 decimi
1205 2891 1327 2966 011111,
1345 2909 1419 2953 curn
1440 2909 1479 2953 ea
1501 2910 1574 2970 quae
1597 2909 1684 2953 anno
1709 2893 2025 2972 quadringentesimo
2047 2896 2169 2958 decime

539 2969 675 3048 septime
690 2970 800 3031 habita
814 2974 899 3039 crat,
914 2966 1065 3027 contundi
1085 2968 1197 3043 potuit.

576 3048 638 3123 Qui
652 3047 789 3109 lionorii
804 3045 968 3125 legemdic
978 3045 1139 3124 trigesima
1150 3047 1261 3123 aprilis
1273 3048 1428 3109 sancitam
1440 3047 1556 3108 Zosimi
1568 3047 1687 3125 judicio
1710 3050 1850 3126 priorem
1874 3050 2059 3128 opinantur,
2072 3052 2169 3114 iinon

581 3144 652 3186 rum
665 3126 817 3187 momenti
829 3126 913 3186 hanc
923 3123 1074 3185 habuisse
1088 3124 1125 3185 ad
1140 3126 1215 3186 illud
1226 3142 1246 3187 a
1257 3126 1603 3188 Pontificeelieiendum
1615 3127 1810 3188 existimant.
1821 3128 1957 3189 Aliunde
1971 3147 2047 3191 rere
2060 3149 2171 3193 cerno-

581 3204 746 3266 tZosimus
760 3203 868 3265 tideles
878 3204 1040 3264 Romanos
1055 3219 1122 3264 una
1134 3221 1227 3274 rece,
1239 3220 1303 3264 uno
1325 3203 1440 3266 ardore
1455 3222 1513 3283 pre
1543 3205 1674 3265 veritate
1689 3207 1847 3268 catholiea
1868 3207 2023 3269 adversus
2050 3209 2170 3289 Pelagii

538 3300 664 3344 errores
679 3281 842 3344 decertare
855 3280 969 3361 (Infra,
983 3280 1020 3341 de
1030 3280 1161 3343 Peccata
1182 3282 1350 3361 originali,
1364 3300 1397 3342 n.
1413 3282 1444 3361 9)
1460 3302 1467 3341 :
1481 3299 1561 3359 quos
1575 3283 1717 3373 proiecto
1732 3284 1801 3361 ejus
1815 3284 1982 3364 dogmata,
2001 3288 2075 3363 quia
2087 3289 2171 3349 inter

540 3379 592 3423 eos
605 3362 661 3422 diu
678 3360 822 3435 vixerat,
839 3359 939 3421 latere
955 3376 1020 3420 non
1042 3365 1208 3440 poterant;
1224 3362 1344 3440 quique
1358 3360 1540 3423 Coelcstium
1555 3379 1623 3439 ejus
1646 3380 1716 3422 csse
1730 3362 1920 3439 discipulum
1936 3364 1982 3425 sic
1996 3373 2168 3437 noverant,

540 3445 573 3500 ut
582 3440 804 3501 fidelissimum
813 3443 844 3499 ei
853 3437 1026 3500 firmissum
1033 3445 1165 3518 posuerit
1174 3438 1211 3499 de
1220 3440 1280 3501 hac
1290 3458 1325 3501 re
1336 3439 1553 3500 testimonium
1560 3440 1739 3517 perhibere.
1749 3441 1905 3503 Praeterea
1916 3443 2064 3503 nonnulli
2076 3446 2167 3505 Urbis

539 3518 705 3587 catholici,
724 3524 797 3596 pest
823 3517 963 3577 Africani
982 3516 1107 3578 concilii
1133 3518 1307 3596 rescripta,
1322 3522 1479 3579 curarunt
1492 3525 1528 3578 ut
1550 3518 1582 3577 in
1595 3517 1756 3579 Pontiircis
1779 3518 1924 3579 notitiam
1949 3520 2169 3597 perterrentur

539 3597 735 3674 quadamex
751 3595 870 3675 Pelagii
885 3595 975 3656 dictis
991 3595 1191 3674 asscriptis,
1206 3600 1320 3675 utputa
1337 3596 1480 3676 ejusdem
1494 3596 1527 3656 in
1538 3597 1671 3658 Paulum
1687 3597 1952 3668 commentarios,
1968 3598 2007 3660 ad
2029 3617 2167 3678 querum

539 3675 667 3753 quidem
685 3675 991 3738 commentariorum
1017 3692 1143 3736 errores
1164 3676 1301 3737 Coelestii
1316 3675 1557 3737 damnationem
1583 3677 1679 3737 relect
1703 3677 1863 3738 Mercator
1890 3677 2009 3756 (Infra,
2025 3681 2167 3757 Append,

539 3754 681 3833 periei).
702 3754 780 3816 Cum
791 3770 869 3815 vere
880 3771 920 3814 ex
941 3752 1075 3816 adversa
1086 3758 1177 3832 parte
1188 3755 1242 3831 qui
1257 3754 1403 3816 haeresim
1417 3757 1597 3826 tuerentur,
1612 3755 1653 3815 ibi
1676 3772 1741 3815 non
1754 3755 1921 3828 deessent,
1942 3757 2168 3819 molestissime

541 3831 672 3893 discidio
684 3835 786 3894 Roma
802 3831 1023 3903 divellehatur,
1041 3838 1151 3908 atque,
1168 3838 1202 3894 ut
1225 3832 1358 3893 Uenerii
1381 3833 1486 3894 verbis
1511 3832 1695 3910 loquamur,
1724 3833 1828 3895 scissis
1853 3835 1886 3894 in
1908 3843 2016 3912 partes
2038 3837 2160 3898 stadiis

540 3911 720 3982 asserendi,
749 3910 881 3971 materie
910 3909 1068 3988 impacato
1095 3910 1297 3972 dissensionis
1322 3909 1452 3973 inducta
1478 3920 1545 3972 mat
1571 3912 1676 3992 (ibid.
1692 3913 1714 3990 ).
1737 3914 1825 3973 luter
1852 3913 1933 3974 alios
1960 3911 2167 3980 Constantius

540 3990 702 4068 quondam
726 3989 867 4050 vicarius
888 3989 1128 4067 praefectorum,
1147 3993 1224 4050 tuno
1247 3995 1354 4052 autem
1376 3989 1494 4052 Christi
1518 4008 1647 4061 servus,
1673 3993 1780 4052 Remea
1803 3991 1971 4066 habitans,
1998 4011 2093 4054 suum
2109 4014 2168 4072 pro

540 4067 596 4128 Dei
621 4070 723 4148 gratia
751 4068 892 4128 studium
915 4068 1088 4128 illustravit
1114 4069 1146 4128 iu
1171 4068 1377 4130 retundendis
1400 4069 1646 4147 Pelagianerum
1670 4069 1857 4142 conatibus;
1877 4088 2016 4146 quorum
2031 4073 2168 4135 [actione

541 4146 641 4208 multa
671 4164 868 4227 perprssus,
901 4151 1086 4207 sanctornm
1119 4146 1339 4209 consessorum
1373 4148 1520 4227 catalogo
1549 4147 1685 4210 adscribi
1720 4149 1836 4208 meruit
1864 4146 1993 4230 (ibid).
2027 4151 2074 4212 Ad
2108 4153 2169 4214 hnc

541 4223 1740 4386 {attitulataetaliatalli„tailliaa‘itlilmlai
1755 4227 2168 4371 catalaunensibu-

667 4351 670 4357 ,
1264 4353 1272 4364 =
1475 4351 1482 4374 r
1735 4349 1742 4362 ·
2047 4352 2055 4376 r
2113 4352 2120 4368 ·
2158 4354 2167 4383 φ

541 4399 574 4440 co
600 4380 666 4441 ‚35
691 4426 700 4440 .

573 4399 658 4521 {um
674 4382 773 4540 igitur
786 4477 824 4521 eo
840 4460 910 4521 leco
929 4479 980 4522 res
996 4461 1029 4521 in
1045 4460 1127 4523 Urbe
1146 4466 1271 4533 essent,
1299 4461 1444 4523 Zosimus
1464 4461 1646 4523 Coelestium
1665 4480 1705 4522 ex
1727 4460 1866 4523 Africani
1888 4463 2015 4524 concilii
2037 4465 2167 4527 monitis

541 4537 655 4598 iterum
670 4540 857 4601 examinare
870 4539 1027 4612 decrevit,
1046 4556 1083 4600 ac
1098 4540 1225 4600 tandem
1238 4558 1276 4599 ex
1292 4540 1360 4618 ejus
1373 4558 1429 4603 ore
1442 4541 1528 4601 clara
1543 4540 1779 4619 perspicuaque
1795 4558 1949 4619 responsa
1966 4544 2166 4621 exprimere,

543 4622 576 4675 ut
591 4617 724 4678 dubium
758 4619 870 4679 osthac
883 4636 946 4678 nen
961 4622 1155 4689 remaneret,
1174 4619 1225 4678 rel
1240 4637 1312 4680 eum
1325 4637 1451 4681 errores
1466 4620 1625 4699 ejurasse,
1640 4621 1692 4682 rel
1705 4619 1858 4697 perfidum
1875 4620 2079 4696 impostorem
2096 4639 2167 4685 esse

542 4694 722 4756 habendum
736 4636 858 4777 flnsrm
875 4707 985 4757 ceretro
1000 4696 1077 4757 daos
1088 4695 1253 4775 Epistulas
1267 4697 1507 4776 Pelagianerum
1518 4717 1566 4764 ,a
1582 4698 1675 4777 5111
1688 4701 1740 4759 ille
1756 4699 1829 4760 huic
1841 4698 1982 4758 examini
1996 4716 2066 4759 sese
2081 4717 2168 4759 cem-

541 4774 663 4836 mittere
678 4792 785 4853 nequa
808 4792 884 4837 uam
901 4793 1018 4848 ausus,
1041 4792 1107 4836 nou
1131 4781 1255 4837 tantum
1275 4777 1494 4839 vadimonium
1516 4778 1671 4849 deseruit,
1691 4777 1855 4838 sedetiam
1875 4795 1916 4837 ex
1935 4777 2018 4837 Urbe
2040 4777 2166 4857 auiugit

543 4850 660 4932 (infra,
673 4794 813 4933 apponi.
824 4854 966 4936 partui).
980 4855 1026 4914 Eo
1040 4871 1104 4914 non
1119 4863 1338 4932 comparente,
1351 4856 1432 4916 nihil
1457 4857 1524 4935 J'am
1535 4857 1697 4917 Zosimum
1709 4855 1851 4915 detinere
1861 4856 1981 4932 potuit,
1993 4857 2167 4934 quominus

542 4934 732 4993 sententiam
747 4933 854 5005 illam,
873 4950 969 5011 quam
981 4939 1012 4993 ct
1023 4933 1246 4996 hoereticorum
1260 4935 1453 5010 pertinacia,
1468 4941 1499 4995 et
1514 4933 1634 4995 utilitas
1644 4933 1793 4995 Ecclesiae
1806 4935 1847 4997 ab
1861 4951 1899 4993 eo
1913 4934 2079 5013 exigebat,
2094 4954 2166 5011 pro·

542 5011 702 5071 nuntiaret
716 5010 836 5090 (Infra,
854 5021 964 5072 centra
979 5012 1056 5072 (inas
1069 5011 1235 5090 Episteias
1245 5012 1505 5092 Pelagianerum,
1521 5032 1554 5074 n.
1571 5012 1613 5093 5).
1627 5013 1713 5091 Ergo
1726 5029 1823 5089 quarn
1841 5012 2008 5090 paululum
2022 5013 2167 5074 intermi-

543 5096 643 5158 serat,
660 5089 755 5167 Justae
769 5091 948 5153 severitatis
960 5091 1116 5152 rationem
1133 5091 1389 5171 protulit(lbid.)
1405 5092 1569 5154 :Africani
1587 5091 1713 5153 concilii
1729 5091 1855 5152 decreta
1873 5093 2036 5169 probavit,
2061 5095 2166 5153 robo-

543 5167 687 5244 ravitque
701 5166 822 5246 (Infra,
846 5169 986 5248 Appenni.
1000 5169 1140 5308 ζαέιοῗ)
1154 5190 1162 5239 ;
1178 5185 1216 5230 ac
1244 5172 1446 5248 praecessoris
1459 5171 1509 5232 sui
1523 5171 1677 5250 judicium
1694 5174 1821 5231 secutus
1839 5169 1957 5249 (Infra,
1976 5180 2085 5232 centra
2101 5173 2157 5233 Jo-

545 5244 1050 5463 (1Ὦῖζιηοῗνξῐν1ιι’ἒ11ιξ3ὲέἔξ1οἱαε
1064 5326 1314 5406 Pelagianerum,
1333 5326 1387 5388 111.
1404 5327 1435 5400 2,
1453 5346 1486 5388 n.
1501 5327 1549 5408 5),
1571 5346 1625 5388 cos
1639 5327 1678 5389 ad
1695 5327 1914 5404 poenitentium
1942 5326 2103 5399 ordinem,
2124 5332 2167 5388 si·

543 5401 667 5476 quidem
683 5419 809 5464 errores
824 5420 899 5465 suos
933 5408 1158 5477 etesiarcntur,
1174 5405 1321 5485 redigens
1333 5425 1341 5479 ;
1355 5407 1405 5467 sin
1419 5411 1526 5468 autem
1547 5407 1575 5466 id
1592 5411 1794 5478 recusarent,
1815 5405 1947 5465 omnino
1965 5405 2167 5467 anathemato

544 5480 715 5553 percellens
732 5479 848 5561 (Infra,
864 5481 901 5543 de
914 5483 1045 5543 Peccata
1070 5484 1231 5562 originali,
1246 5502 1279 5544 n.
1295 5483 1352 5558 25;
1367 5494 1393 5543 et
1404 5485 1438 5546 in
1451 5485 1571 5558 temni,
1586 5485 1694 5623 Epist.
1711 5484 1780 5557 199,
1794 5501 1826 5544 n.
1840 5483 1903 5563 22).
1917 5483 2049 5560 Scripsit
2059 5483 2166 5543 hacdo

543 5574 575 5615 re
588 5564 616 5618 et
631 5560 814 5636 specialiter
826 5561 866 5621 ad
882 5561 973 5622 Atros
987 5606 995 5634 ,
1011 5567 1042 5622 et
1054 5563 1280 5627 universaliter
1296 5563 1335 5623 ad
1353 5581 1465 5625 omnes
1480 5564 1577 5624 totius
1601 5581 1617 5623 c
1641 5563 1765 5623 ristiani
1781 5562 1868 5622 orbis
1884 5561 2050 5638 episcopos
2073 5561 2164 5622 litte-

543 5651 609 5707 ras,
625 5653 745 5715 easque
758 5638 853 5718 longe
874 5640 1106 5777 amplissimas,
1122 5658 1260 5718 quarum
1272 5642 1395 5720 aliquot
1411 5642 1588 5722 fragmenta
1608 5642 1826 5721 Augustinus,
1840 5642 1991 5715 Prosper,
2007 5657 2045 5701 ac
2059 5638 2166 5700 Coele-

543 5715 641 5776 sunus
657 5732 740 5794 papa
753 5716 919 5797 referunt(
941 5719 1023 5799 nfra,
1034 5719 1080 5798 Ap
1104 5719 1174 5782 end.
1187 5731 1277 5800 porte
1289 5719 1473 5800 2).Erreres
1501 5725 1846 5799 quorumaccusatusa
1858 5717 2165 5779 PaulineCoelostius

542 5791 659 5862 tuerat,
677 5796 720 5855 ibi
737 5797 936 5874 exponebat:
952 5803 982 5858 et
1010 5737 1269 5861 nihifemittebat
1292 5816 1404 5861 cerum
1428 5818 1500 5877 qua
1515 5819 1589 5862 cum
1614 5800 1654 5862 ad
1682 5797 1819 5861 Coelestii
1845 5795 2009 5872 discipuli,
2032 5801 2098 5856 tum
2126 5797 2166 5857 ad

544 5871 657 5952 Pelagii
672 5873 741 5953 ejus
752 5875 896 5953 magistri
909 5893 1039 5938 causam
1054 5878 1267 5955 pertinebant.
1284 5878 1339 5941 llis
1351 5879 1448 5941 etiam
1461 5879 1591 5948 litteris,
1608 5879 1634 5940 si
1652 5879 1720 5938 viro
1735 5876 1859 5937 erudito
1877 5874 2053 5946 credimus,
2069 5876 2168 5937 Pela-

541 5950 708 6086 gianerum
720 5970 868 6016 errorum
881 5955 1063 6034 catalogum
1077 5974 1118 6018 ex
1132 5957 1299 6036 Augustini
1314 5957 1353 6020 ad
1366 5959 1535 6018 Paulinum
1549 5956 1682 6034 epistola
1694 5961 1879 6032 excerptum
1889 5954 2034 6015 inseruit.
2047 5954 2167 6017 ibidem

558 6030 671 6092 oannis
687 6031 732 6093 Ch
775 6032 1131 6097 sostomihonoriiicam
1149 6034 1285 6098 iaciebat
1308 6037 1502 6098 mentionem
1525 6035 1634 6114 (ibid.)
1665 6034 1799 6111 Culpam
1821 6033 1954 6112 originis
1973 6033 2166 6095 validissime

541 6111 727 6188 astruebat(
762 6111 839 6191 piet.
857 6112 925 6183 190,
941 6130 973 6173 n.
989 6113 1040 6193 23)
1058 6133 1065 6172 τ
1083 6133 1140 6176 nec
1153 6114 1405 6176 dubitaverimus
1421 6132 1491 6176 eam
1506 6114 1623 6174 Zosimi
1639 6114 1843 6190 scriptionem
1867 6129 1957 6183 esse,
1977 6113 2009 6171 in
2024 6128 2089 6189 qua
2105 6128 2166 6171 ne-

543 6186 637 6246 rellos
650 6188 833 6261 hereticos,
847 6189 933 6268 qued
948 6191 1122 6254 infantibus
1140 6195 1382 6271 nenbaptizntis
1401 6195 1506 6254 laeum
1526 6193 1642 6270 quietis
1656 6210 1694 6254 ac
1711 6191 1868 6253 solicitatis
1896 6195 1989 6252 extra
2012 6190 2166 6250 eoelorum

543 6279 673 6340 regnum
688 6268 917 6342 concederent,
929 6271 1118 6334 Anestolicae
1128 6272 1215 6333 Sedis
1226 6273 1389 6336 damnavit
1404 6273 1578 6334 auctoritas
1594 6271 1714 6353 (Infra,
1732 6267 2165 6349 enuntiationemque,

1071 5247 1157 5326 .3”1),
1174 5249 1337 5328 Pelagium
1357 5254 1388 5310 et
1415 5249 1597 5312 Coelestium
1625 5249 1759 5326 repetita
1788 5249 2166 5311 auctoritatedamuavit
2283 5322 2285 5327 ¹
