5592 7350
572 870 624 925 985

571 982 772 1052 similitudinem
784 978 872 1034 caruis
893 972 1006 1045 pcccati,
1023 969 1168 1041 Evangelio
1189 977 1257 1024 teste
1272 966 1362 1022 ridea-

573 1089 641 1131 :.us.

607 1137 721 1221 (tanen
749 1159 827 1216 tht.
841 1187 877 1198 -
887 1157 931 1213 te.
940 1154 1042 1209 Fecere
1055 1162 1078 1207 et
1097 1152 1217 1242 perficere
1225 1150 1362 1223 justitiam.

575 1262 668 1314 leatus
682 1271 744 1310 uero
758 1251 891 1315 Hilarius,
907 1247 982 1317 cuius
992 1245 1074 1301 uerba
1086 1243 1144 1298 Ιιεεε
1158 1244 1261 1313 posuit,
1280 1260 1290 1293 r
1307 1239 1363 1295 Non

572 1352 644 1401 euim
662 1345 711 1399 nisi
737 1342 830 1413 spiritu
856 1337 965 1410 perlecti
986 1344 1013 1392 ct
1036 1334 1235 1390 immortalitate
1254 1332 1363 1393 aretati,

573 1436 644 1506 qnod
657 1434 721 1488 solis
732 1431 835 1486 mundis
848 1428 929 1485 corde
944 1426 1101 1497 dispositum
1115 1434 1172 1486 εει,
1189 1423 1239 1477 Ιιεε
1253 1423 1323 1493 quod
1338 1425 1365 1476 in

575 1529 678 1583 llerrcst
688 1523 836 1581 immortale
845 1535 986 1577 cernemus
999 1537 1008 1571 ι
1022 1516 1184 1589 (ldiiarinrr'n
1196 1514 1261 1569 iilud
1270 1514 1363 1567 dluttlr.

571 1633 599 1682 v,
623 1616 696 1670 Beati
717 1616 811 1667 munda
824 1613 926 1683 corde);
955 1611 1019 1683 quid
1040 1610 1137 1686 dixerit
1151 1618 1243 1664 contra
1255 1607 1280 1662 id
1294 1605 1365 1677 quud

571 1710 704 1774 dicimus,
721 1707 761 1761 rol
785 1705 950 1776 quidistum
972 1701 1090 1773 adjuvet,
1107 1699 1212 1764 nescio,
1234 1699 1284 1753 nisi
1305 1698 1365 1767 quia

572 1816 651 1870 posse
664 1815 723 1854 csse
738 1797 872 1855 bominem
886 1794 984 1850 mundo
996 1794 1079 1850 corde
1097 1800 1210 1847 testatus
1225 1800 1275 1847 εει.
1290 1788 1366 1858 erod

573 1891 632 1958 quis
646 1888 742 1960 nogat?
751 1886 799 1943 sed
812 1887 895 1957 gratia
911 1885 958 1940 Dei
967 1900 1014 1955 per
1023 1882 1115 1940 lenem
1128 1881 1262 1937 Christum
1278 1878 1366 1944 llnmi-

573 1997 635 2034 num
652 1981 781 2044 nostrum,
798 1993 850 2031 nnn
871 1976 927 2030 sola
949 1973 1052 2029 arbitrii
1067 1972 1202 2026 libertate.
1213 1969 1280 2024 ltem
1295 1966 1366 2039 qnod

572 2090 635 2128 cum
648 2072 746 2127 dixisse
759 2077 970 2138 commemorat,
995 2084 1004 2118 r
1023 2064 1094 2133 eras
1106 2063 1157 2120 tob
1175 2063 1278 2121 litteras
1291 2061 1365 2134 lege-

572 2175 624 2230 rat,
637 2172 665 2218 nt
678 2162 824 2226 abstineret
843 2175 872 2215 se
884 2160 918 2215 ab
928 2157 1001 2215 omui
1017 2154 1190 2225 remalgum,
1206 2154 1267 2224 quia
1281 2151 1365 2213 Deum

573 2256 729 2311 solamente
742 2253 814 2308 uitiis
828 2267 881 2306 non
891 2250 1011 2317 admixta
1026 2245 1212 2309 venerabatur,
1226 2244 1308 2298 ileum
1320 2256 1367 2306 au-

573 2356 628 2402 tem
649 2347 738 2403 colere
756 2344 868 2414 justitie
888 2342 1023 2413 preprium
1047 2338 1165 2394 cilicium
1191 2345 1253 2393 est:
1270 2355 1279 2389 ι
1303 2333 1367 2405 quid

573 2438 681 2492 lecisset
694 2436 744 2493 Job
756 2434 832 2502 dixit,
847 2448 900 2488 non
914 2432 976 2504 quid
991 2433 1017 2486 in
1028 2429 1078 2485 boc
1088 2429 1186 2484 saeculo
1200 2426 1365 2499 perfecisset,

573 2537 620 2583 ant
632 2528 691 2583 eine
705 2529 788 2598 gratia
810 2527 975 2593 saltatoris,
993 2540 1071 2595 quem
1093 2523 1172 2579 ctiam
1189 2520 1365 2592 prophetavit,

573 2620 616 2673 vel
628 2616 735 2674 lecisset
744 2619 785 2673 uel
798 2618 964 2690 perfecisset.
983 2616 1107 2671 Abstinet
1119 2616 1191 2670 enim
1205 2628 1235 2668 se
1246 2612 1279 2667 ab
1293 2611 1366 2668 omni

573 2725 604 2765 rc
615 2709 700 2775 reela,
714 2709 794 2764 etiam
808 2709 852 2781 qni
876 2708 955 2766 babet
969 2716 1117 2777 peecatum,
1143 2703 1213 2775 qnod
1231 2703 1258 2757 in
1272 2718 1301 2757 sc
1319 2717 1365 2757 re-

574 2817 656 2872 gnare
671 2816 724 2857 non
735 2802 814 2869 sinit,
830 2801 873 2857 oui
893 2800 1014 2869 subrepit
1033 2796 1206 2868 improbanda
1223 2793 1366 2869 cogitatio,

574 2908 653 2961 quam
669 2892 809 2962 pertenire
824 2892 856 2946 ad
877 2891 957 2945 srucm
971 2889 1060 2959 operis
1076 2904 1130 2944 εοε
1153 2887 1293 2958 permittit.
1312 2885 1367 2942 Sed

522 3043 524 3049 ,
574 2981 644 3037 aliud
660 2992 701 3037 est
713 2997 766 3036 non
778 2981 876 3036 babere
891 2988 1038 3049 peceatum,
1052 2978 1123 3033 eliud
1138 2993 1189 3042 nen
1203 2976 1312 3032 obedire
1320 2975 1367 3031 de·

574 3070 680 3128 sideriis
693 3073 761 3143 ejus.
775 3071 855 3127 uliud
868 3080 909 3126 est
923 3072 1034 3139 implere
1049 3069 1119 3139 quod
1129 3078 1289 3140 preceptum
1302 3077 1343 3123 est
1357 3111 1365 3136 ,

575 3160 637 3215 Non
663 3163 824 3231 rarrrepircea
850 3160 947 3236 (deod.
970 3176 1023 3224 xx,
1044 3159 1107 3229 ii);
1132 3167 1159 3215 ct
1179 3160 1249 3215 aliud
1264 3168 1305 3214 εει
1319 3174 1367 3229 per

574 3252 716 3321 quemdam
729 3253 897 3308 abstinentiae
911 3261 1035 3310 cenatum
1047 3251 1141 3306 saltem
1156 3251 1181 3306 id
1202 3266 1281 3321 agere
1296 3250 1367 3322 quod

575 3341 638 3394 item
654 3341 781 3410 seriptum
803 3352 855 3408 εει,
872 3340 935 3395 Ροει
957 3340 1171 3412 concarpiscentios
1186 3349 1242 3395 tuna
1263 3357 1313 3395 nort
1326 3357 1369 3395 εει

576 3429 669 3497 (b'ccli.
686 3446 760 3499 ιιει,
773 3430 819 3504 50)
835 3448 841 3484 z
855 3432 920 3486 nibil
936 3436 1033 3486 trorum
1059 3440 1146 3489 tamen
1168 3430 1236 3486 scire
1252 3446 1282 3485 se
1295 3441 1369 3487 recte

577 3538 658 3592 posse
667 3524 725 3577 sine
733 3525 816 3593 gratia
828 3523 982 3579 salvatoris.
995 3522 1094 3577 Facere
1106 3532 1147 3577 cst
1156 3521 1368 3596 crgojustitiam,

575 3614 680 3669 irruere
696 3614 741 3669 boi
755 3615 827 3668 cultu
850 3629 912 3673 cum
927 3613 1032 3675 interne
1053 3603 1274 3684 concupiscentiae
1298 3612 1369 3686 malo

577 3707 683 3762 interna
712 3704 909 3762 conflictatione
944 3719 1062 3775 pugnare
1077 3722 1084 3758 :
1101 3704 1230 3774 perlicere
1256 3714 1368 3772 autem,

577 3800 687 3867 temerino
710 3798 891 3864 aduersarium
910 3813 963 3859 nun
985 3796 1092 3862 trabere.
1112 3795 1179 3860 Nam
1194 3796 1238 3866 qui
1254 3805 1367 3872 pugnat,

578 3900 605 3943 ει
619 3888 706 3951 adbuc
720 3887 893 3959 periclitatur,
908 3895 936 3943 et
948 3886 1091 3964 aliquande
1111 3887 1268 3971 percutitur,
1288 3887 1369 3942 etiam

577 3982 599 4046 si
616 3995 668 4035 non
683 3979 827 4036 sternitur:
841 3979 886 4049 qui
905 3986 992 4034 entem
1015 3993 1069 4041 non
1084 3976 1164 4043 lrabet
1176 3977 1368 4043 adversarium,

579 4073 656 4143 plena
668 4086 733 4141 [nce
746 4055 859 4126 laetatur.
875 4070 909 4125 Ει
919 4069 1108 4140 ipscessesiuc
1117 4079 1224 4139 peccato
1233 4069 1370 4132 verissime

580 4163 685 4228 dicitur,
697 4163 726 4216 in
742 4177 794 4232 quo
804 4161 906 4217 nullum
917 4159 1017 4220 trabitur
1029 4169 1168 4230 peceatum
1178 4177 1185 4227 ;
1197 4174 1249 4215 uon
1265 4159 1309 4229 qni
1322 4175 1371 4230 per

579 4253 766 4309 abstinentiam
781 4253 843 4308 meli
855 4252 944 4321 operis
959 4249 1106 4318 dieit,iorrr
1115 4267 1165 4309 raon
1177 4267 1222 4321 epo
1232 4266 1323 4320 operor
1336 4250 1369 4303 it-

578 4343 634 4409 lpd,
645 4343 689 4397 aed
703 4344 730 4397 r'd
741 4343 808 4414 qnod
817 4344 843 4403 in
856 4360 895 4401 ure
904 4343 999 4407 lpabitnt
1012 4351 1140 4412 peccatum
1149 4341 1236 4415 (Reor.
1251 4357 1297 4407 ιιι,
1310 4339 1368 4412 ee).

616 4436 658 4489 75.
673 4434 739 4489 Nam
752 4445 779 4507 et
793 4435 850 4504 ipsc
862 4433 913 4489 tob
932 4434 966 4489 de
985 4434 1100 4502 peccatis
1112 4434 1167 4497 suis
1181 4448 1232 4493 non
1248 4441 1328 4500 tacet,
1344 4442 1372 4494 et

578 4527 670 4596 utique
686 4526 748 4581 buic
768 4526 854 4594 amico
874 4526 981 4582 nestro¹
996 4526 1091 4586 ιεειίιε
1111 4525 1213 4595 placet,
1234 4514 1371 4582 bumilitass

577 4629 631 4681 tem
645 4618 811 4678 nullomodo
831 4619 856 4673 ln
875 4617 1001 4678 salsitatis
1023 4625 1096 4688 parte
1112 4618 1261 4691 perpendam
1277 4636 1284 4672 :
1300 4619 1371 4686 uude

578 4710 604 4765 id
624 4709 695 4780 quod
709 4710 760 4766 Jeb
779 4711 932 4774 conlitctur,
955 4711 1016 4780 quin
1038 4696 1121 4766 'uerat
1138 4710 1182 4768 Dei
1203 4712 1289 4767 cultor
1312 4721 1370 4782 εει,

578 4801 672 4870 procul
685 4800 765 4861 dubio
783 4802 921 4875 ueraciter
942 4802 1092 4860 eouiitctnr.
1118 4802 1152 4857 m
1177 4803 1234 4874 ipsc
1257 4803 1372 4860 liilarius

577 4909 640 4949 cnm
656 4893 743 4951 locum
758 4895 853 4949 Psalmi
864 4904 1019 4966 exponeret,
1032 4895 1076 4953 nbi
1089 4896 1217 4967 scriptum
1230 4907 1280 4963 est,
1292 4898 1371 4968 Spre-

580 4986 639 5039 m‘ali
651 5002 736 5050 orqrtet
747 4986 900 5050 discedentes
913 5004 928 5039 o
937 4989 1162 5057 justificationibus
1171 4991 1232 5053 teia,
1248 4991 1302 5058 ait:
1318 5008 1327 5040 r
1344 4990 1371 5054 si

578 5077 651 5132 errim
665 5076 735 5130 Deus
750 5086 902 5144 peccatores
915 5087 1070 5146 sperneret,
1082 5094 1176 5133 ourrrcs
1187 5079 1278 5150 utique
1293 5096 1372 5149 sper-

579 5177 674 5233 neret3
688 5168 749 5238 quia
764 5167 822 5223 sine
836 5176 944 5238 peccato
958 5183 1037 5224 neme
1050 5179 1101 5237 est.
1124 5170 1176 5229 Sed
1192 5173 1295 5240 speruit
1315 5174 1371 5230 dis.-

579 5259 710 5321 ¹cedentes
731 5273 803 5326 ase,
818 5275 887 5331 quus
900 5269 1035 5330 apostatas
1050 5271 1145 5316 rocam
1159 5282 1168 5315 ι
1184 5262 1325 5333 (ditonus,
1347 5267 1373 5322 in

580 5350 656 5413 Pani.
688 5366 788 5417 ειιιιι,
822 5350 897 5420 titt).
931 5351 1031 5421 i'idctis
1061 5353 1284 5423 queamdmodum
1319 5374 1372 5421 uon

579 5441 690 5509 dixerit,
701 5443 764 5513 quia
779 5443 837 5498 sine
858 5451 967 5513 peccate
983 5457 1063 5510 nemo
1087 5441 1179 5510 deterit,
1194 5452 1324 5518 tanquam
1340 5446 1373 5504 de

581 5536 724 5604 preteritis
747 5537 876 5606 inquens,
900 5533 947 5603 ped
978 5535 1048 5605 qued
1075 5535 1136 5605 sine
1158 5546 1267 5606 peccato
1294 5553 1374 5596 εεειε

581 5625 632 5691 sita
646 5625 719 5686 undo
730 5627 847 5698 quidem.
869 5635 899 5694 lli
921 5625 994 5695 nri.
1015 5642 1071 5697 εεε
1084 5628 1230 5696 contendo.
1247 5628 1375 5702 Quisquis

582 5719 654 5772 errim
667 5732 721 5773 non
733 5720 803 5775 cedit
814 5720 909 5777 loanni
929 5720 1065 5791 apostolo,
1079 5720 1124 5792 qui
1138 5735 1188 5776 nec
1200 5721 1257 5793 ipse
1274 5723 1328 5790 ait,
1344 5723 1375 5778 st

582 5807 722 5878 dixerimus
730 5812 790 5884 qnia
802 5822 931 5883 peccatum
952 5827 1004 5883 nnn
1030 5812 1186 5880 beluinum
1200 5813 1247 5870 sed
1261 5830 1312 5869 non
1327 5815 1373 5869 lra-

617 6006 624 6036 ¹
643 6006 744 6055 vaticani
764 6015 867 6069 quatuor
879 6014 905 6059 et
919 6007 1029 6060 callimul
1040 6015 1106 6071 tiss,
1124 6010 1201 6067 mileo
1213 6017 1294 6063 aeneo
1307 6025 1315 6063 :
1328 6025 1375 6064 non

582 6065 655 6119 male.
668 6073 864 6127 «nemetense
879 6070 913 6119 ait
922 6071 1066 6133 Augustinus
1076 6072 1100 6121 iu
1110 6072 1210 6136 epistola
1225 6074 1376 6134 lenocinan-

582 6124 667 6185 iimrm,
681 6141 704 6176 n.
718 6129 740 6185 l,
756 6142 826 6178 «nou
837 6129 913 6180 solum
923 6131 1061 6192 dileximus,
1074 6147 1160 6185 rernm
1171 6138 1243 6186 etiam
1254 6136 1376 6198 diligimus

586 6205 598 6290 ιι
612 6201 678 6298 enin.
691 6206 702 6233 ι
714 6189 801 6253 ,delius
813 6199 903 6250 nuncu,
915 6191 991 6242 urrrr'ro
1002 6200 1096 6255 t·rstr·o;
1112 6199 1205 6246 l'imasii
1227 6199 1339 6250 nimirum
1351 6207 1377 6250 et

577 6268 580 6275 ·
596 6263 637 6300 aro
647 6266 670 6299 ε.

1047 858 1090 912 nt:
1109 852 1249 913 NATURA
1270 852 1314 909 ET
1332 848 1472 917 Gestis,
1493 849 1522 906 S.
1544 843 1729 907 anensem!

2162 850 2214 905 tet

1417 963 1503 1019 benene
1515 962 1539 1034 (1
1550 963 1628 1018 torn.
1643 978 1663 1030 ι,
1677 962 1704 1029 8)
1718 980 1724 1017 :
1739 964 1865 1032 episcopo
1880 960 1980 1017 llilarlo
1999 962 2135 1032 quamodo
2154 979 2211 1020 ceo·

1418 1068 1498 1109 surus
1509 1061 1550 1109 est
1560 1054 1572 1107 2
1582 1053 1635 1108 Pro
1649 1053 1733 1123 gratia
1746 1052 1846 1109 Christi
1862 1052 1967 1117 clauae,
1982 1053 2041 1107 sino
2060 1067 2113 1122 qua
2131 1068 2213 1108 nauto

1415 1143 1586 1214 justificatur,
1603 1151 1729 1213 tanquam
1744 1142 1894 1198 subiciente
1917 1150 2019 1197 neturae
2038 1143 2126 1199 libem
2141 1144 2210 1199 arbi

1419 1236 1478 1289 trio.
1497 1222 1553 1291 imo
1576 1237 1633 1306 lpse
1650 1248 1699 1305 pro
1722 1249 1753 1289 oa
1777 1233 1930 1289 elamatrei
1951 1233 2062 1290 cedatur
2076 1237 2085 1267 ¹
2100 1234 2213 1302 dicenti,

1419 1328 1483 1382 Sine
1496 1344 1535 1381 me
1548 1326 1612 1381 nibil
1626 1326 1729 1397 potestis
1739 1326 1823 1394 [acne
1833 1324 1923 1394 (doun.
1937 1341 1983 1392 ιε,
1997 1326 2038 1395 5).

1454 1417 1567 1474 contin
1587 1416 1677 1471 Lxlll.
1688 1446 1724 1457 -
1736 1416 1781 1471 lt.
1799 1413 1911 1487 Oppom‘t
1929 1416 1984 1473 atta
2000 1415 2127 1469 Anthemii
2140 1416 2214 1480 tanti·

1418 1510 1513 1563 euronio.
1528 1508 1642 1564 Sanetus
1657 1515 1746 1563 antem
1761 1508 1918 1562 Ambrosius
1936 1523 2030 1562 reuera
2050 1507 2075 1561 in
2095 1522 2129 1562 oe
2149 1508 2213 1563 loce

1419 1617 1496 1672 qrrem
1512 1602 1562 1656 iste
1576 1608 1786 1665 commemorat,
1808 1600 1861 1654 iilis
1881 1600 1983 1654 resistit
1996 1600 2041 1669 qui
2057 1599 2150 1655 diotnt
2166 1598 2216 1653 lae·

1418 1694 1517 1748 minem
1533 1708 1585 1747 non
1600 1707 1660 1747 esse
1673 1706 1751 1762 posse
1764 1692 1824 1748 siue
1844 1700 1953 1762 peccato
1975 1692 2002 1746 in
2025 1692 2075 1747 bac
2097 1692 2161 1747 uita.
2179 1692 2215 1747 Ut

1418 1786 1489 1840 enim
1505 1800 1535 1840 ea
1545 1784 1662 1847 diceret,
1684 1784 1787 1853 accepit
1808 1784 1977 1838 occasionem
1997 1782 2171 1839 dedaclmria
2186 1793 2217 1839 et

1419 1874 1553 1931 Elisabeth
1564 1914 1572 1940 ,
1587 1873 1657 1944 qnod
1668 1874 1694 1928 in
1708 1873 1851 1944 Er'mqelio
1864 1875 2066 1930 commemorati
2079 1883 2142 1930 sunt
2154 1882 2216 1927 am-

1419 1964 1524 2020 bulasse
1539 1964 1565 2018 in
1585 1962 1710 2018 omnibus
1732 1962 1967 2032 justificationibus
1980 1963 2047 2033 legis
2070 1963 2215 2033 sineque·

1418 2057 1492 2111 reta:
1506 2054 1633 2126 numquid
1645 2063 1734 2110 tamen
1747 2064 1825 2126 negat
1833 2056 1918 2127 qratia
1931 2056 1978 2111 bei
1991 2055 2048 2114 deri
2060 2072 2107 2126 per
2117 2056 2213 2112 lesum

1418 2143 1553 2200 Christum
1567 2145 1707 2200 [lominum
1717 2145 1858 2200 nostram?-
1868 2145 1910 2200 Ex
1920 2160 1972 2216 qna
1988 2145 2038 2200 sede
2053 2145 2134 2201 etiam
2147 2154 2216 2202 ante

1419 2237 1477 2308 ejus
1487 2237 1637 2307 passionem
1658 2236 1746 2306 justos
1771 2236 1870 2292 vixisse
1893 2251 1947 2291 noa
1960 2236 2068 2291 dubiam
2087 2246 2145 2301 εει,
2167 2239 2215 2307 qui

1420 2335 1527 2398 praestat
1545 2326 1672 2396 Spirinrm
1692 2334 1814 2382 sanctum
1834 2327 1878 2397 qui
1898 2326 2030 2382 datuseet
2051 2326 2142 2391 uobis,
2163 2340 2216 2396 per

1418 2432 1498 2488 quem
1518 2416 1673 2472 diffunditur
1694 2416 1810 2472 ebaritas
1832 2417 1858 2472 iu
1883 2416 2009 2472 cordibus
2027 2417 2137 2482 uostris,
2160 2432 2216 2487 qua

1419 2523 1470 2561 una
1478 2507 1542 2577 jn-ti
1557 2516 1618 2562 sunt
1632 2507 1793 2578 quicumque
1810 2506 1875 2578 justi
1896 2514 1968 2562 sunt.
1985 2506 2069 2575 Quem
2082 2506 2215 2576 Spiritum

1419 2606 1580 2652 memoratus
1588 2598 1729 2669 episcopus
1738 2601 1818 2653 etiam
1828 2599 1952 2670 procilius
1962 2597 2213 2668 irnpetrnndrnnad·

1421 2696 1513 2743 nronct
1528 2688 1575 2758 (ita
1586 2688 1622 2742 illi
1638 2689 1759 2744 volumtas
1773 2689 1900 2744 diuinitus
1914 2706 1966 2743 nnn
1980 2690 2069 2759 adjuta
2083 2704 2135 2743 noo
2154 2688 2212 2743 sut-

1421 2779 1504 2850 deit),
1519 2781 1563 2834 nbi
1576 2780 1603 2834 in
1618 2781 1718 2852 bynmo
1730 2794 1779 2835 suo
1791 2780 1865 2845 dicit,

1620 2893 1733 2957 t‘etisqne
1747 2898 1846 2956 praestet
1857 2893 1868 2925 ¹
1879 2890 1988 2953 sedens,

1619 2979 1730 3022 sanctum
1741 2975 1833 3024 mereri
1848 2973 2015 3042 spirituatem).

1455 3076 1731 3141 neumnensium
1746 3085 1773 3131 ct
1786 3091 1835 3147 ogo
1848 3076 1881 3133 de
1898 3075 1949 3145 boe
1963 3076 2021 3147 ipso
2032 3092 2112 3148 opere
2127 3084 2214 3136 saneti

1419 3165 1554 3234 Ambrosii
1575 3164 1689 3236 aliquid,
1707 3181 1740 3221 ex
1759 3182 1813 3237 quo
1833 3168 1884 3225 iste
1902 3169 2121 3225 commemorarit
2141 3172 2214 3241 quod

1420 3256 1683 3322 commemorandum
1715 3257 1827 3325 putauit.
1854 3256 1971 3311 ‹Viarun
2002 3269 2083 3324 rat,r
2113 3261 2213 3331 inquit,

1423 3364 1433 3400 r
1448 3348 1519 3401 auidi.
1532 3346 1623 3402 Potest
1633 3363 1686 3409 neu
1700 3348 1749 3412 seli
1765 3348 1848 3409 risum
1863 3366 1940 3418 csse,
1956 3350 2026 3420 quod
2052 3353 2137 3407 risum
2159 3354 2212 3409 sibi
2291 3391 2295 3398 -

1420 3453 1481 3497 esse
1498 3438 1627 3494 declarat.
1646 3438 1704 3494 Non
1724 3440 1795 3501 enim
1818 3440 1954 3498 rolrrn‘eue
1975 3452 2076 3498 tantrnu
2097 3443 2213 3516 brenrana

1421 3529 1507 3593 risum
1522 3537 1580 3593 εει,
1592 3529 1639 3584 sed
1660 3530 1728 3599 sicut
1742 3530 1840 3601 placuit
1857 3532 1882 3586 ei
1897 3534 1940 3602 qui
1955 3534 1980 3587 iu
1995 3549 2048 3602 me,
2062 3534 2157 3606 inquit,
2174 3537 2213 3606 lo·
2248 3599 2250 3601 v

1421 3620 1510 3693 quitur
1522 3620 1644 3678 cbristus
1658 3621 1679 3688 ⁸,
1692 3622 1736 3692 qui
1759 3632 1787 3689 ut
1809 3623 1834 3679 id
1849 3624 1919 3697 quod
1934 3626 2032 3694 bonum
2057 3616 2116 3695 est,
2139 3630 2214 3684 nobis

1421 3726 1527 3782 quoquc
1548 3711 1646 3767 bomem
1673 3713 1755 3769 videri
1782 3717 1865 3787 possit
1888 3727 2024 3786 operatur.
2044 3721 2127 3789 Quem
2142 3723 2213 3776 enim

1422 3801 1575 3870 unser-amr,
1590 3813 1617 3858 et
1631 3812 1717 3871 uocat.
1734 3803 1767 3858 Et
1787 3805 1848 3877 idco
1870 3808 1914 3877 qni
1933 3792 2067 3864 Christum
2081 3813 2213 3883 sequitur,

1422 3900 1510 3962 potest
1523 3891 1699 3962 interrogatus
1714 3908 1762 3948 cnr
1776 3909 1836 3950 esso
1853 3897 1966 3960 nolucrit
1976 3899 2154 3968 christianus,
2170 3917 2214 3957 re-

1423 3980 1564 4050 spondere,
1581 3980 1667 4051 Visum
1682 3994 1718 4038 est
1733 3984 1804 4040 milri.
1817 3985 1893 4056 Quod
1904 4003 1965 4042 cum
1980 3988 2056 4058 uicit,
2072 4006 2124 4045 nou
2137 4003 2215 4061 nogat

1424 4070 1595 4139 Demisere,
1609 4088 1624 4143 a
1641 4073 1695 4128 Deo
1709 4075 1779 4131 cuim
1794 4087 1958 4147 praeparatur
1978 4079 2104 4147 uoluntas
2126 4073 2210 4138 bonai·

1423 4177 1486 4227 nuru
1502 4181 1508 4217 :
1524 4163 1635 4230 etenim
1658 4164 1728 4224 Deus
1743 4165 1959 4236 lroueriiicetura
1976 4178 2079 4234 sarecto,
2095 4172 2140 4226 Dei
2156 4190 2216 4244 qra-

1424 4251 1458 4307 da
1469 4261 1519 4308 est.
1538 4271 1547 4316 ι
1564 4254 1634 4309 Ecce
1657 4255 1719 4325 quid
1743 4257 1794 4312 istc
1814 4259 1917 4328 sapiat,
1941 4261 1961 4313 si
1977 4263 2066 4318 verbis
2082 4265 2215 4319 Ambrosii

1422 4345 1578 4428 delectatur,
1589 4346 1681 4421 quoda
1696 4348 1750 4414 Deo
1759 4361 1923 4420 preparatur
1934 4353 2055 4410 noluntas
2063 4353 2214 4427 lrorrrinum,

1424 4447 1451 4490 et
1461 4437 1543 4501 nulla,
1559 4437 1600 4493 rel
1613 4454 1665 4496 nou
1677 4454 1771 4510 magna
1782 4442 1894 4513 queastio
1909 4451 1965 4508 cst,
1982 4444 2042 4514 quis
2054 4445 2094 4500 rel
2107 4448 2216 4516 quando

1426 4527 1595 4596 pernotatur,
1611 4528 1673 4585 dum
1701 4539 1788 4591 tamen
1807 4532 1866 4586 sine
1884 4533 1968 4601 qratia
1988 4534 2085 4590 Cirristi
2101 4535 2217 4606 idipsum

1424 4616 1481 4674 lieri
1494 4633 1573 4688 posse
1585 4619 1693 4688 minime
1705 4608 1852 4688 dubitetur.v
1871 4623 1972 4690 Deinde
1986 4636 2114 4696 quantum
2136 4639 2214 4693 erat,

1424 4716 1453 4761 ut
1462 4707 1609 4763 attenderet
1625 4708 1675 4770 istc
1690 4724 1772 4764 unum
1797 4726 1901 4775 ucrsrnn
1921 4710 1955 4774 de
1974 4714 2107 4781 Ambrosii
2126 4717 2217 4771 uerbis

1424 4815 1483 4868 quae
1497 4793 1674 4875 nemincum
1689 4802 1760 4860 enim
1774 4802 1817 4866 ille
1830 4804 1951 4880 dixisset,
1970 4825 1980 4858 r
1997 4807 2063 4873 Nam
2082 4824 2142 4878 cnm
2162 4811 2216 4865 Ec-

1422 4889 1505 4951 clesia
1517 4905 1549 4944 er
1561 4890 1696 4962 gentibus,
1712 4891 1762 4949 boc
1776 4903 1826 4957 εει,
1852 4911 1885 4954 ει
1906 4899 2088 4968 peccatoribus
2102 4915 2219 4971 congre-

1423 4988 1484 5050 gata
1497 4979 1549 5047 sit,
1568 4981 1702 5051 quomodo
1722 4998 1754 5038 ει
1775 4986 1914 5043 maculatis
1933 4988 2102 5050 irnrnaculata
2129 5001 2220 5060 potest

1425 5088 1499 5139 osse,
1515 5074 1564 5130 nisi
1576 5076 1661 5147 prime
1672 5091 1720 5155 per
1733 5075 1830 5139 Christi
1840 5081 1964 5150 gratiam,
1980 5082 2051 5154 quod
2064 5083 2153 5151 ¹abirem
2168 5084 2219 5140 de-

1425 5163 1488 5218 licto
1499 5164 1546 5228 sit,
1563 5163 1673 5229 deinde,
1694 5165 1765 5234 quod
1786 5182 1832 5236 pet·
1845 5156 2000 5239 qualitatem
2024 5187 2076 5228 εοε
2092 5175 2219 5243 peccandi

1425 5254 1585 5312 abstinente
1600 5255 1723 5314 delictis?
1740 5276 1749 5310 r
1770 5257 1818 5321 lile
1828 5259 1939 5324 addidit,
1955 5262 2026 5334 quod
2041 5263 2092 5319 iste
2105 5274 2220 5335 apparet

1426 5360 1474 5401 cur
1488 5345 1587 5402 addere
1601 5348 1735 5404 uoluerit:
1751 5350 1912 5422 aitnamque
1927 5353 1986 5421 ille,
2004 5373 2013 5419 r
2030 5345 2085 5410 Nec
2097 5355 2132 5409 ab
2142 5357 2221 5417 initio

1427 5436 1610 5506 iruruaculata;
1625 5437 1748 5503 bumana·
1760 5440 1831 5510 epim
1848 5441 1899 5499 hec
1913 5444 2077 5516 impossibile
2091 5457 2193 5503 naturus
2207 5467 2214 5504 :

1427 5532 1473 5591 ted
1485 5547 1532 5602 per
1545 5531 1592 5588 Ilei
1605 5533 1718 5605 gratiam
1737 5542 1765 5592 ει
1781 5536 1937 5606 qualitatem
1952 5538 2005 5613 sui,
2020 5539 2081 5610 quia
2096 5540 2151 5610 jam
2167 5557 2222 5598 non

1427 5632 1534 5695 peccat,
1560 5623 1590 5679 sn
1604 5633 1631 5680 ut
1653 5626 1820 5695 immaculata
1832 5627 1953 5690 videatur
1970 5647 1979 5681 r
2008 5630 2179 5699 (drrrbreer'nt,
2193 5622 2235 5699 ιε’

1428 5712 1592 5784 anaecopet
1608 5713 1647 5784 ll.
1665 5712 1832 5784 decumbe,
1856 5717 1906 5776 iste
1919 5734 1967 5775 eur
1992 5735 2045 5791 pen
2067 5720 2222 5795 addiderit,

1428 5803 1487 5873 quis
1505 5820 1558 5867 non
1572 5803 1721 5877 intelligat!
1736 5805 1793 5864 lloc
1814 5808 1902 5888 aqipn
1926 5810 2016 5880 mique
2036 5828 2106 5875 εεεε
2126 5812 2152 5868 in
2169 5813 2224 5870 troc
2254 5807 2257 5811 ’

1461 5957 1467 5986 ¹
1485 5955 1593 6006 nonnulli
1607 5970 1639 6007 ει
1651 5957 1731 6017 editis,
1743 5959 1865 6010 credatur.

1460 6019 1470 6048 ¹
1486 6017 1539 6066 sola
1548 6018 1601 6068 lere
1614 6019 1687 6069 ειιιιὶο
1699 6027 1765 6080 ton,
1776 6030 1874 6085 prerstrn.

1460 6079 1470 6111 ⁸
1485 6086 1588 6137 premor
1600 6081 1703 6132 vaticani
1714 6089 1777 6143 less..
1786 6083 1895 6150 spirens.

1460 6140 1496 6211 (ε)
1513 6146 1618 6202 tlymnus
1629 6140 1671 6190 illc
1688 6143 1855 6195 arnnrostauns
1865 6159 1879 6196 a
1889 6147 2011 6196 rrrorraclris
2021 6148 2222 6199 cisterciensibus

1428 6210 1521 6273 canitur
1533 6201 1562 6249 ad
1575 6203 1693 6271 tertiam,
1717 6209 1835 6258 [murriutea
1854 6209 1997 6269 eadmerum,
2016 6218 2042 6259 ut
2057 6211 2168 6272 proxime
2179 6223 2222 6262 se

1429 6262 1559 6320 qrreunbus
1570 6263 1663 6312 diebus.
