5592 7350
570 895 602 949 ti
946 928 948 931 .
1301 876 1494 946 rasiano.
2176 886 2211 944 ri

572 1007 690 1072 cianus,
707 1004 816 1083 Epist.
834 1010 870 1063 de
880 999 1078 1063 Ilerelatione
1094 998 1235 1075 corporis
1247 998 1399 1077 Stepliani
1412 1008 1616 1079 martyriam
1631 999 1805 1078 appendice
1816 995 1891 1062 ιιιιιι
1903 999 1945 1081 i).
1961 1001 2046 1062 ldein
2060 1002 2144 1063 enirn
2155 1002 2211 1064 ile·

573 1085 656 1145 eima
670 1090 783 1144 octava
795 1080 845 1143 die
860 1077 1002 1141 noudum
1018 1078 1057 1138 ad
1072 1077 1242 1137 concilium
1258 1077 1417 1154 protectus
1430 1078 1534 1139 adbuc
1546 1084 1614 1138 erat
1625 1079 1842 1159 ierosolymis,
1856 1097 1921 1158 quo
1933 1087 2109 1141 memorata
2125 1083 2207 1143 beati

576 1161 821 1242 protomartyris
836 1174 911 1219 ossa
926 1158 977 1218 die
992 1156 1146 1236 vigesima
1161 1155 1274 1232 quinta
1288 1157 1339 1216 iel
1354 1156 1508 1235 vigesima
1523 1162 1613 1216 sexta
1630 1158 1720 1236 (naui
1738 1160 1864 1220 variant
1879 1158 2023 1219 codicum
2037 1158 2207 1241 lectiones)

575 1241 748 1302 transtulit.
760 1240 963 1316 Quapropter
976 1234 1171 1296 commodius
1184 1250 1281 1310 quani
1292 1235 1447 1313 vigesima
1461 1235 1510 1294 rel
1524 1235 1650 1296 circiter
1661 1236 1819 1315 assignari
1833 1237 2001 1297 concilium
2017 1255 2080 1297 non
2094 1246 2207 1315 potest.

618 1320 698 1380 lluic
710 1325 816 1379 autem
831 1318 1002 1394 praesentes
1017 1314 1105 1375 luere
1122 1313 1262 1389 episcopi
1278 1312 1532 1390 quatuordecim,
1547 1314 1693 1380 videlicet
1710 1316 1876 1393 Eulogius,
1898 1317 2051 1385 loannes,
2073 1322 2207 1378 Amino-

578 1399 705 1468 nianus‚
722 1396 930 1475 Porphyrius,
947 1393 1118 1462 Eutonius,
1132 1392 1329 1470 Porphyrius
1345 1392 1441 1460 alius,
1458 1391 1564 1462 Fidus,
1583 1393 1737 1464 Zoniiius,
1759 1395 1962 1462 Zolioennus,
1987 1395 2206 1473 Nginpliiilius,

578 1476 789 1545 Chromatius,
802 1474 949 1546 lovinus,
963 1470 1181 1539 Eleutherius,
1200 1476 1232 1531 et
1246 1470 1418 1531 filomatius
1433 1470 1549 1549 (Infra.
1567 1480 1677 1531 contra
1691 1473 1866 1539 lulianam,
1886 1472 1941 1532 lili.
1958 1474 1987 1540 ι,
2003 1491 2058 1531 nn.
2077 1474 2124 1544 19,
2142 1473 2204 1554 bi).

580 1556 662 1629 Quin
675 1554 828 1632 Eulogius
844 1569 882 1614 ac
894 1552 1048 1618 loannes,
1064 1549 1146 1611 alter
1160 1547 1417 1619 emereamur
1430 1549 1651 1628 ierosolymis,
1668 1550 1828 1622 sederint·
1838 1568 1902 1611 non
1915 1552 2088 1613 dubitatur.
2102 1554 2209 1613 Autu-

584 1638 669 1694 mant
685 1633 831 1692 similiter
852 1628 1069 1708 ePorphyriis
1088 1627 1214 1687 duobus
1233 1626 1426 1689 alterutrum
1446 1628 1603 1688 celebrem
1624 1629 1714 1688 illuni
1739 1629 1832 1690 Gaza)
1853 1630 2027 1690 antistitem
2049 1648 2131 1703 esse,
2151 1634 2206 1709 qui

585 1728 665 1773 anno
678 1716 799 1773 tantuin
814 1706 1131 1787 quadringentesimo
1145 1705 1300 1783 vigesimo
1313 1705 1396 1765 diem
1409 1705 1498 1765 obiit.
1513 1706 1548 1765 ln
1564 1706 1697 1769 liistoria
1707 1708 1863 1785 predictae
1873 1708 2090 1770 translationis
2103 1710 2208 1789 legera

589 1796 643 1859 est,
655 1792 804 1851 loannem
819 1788 859 1850 ad
874 1804 945 1849 eain
961 1783 1172 1863 peragendam
1188 1783 1402 1861 assumpsisse
1416 1801 1526 1844 secum
1544 1786 1626 1845 alios
1643 1785 1724 1847 duos
1746 1788 1931 1865 episcopos,
1954 1787 2128 1847 Eutonium
2150 1806 2208 1850 seu

592 1868 762 1929 liestonium
773 1867 1009 1937 Sebastensein,
1025 1871 1057 1922 et
1072 1862 1293 1923 Eleutherium
1307 1862 1573 1923 iericbontinuin.
1590 1865 1759 1940 Ephesium
1773 1866 1895 1944 synodo
1905 1864 2006 1928 adfuit
2016 1866 2125 1938 Fidus,
2137 1870 2207 1945 epi·
2234 1932 2239 1937 ,

595 1964 693 2024 scopus
712 1946 895 2023 lappensis.
908 1944 1059 2002 lovinuni
1078 1946 1185 2002 autem
1201 1940 1291 1999 illurn
1305 1940 1436 2002 credere
1455 1941 1563 2002 forsan
1583 1943 1689 2015 liceat,
1711 1962 1807 2019 quein
1825 1945 1983 2007 Palladius
1998 1950 2073 2006 ante
2086 1961 2208 2007 annum

599 2024 929 2103 quadringentesimum
939 2021 1129 2158 vigesimum
1141 2018 1180 2080 ad
1195 2019 1362 2109 Ascalonis
1373 2019 1594 2110 episcopatum
1607 2027 1789 2099 cooptatum
1806 2023 1902 2084 iuisse
1916 2023 2023 2085 tradit.
2038 2024 2100 2084 Nec
2111 2025 2208 2087 ctiam

603 2105 666 2164 alius
678 2103 751 2163 torte
764 2102 956 2162 Zoboennus
986 2100 1031 2159 uit
1047 2098 1157 2158 abillo
1176 2098 1270 2175 liujus
1288 2099 1440 2170 nominis,
1456 2100 1511 2175 qui
1528 2098 1643 2159 dicitur
1655 2100 1740 2177 apud
1753 2100 1965 2163 Saramenuui
1977 2102 2208 2181 Eleutheropo-

604 2182 635 2242 lii
643 2183 772 2250 antistes,
787 2181 910 2271 quique
926 2177 1080 2248 Turboni,
1096 2192 1116 2238 a
1130 2192 1195 2253 quo
1210 2176 1337 2237 circiter
1349 2192 1471 2238 annum
1489 2178 1747 2239 trecentesimum
1763 2181 1991 2259 octogesimum
2009 2187 2137 2242 sextum
2153 2201 2209 2246 se-

611 2260 647 2322 dei
656 2262 735 2321 istius
751 2260 814 2318 loci
828 2259 1008 2326 tenebatur,
1021 2255 1125 2333 potuit
1141 2254 1321 2315 succedere.
1406 2286 1408 2289 ·

637 2340 761 2418 Pelagius
779 2341 968 2414 presentem
991 2352 1025 2395 se
1041 2334 1178 2394 concilio
1194 2333 1296 2393 stitit:
1312 2333 1537 2395 llcrosautem
1558 2351 1597 2397 ae
1617 2336 1759 2398 Lazarus
1782 2352 1820 2398 co
1843 2338 1970 2411 venire,
1990 2344 2120 2417 propter
2170 2356 2210 2403 a·

608 2418 794 2479 renalterius
812 2414 1044 2494 egritudinem,
1065 2428 1131 2471 non
1153 2417 1327 2490 potuerunt
1343 2413 1458 2493 (Infra,
1481 2412 1517 2473 de
1537 2412 1640 2475 Gestis
1658 2414 1791 2507 Pelagii,
1812 2434 1844 2475 n.
1860 2417 1905 2509 2).
1928 2420 2045 2480 Aberat
2062 2418 2209 2480 simliter

605 2494 714 2555 Orosius
728 2515 736 2553 ι
749 2512 805 2556 nec
815 2493 949 2554 omnino
963 2492 1134 2569 quisquam
1148 2490 1269 2561 aderat,
1286 2491 1342 2569 qui
1358 2496 1465 2569 parles
1484 2492 1601 2552 actoris
1616 2494 1720 2554 obiret
1734 2512 1767 2554 in
1782 2496 1956 2573 Pelagium,
1971 2502 2007 2558 ut
2022 2501 2053 2555 et
2072 2510 2208 2575 pravum

605 2573 656 2661 ejus
671 2591 795 2634 sensum
813 2573 963 2650 aperiret,
980 2577 1011 2630 ct
1027 2586 1101 2631 eum
1120 2568 1160 2631 ad
1175 2569 1400 2647 explicandam
1420 2577 1559 2630 mentem
1578 2571 1731 2649 adigeret,
1748 2589 1786 2632 ac
1802 2572 1928 2634 demum
1944 2575 1970 2636 si
1986 2574 2062 2653 quid
2077 2581 2160 2636 esset
2175 2576 2207 2635 lii

602 2668 655 2729 cius
669 2651 808 2712 doctriua
824 2647 1054 2728 ambiguitatis,
1069 2645 1290 2726 distingueret.
1308 2646 1342 2707 ld
1355 2664 1433 2709 sane
1446 2648 1564 2709 mirum
1580 2648 1736 2719 rideatur,
1753 2670 1810 2710 nec
1833 2654 1902 2711 sine
1922 2654 2046 2714 occulta
2068 2653 2206 2731 quadani

603 2732 817 2808 conspiratione
829 2728 960 2799 lactum,
974 2743 1071 2804 quam
1085 2727 1210 2787 tametsi
1225 2727 1426 2805 Augustinus
1439 2728 1589 2806 ignorare
1602 2745 1667 2787 non
1681 2730 1831 2806 potuerit,
1846 2736 1949 2792 lanicii
1966 2733 2127 2793 memorias
2140 2739 2208 2792 tra-

601 2804 711 2871 dendam
725 2825 791 2868 nou
803 2808 939 2885 putarit.
957 2805 1101 2866 Vidimus
1113 2810 1197 2866 certe
1208 2820 1306 2882 quani
1323 2805 1483 2866 intensum
1500 2823 1534 2866 se
1552 2805 1744 2868 adversariis
1759 2808 1875 2886 Pelagii
1889 2808 2100 2885 declararerit
2110 2810 2208 2871 lero-

600 2886 707 2966 solyme
721 2886 857 2948 civitatis
871 2887 1041 2963 episcopus
1058 2905 1065 2942 :
1084 2883 1314 2962 quodquidam
1332 2890 1363 2944 et
1377 2888 1511 2945 eventus
1526 2883 1682 2958 funestos,
1699 2887 1745 2946 uti
1765 2886 1959 2957 videbimus,
1974 2888 2113 2966 peperit,
2129 2893 2160 2949 et
2174 2891 2206 2948 in

599 2963 653 3041 ipsa
663 2983 789 3043 quoque
805 2965 928 3044 synodo
938 2964 1005 3042 jain
1020 2962 1137 3039 erupit.
1153 2962 1294 3024 loannes
1308 2962 1395 3025 enim
1410 2963 1452 3024 ab
1465 2963 1624 3056 episcopis
1640 2970 1789 3044 rogatus,
1812 2982 1849 3025 ea
1869 2982 1941 3044 quie
1954 2973 2110 3045 praesente
2124 2985 2159 3027 se
2174 2968 2207 3027 ia

597 3053 735 3106 oonientu
756 3044 1026 3122 ierosolymitano
1048 3044 1138 3121 gesta
1154 3040 1280 3102 lucrant
1294 3047 1485 3132 exponeret3
1506 3049 1696 3113 orationem,
1716 3059 1788 3119 que
1803 3061 1842 3103 ex
1860 3053 1949 3121 parte
1969 3047 2010 3107 ab
2028 3048 2208 3125 Augustino

596 3122 724 3193 reicitur,
738 3123 862 3191 babuit,
877 3138 943 3199 qua
957 3137 1022 3182 non
1033 3119 1128 3179 modo
1139 3118 1256 3180 Christi
1269 3128 1408 3199 gratiam
1418 3119 1539 3181 admitti
1560 3138 1579 3182 a
1602 3121 1729 3201 Pelagio
1745 3123 1968 3194 contendebat,
1986 3126 2207 3187 verumetiam

593 3201 618 3258 in
629 3202 772 3264 llerotem
787 3207 818 3261 et
831 3202 1002 3271 Lazarum,
1018 3199 1052 3258 iu
1064 3197 1227 3268 Orosium,
1242 3198 1321 3259 etin
1336 3198 1493 3276 quosdam
1507 3200 1588 3260 alios
1603 3201 1814 3261 invehebatur
1828 3201 1935 3293 litto..
1953 3221 1986 3262 n.
2004 3202 2067 3283 37).

621 3281 761 3359 Pelagius
776 3297 853 3341 vero
866 3279 1000 3339 loannis
1012 3276 1159 3355 presidio
1172 3282 1203 3338 et
1216 3276 1326 3339 lavore
1342 3294 1408 3337 non
1420 3281 1601 3349 contentus,
1616 3283 1651 3338 ut
1665 3279 1936 3341 existimationem
1949 3297 2040 3342 suain
2053 3282 2137 3359 apud
2148 3283 2208 3361 ju-

587 3358 660 3419 dices
675 3359 896 3436 amplificaret,
911 3356 1090 3434 complures
1109 3356 1327 3417 sanctissimos
1341 3356 1428 3417 iiras
1445 3356 1505 3415 sibi
1527 3358 1655 3434 junctos
1679 3358 1818 3418 amicitia
1838 3360 2005 3437 jactitavit,
2027 3362 2209 3439 multasque

585 3438 766 3508 antistitum,
782 3454 802 3499 a
816 3438 934 3515 quibus
951 3435 1069 3496 eximie
1082 3433 1326 3513 praedicabatur,
1347 3434 1482 3511 protulit
1502 3436 1664 3512 epistolas.
1691 3436 1813 3495 Haruin
1835 3439 2008 3499 nonnullas
2028 3439 2152 3501 curarit
2175 3440 2207 3500 in

583 3517 697 3595 synodo
711 3517 852 3588 recitari,
864 3515 897 3575 in
911 3515 1028 3592 quibus
1044 3519 1076 3575 et
1088 3513 1258 3591 Augustini
1272 3529 1338 3573 una
1352 3512 1411 3573 luit
1426 3510 1533 3591 (itta,
1545 3531 1577 3573 n.
1588 3512 1653 3593 51).
1827 3521 1837 3535 ‘

618 3595 711 3674 Atqui
737 3595 865 3655 tandein
887 3593 1062 3671 aliquando
1084 3609 1216 3653 neeesse
1235 3590 1294 3651 luit
1311 3591 1375 3671 legi
1392 3591 1547 3664 libellum,
1565 3593 1597 3652 iii
1615 3610 1681 3669 quo
1697 3592 1800 3653 Heras
1821 3598 1852 3655 et
1868 3594 2011 3657 Lazarus
2034 3596 2208 3659 sententias

579 3675 694 3754 Pelagii
709 3676 975 3753 perscripseram.
990 3673 1178 3750 interpretis
1194 3688 1293 3748 opera
1306 3671 1483 3734 utebantur
1493 3670 1615 3751 judices
1632 3671 1738 3734 latinis
1753 3671 1901 3736 dictionis
1917 3675 2041 3754 ignari3
2066 3681 2099 3737 at
2119 3678 2209 3739 Pela*

602 3755 652 3813 'us
666 3753 704 3814 ad
718 3754 778 3814 sibi
793 3754 918 3831 objecta
932 3753 1156 3830 responsiones
1170 3751 1299 3827 eloquio
1313 3766 1417 3829 graeco
1433 3750 1582 3812 reddebat
1597 3749 1702 3830 (lita,
1717 3769 1772 3812 nn.
1787 3751 1818 3825 3,
1833 3751 1879 3832 P).
1898 3754 1935 3814 ln
1951 3755 2000 3815 liis
2021 3753 2145 3833 quiade
2169 3756 2211 3816 li-

580 3772 663 3893 iiiia
680 3834 809 3894 recitata
823 3837 910 3901 sunt,
930 3837 960 3891 et
971 3831 1095 3910 objecta
1110 3829 1250 3908 Pelagio,
1266 3829 1344 3888 illud
1359 3832 1407 3890 cst
1421 3829 1579 3907 primum,
1601 3831 1687 3909 quod
1710 3831 1742 3891 iii
1765 3831 1847 3893 libro
1866 3848 1926 3892 suo
1940 3833 2079 3911 quodam
2099 3834 2210 3896 scribit

578 3911 659 3988 (tit.
676 3911 904 3989 cogitatorum.
923 3910 1000 3971 l'ide
1017 3908 1159 3988 Appenni.
1175 3917 1266 3987 parte
1281 3907 1325 3987 P),
1342 3908 1418 3969 Non
1430 3926 1521 3988 posse
1538 3926 1599 3967 esse
1616 3909 1682 3969 sine
1691 3919 1830 3988 peccato,
1847 3910 1911 3971 nisi
1932 3911 1986 3990 gni
2009 3912 2085 3991 legis
2106 3913 2212 3973 scien·-

577 3991 652 4050 tiam
666 3989 806 4052 dedicerit
823 3990 938 4069 (Infra,
955 3989 991 4048 de
1003 3987 1105 4049 Gestis
1122 3988 1253 4063 Pelagii,
1275 4005 1307 4046 n.
1328 3986 1372 4065 ι).
1390 3989 1462 4062 Quo
1479 3987 1612 4048 recitato
1632 3987 1778 4066 Synodus
1801 3989 1904 4050 dixit:
1924 3991 1969 4051 iu
1993 3989 2051 4052 boe
2074 3989 2209 4060 edidisti,

576 4069 709 4148 Pelagii
723 4071 762 4128 At
776 4057 828 4129 ille
841 4068 1005 4145 respondit
1019 4086 1027 4124 r
1045 4067 1116 4144 Ego
1127 4065 1247 4145 guidem
1258 4065 1340 4128 diri.
1356 4064 1408 4125 sed
1422 4083 1488 4126 non
1500 4066 1580 4126 sicut
1591 4064 1641 4127 illi
1655 4063 1837 4145 intelligunt
1851 4080 1861 4127 .·
1876 4084 1941 4127 non
1959 4067 2031 4129 dixi
2045 4082 2109 4129 non
2118 4079 2212 4150 posse

574 4167 703 4228 peceare
712 4149 767 4227 gni
782 4147 942 4207 scientium
954 4146 1031 4224 legis
1043 4143 1184 4206 debuerit
1192 4165 1202 4212 ,·
1216 4144 1268 4203 sed
1282 4144 1430 4223 adjuvari
1468 4162 1500 4203 er
1512 4144 1588 4222 legis
1602 4145 1765 4206 scientiam
1778 4145 1818 4206 ad
1832 4163 1897 4206 non
1913 4147 2114 4225 peccandum,
2128 4148 2211 4209 sicat

573 4229 728 4366 ιῗιέιιιῗι
738 4235 793 4318 ιιι,
810 4226 945 4365 «Legem
961 4226 996 4285 in
1009 4223 1209 4363 willingam·
1219 4221 1303 4282 dedit
1318 4221 1395 4283 iltis.
1410 4245 1424 4278 ii
1475 4240 1513 4285 oc
1530 4222 1640 4284 audito
1653 4222 1800 4303 synodus
1813 4224 1894 4285 dixit
1910 4244 1917 4284 i
1934 4225 2009 4288 Non
2022 4234 2096 4287 scint
2110 4228 2212 4295 aliena

574 4326 593 4365 a
665 4324 784 4373 cressa,
820 4323 866 4365 ne
901 4322 1035 4364 icusnn
1065 4323 1084 4362 a
1129 4319 1240 4362 cairo.

616 4385 740 4464 Adjecit
751 4324 942 4462 epiZcopalis
955 4382 1113 4462 Synodus,
1127 4386 1158 4441 ct
1168 4322 1212 4441 atu
1228 4394 1235 4439 t
1254 4381 1387 4459 degatur
1401 4387 1429 4441 ιι
1445 4379 1534 4441 aliud
1548 4377 1729 4473 capitatum.
1745 4379 1784 4441 Et
1797 4381 1915 4443 lectum
1930 4387 1978 4446 est
1992 4384 2026 4446 iu
2041 4385 2151 4445 codem
2170 4386 2213 4447 li-

563 4465 635 4538 ‚bro
650 4481 712 4524 suo
727 4464 874 4541 posuisse
888 4461 1063 4542 Pelagium,
1079 4459 1190 4521 Omnes
1204 4460 1363 4520 voluntate
1376 4459 1511 4539 propria
1523 4476 1601 4539 regi.
1618 4460 1689 4534 Quo
1704 4460 1786 4522 lecto
1798 4461 1946 4542 Pelagius
1962 4464 2147 4542 respondit:
2166 4465 2214 4524 Et

576 4541 633 4602 boc
644 4543 716 4603 dici
723 4551 853 4622 propter
866 4541 995 4602 liberam
1012 4538 1187 4604 arbitrium.
1204 4538 1256 4598 ciii
1265 4539 1347 4597 Peos
1357 4537 1486 4616 adjutor
1497 4546 1541 4599 est
1553 4539 1680 4617 eligenti
1690 4538 1788 4609 bona5
1802 4539 1891 4601 bomo
1907 4558 1979 4602 cero
2018 4550 2136 4610 ertone,
2148 4543 2213 4622 ipse

577 4622 612 4681 iii
626 4622 719 4699 culpa
736 4630 791 4688 est,
828 4623 898 4682 nasi
912 4619 1002 4680 libari
1017 4616 1156 4678 arbitrii.
1172 4620 1243 4708 Quo
1262 4616 1371 4677 audito
1389 4616 1531 4696 episcopi
1550 4617 1703 4679 dixerunt
1719 4637 1726 4676 ι
1742 4617 1848 4697 Negas
1870 4618 1929 4680 ltoc
1951 4561 2085 4680 alssnitm
2106 4631 2149 4681 est
2175 4623 2213 4683 ab

578 4638 942 4762 ecclesiasticasionrtm
955 4696 1064 4776 titia..
1078 4715 1110 4756 n.
1125 4695 1168 4775 5).
1546 4773 1547 4776 Ἴ

617 4779 696 4838 ltem
711 4779 878 4838 recitatum
894 4781 952 4849 est,
967 4775 1099 4854 quadiu
1115 4775 1197 4834 libro
1210 4791 1269 4836 suo
1282 4774 1430 4854 Pelagius
1445 4775 1564 4853 posuit,
1580 4775 1622 4834 ln
1636 4773 1684 4835 die
1692 4773 1812 4854 judicii
1825 4775 1942 4856 iiiigitis
1957 4779 1985 4835 et
1997 4777 2213 4854 peccatoribus

578 4875 643 4916 non
661 4875 723 4916 esse
737 4856 938 4934 parcendum,
953 4855 1006 4916 sed
1017 4852 1140 4914 uternis
1151 4872 1200 4913 eos
1217 4852 1340 4932 ignibus
1355 4853 1541 4914 exurendos.
1565 4853 1740 4931 Respondit
1762 4853 1908 4933 Pelagius
1926 4868 1934 4913 t
1950 4855 2023 4915 Hac
2046 4856 2215 4917 secundum

578 4935 790 5013 Euangeliou
802 4935 885 5001 dici,
901 4934 955 4996 ndi
969 4934 1088 4996 dicitnr
1100 4931 1376 5011 deprecatoribus,
1393 4931 1477 4993 alili
1486 4931 1577 4992 ibunt
1591 4931 1624 4991 in
1638 4930 1827 5011 supplicium
1842 4941 2006 5001 aetatium:
2013 4933 2099 5013 justi
2114 4944 2215 4997 autem

579 5014 724 5151 ibiscitmn
737 5023 901 5153 alberga-am:
918 5021 969 5151 »θιι
979 5012 1097 5151 1⁸¹¹)un
1114 5011 1207 5072 aliter
1222 5010 1331 5080 credit,
1342 5010 1523 5092 origenista
1537 5017 1592 5072 est.
1608 5009 1754 5090 Synodus
1765 5011 1866 5072 dlxlt:
1883 5010 2027 5073 Alienum
2039 5031 2106 5075 non
2118 5023 2161 5075 ιιι
2177 5016 2215 5076 ab

602 5093 725 5154 'ccirsiu
755 5094 803 5153 li
829 5110 917 5159 ..nn
953 5136 961 5164 ,
1034 5135 1041 5149 .

618 5093 786 5248 Obiectiim
802 5175 849 5231 est
862 5177 893 5231 et
907 5170 984 5231 illud
998 5092 1138 5249 P)elaglo,
1153 5174 1308 5246 tanquam
1322 5169 1355 5229 in
1370 5185 1429 5230 suo
1442 5169 1525 5230 libro
1540 5168 1716 5247 scripserit,
1729 5169 1852 5230 Malum
1868 5182 1924 5230 nee
1942 5171 1976 5232 in
1995 5171 2215 5251 cogitationem

580 5252 694 5309 tenire.
710 5250 903 5326 llespondit:
919 5250 990 5309 lloc
1002 5266 1067 5325 non
1081 5248 1318 5326 imposuimus:
1340 5248 1393 5309 sed
1406 5248 1562 5316 dicimus,
1580 5247 1686 5309 dedere
1702 5247 1824 5308 studere
1839 5247 2059 5318 christianum,
2080 5268 2118 5311 ne
2138 5253 2215 5314 male

580 5347 614 5388 ιο
646 5331 706 5388 ιιι.
720 5328 869 5406 Episcopi
883 5329 1103 5412 approbarunt
1120 5325 1228 5405 (ibid,
1244 5343 1276 5386 n.
1292 5325 1354 5405 12).

647 5407 797 5467 scitatum
810 5414 858 5467 est
872 5410 902 5468 cl
915 5406 1013 5481 aliud,
1027 5407 1111 5484 quod
1127 5406 1158 5465 iii
1172 5422 1232 5466 suo
1245 5404 1353 5466 libello
1367 5405 1506 5484 scripsit,
1522 5407 1660 5484 Regnum
1675 5405 1819 5466 celarum
1832 5405 1922 5467 etiam
1936 5406 1971 5466 in
1988 5407 2092 5468 l'eteri
2101 5408 2216 5468 Testa-

579 5493 681 5545 mento
692 5485 891 5564 promissum.
909 5486 953 5545 Ad
969 5485 1054 5562 quod
1068 5485 1216 5563 Pelagius
1230 5504 1237 5542 ι
1253 5485 1286 5544 Η
1290 5502 1325 5544 οι
1346 5492 1375 5544 ιι
1392 5502 1451 5562 per
1471 5485 1656 5564 Scripturas
1675 5483 1811 5562 probari
1826 5484 1976 5564 possibile
1996 5494 2039 5545 est
2050 5506 2059 5552 ‚·
2079 5485 2217 5548 haretici

579 5573 682 5624 eutem
694 5565 728 5625 in
739 5564 891 5641 injuriam
909 5564 1027 5625 Veteris
1045 5562 1232 5623 Testamenti
1245 5562 1303 5622 liae
1316 5571 1442 5641 negant.
1463 5563 1536 5643 Ego
1552 5580 1624 5623 cero
1640 5560 1879 5640 scripturarum
1897 5564 2115 5625 anctoritatem
2131 5583 2216 5625 seca·

580 5652 630 5702 tiis
644 5642 728 5708 dici,
744 5640 1241 5722 quoniaminproplietalinniele
1254 5643 1461 5720 scriptumest
1477 5662 1487 5701 .·
1504 5666 1518 5696 a
1531 5641 1579 5702 Ei
1593 5641 1747 5719 ‹iictptmi
1757 5641 1860 5705 saneti
1873 5658 2002 5720 regnum
2016 5640 2181 5705 ditissimi.
2200 5668 2214 5697 n

578 5721 734 5860 Olpadejus
753 5727 885 5878 gigfepta
909 5722 1131 5799 responsione,
1150 5720 1296 5799 Synodus
1323 5718 1404 5780 dixit
1423 5740 1431 5778 ι
1447 5722 1553 5800 ll'egue
1577 5717 1634 5781 boc
1656 5721 1791 5781 alienum
1815 5727 1858 5780 est
1880 5739 1899 5780 a
1921 5721 1981 5799 fide
2006 5721 2217 5784 ecclesiastiea

619 5819 645 5860 n
671 5819 738 5867 .‚n.
808 5846 815 5859 .
2136 5845 2144 5858 .

580 5803 591 5878 ί
620 5881 694 5939 Post
710 5880 776 5941 bac
792 5875 953 5958 obiectum
967 5882 1026 5948 est,
1042 5877 1127 5957 quod
1142 5877 1287 5955 Pelagius
1302 5876 1335 5938 in
1350 5877 1461 5939 eodem
1476 5878 1559 5938 libro
1572 5878 1737 5956 scripserit
1755 5892 1827 5947 suo,
1841 5875 1936 5937 Posse
1950 5875 2148 5948 nominent-t
2163 5899 2215 5939 ιι-

580 5959 630 6024 ιιι,
647 5976 709 6017 esre
720 5975 786 6017 nne
798 5971 925 6037 pearata
944 5976 954 6016 .·
968 5962 998 6017 et
1012 5958 1098 6036 quod
1111 5958 1254 6018 scribens
1270 5956 1308 6017 ad
1323 5956 1450 6018 riduam
1467 5957 1645 6018 adulatorie
1663 5956 1791 6024 dixerit,
1805 5954 1950 6016 inueniat
1965 5957 2050 6050 apud
2064 5967 2091 6018 te
2101 5958 2215 6037 pietas,

576 6049 649 6115 grta
660 6053 810 6116 nusquam
823 6035 958 6102 invenit.
975 6036 1075 6097 locum
1086 6056 1097 6096 .·
1109 6035 1244 6097 inveniat
1258 6033 1370 6114 migne
1381 6036 1548 6115 peregrina
1562 6031 1596 6095 in
1608 6044 1636 6094 te
1649 6035 1746 6094 sedem
1755 6032 1884 6126 justitia
1900 6045 2037 6097 :veritas
2051 6039 2217 6129 grininjam

577 6133 668 6176 nemo
684 6115 856 6193 cognoscit.
871 6113 1036 6175 domestica
1050 6113 1107 6177 tibi
1119 6123 1147 6177 ιι
1166 6113 1264 6175 amica
1279 6116 1333 6193 fiat
1346 6135 1357 6183 ,·
1372 6121 1401 6174 et
1416 6113 1467 6174 ιιι
1482 6114 1540 6176 Dei
1551 6131 1618 6193 gna
1630 6111 1667 6173 ab
1680 6112 1820 6174 omnibus
1832 6128 1930 6192 prope
1946 6113 2121 6176 dominibus
2139 6135 2216 6178 con*

577 6195 742 6261 temnitur,
759 6203 816 6254 ute
831 6194 898 6254 sola
913 6192 1094 6253 donaretur.
1112 6195 1151 6254 Et
1167 6195 1282 6254 iteruin
1297 6193 1336 6256 ad
1350 6194 1472 6273 ipsam:
1493 6194 1559 6255 Otr
1572 6191 1689 6272 felicem
1701 6201 1729 6250 ct
1745 6190 1878 6260 beatam,
1902 6191 2085 6271 sijnstitia.
2100 6213 2167 6273 gua
2183 6193 2217 6257 i'it

577 6274 655 6335 ecto
671 6280 790 6332 tontum
803 6291 864 6330 esse
876 6271 1092 6340 credendaest,
1109 6273 1194 6352 opud
1208 6281 1235 6332 te
1250 6271 1345 6333 solnm
1360 6273 1540 6334 inueniatur
1555 6274 1588 6334 in
1612 6272 1722 6332 terris!
1743 6272 1782 6332 Et
1809 6271 1840 6331 in
1857 6271 1922 6332 alio
1944 6271 1983 6333 ad
2003 6275 2103 6351 ipsani
2122 6271 2216 6345 libro,

575 6357 652 6437 post
666 6350 844 6413 orationem
859 6351 987 6410 Domini
998 6359 1029 6413 ct
1045 6352 1219 6414 Satratoris
1235 6352 1347 6426 nostrl,
1363 6353 1480 6412 docens
1492 6348 1763 6433 quemadmodum
1771 6350 1913 6416 aeneam
1925 6354 2033 6412 sancti
2041 6346 2233 6416 uenientis

730 6437 866 6525 immi..
885 6440 993 6503 xiii.
1941 6451 2086 6524 <lirosa
