5592 7350
570 919 623 989 tel
1300 895 1495 980 radiatio.
2180 923 2227 982 tte

571 1044 764 1108 clarissimo
780 1054 808 1103 et
821 1041 1069 1109 reuerentissimo
1083 1038 1272 1097 auctoritate
1287 1035 1453 1096 decretam.
1470 1035 1514 1095 tle
1529 1030 1689 1113 significat
1704 1051 1739 1095 se
1759 1034 1950 1110 Prosperum
1967 1052 2099 1114 quoque
2116 1038 2228 1119 impu.

572 1125 651 1187 lisso
668 1122 710 1185 ad
725 1121 934 1185 scribendam
952 1118 1098 1200 proprias
1113 1117 1147 1176 in
1163 1114 1305 1177 eamdem
1320 1132 1390 1176 rem
1405 1113 1546 1185 litteras,
1561 1130 1644 1192 quas
1665 1114 1692 1174 ei
1717 1130 1790 1174 eum
1813 1112 1880 1173 suis
1901 1112 2100 1193 conjunctim
2116 1118 2226 1200 dirigit

588 1203 619 1265 e
645 1203 701 1265 ist.
715 1201 794 1273 ἥδ,
808 1219 839 1261 n.
855 1202 918 1262 10.

574 1206 586 1284 ί
612 1221 763 1344 {utam
779 1209 959 1342 ettamn'um
986 1279 1034 1340 late
1048 1274 1195 1353 Prosperi
1216 1274 1341 1342 littere,
1366 1281 1508 1350 quarum
1532 1271 1585 1332 ille
1598 1270 1732 1331 exordio
1755 1274 1893 1333 testatur
1914 1285 1954 1352 se¹
1970 1277 2083 1335 sancto
2097 1274 2228 1340 Doctori

576 1379 645 1424 non
660 1361 736 1422 solo
750 1360 914 1422 salutandi
937 1375 1024 1427 cum,
1043 1365 1079 1417 ut
1091 1356 1125 1414 in
1141 1354 1249 1432 priore
1260 1352 1401 1428 quadam
1412 1350 1546 1428 epistola
1563 1350 1692 1422 fecerat,
1714 1349 1831 1425 studio,
1855 1350 2029 1418 sedetiam
2052 1351 2123 1415 tldci
2138 1399 2146 1432 ,
2163 1363 2228 1435 qua

581 1437 734 1502 Ecclesia
763 1439 866 1509 risit,
892 1437 1011 1499 aflectu
1034 1435 1186 1496 scribere.
1212 1429 1402 1492 Eaeuboate
1419 1433 1514 1496 enim,
1541 1429 1664 1507 inquit,
1684 1446 1745 1508 pro
1759 1429 1913 1511 uniuersis
1926 1427 2069 1493 menbris
2082 1435 2229 1514 eorporis

577 1517 700 1581 lile-isti
718 1519 966 1597 vigilantissima
981 1513 1141 1576 industrio
1157 1521 1228 1578 teto,
1249 1521 1279 1570 et
1301 1509 1450 1590 attonsus
1469 1507 1684 1568 lereticarum
1699 1508 1918 1570 doctrinarum
1935 1509 2068 1572 insidior
2083 1514 2227 1576 ueritatis

579 1599 702 1660 uirtute
715 1607 889 1678 pmpreonte,
906 1594 993 1658 nullo
1008 1592 1099 1653 modo
1114 1590 1191 1651 mili
1205 1588 1369 1651 berendnm
1382 1588 1505 1667 putari,
1518 1606 1556 1648 ne
1571 1604 1722 1647 onerosos
1737 1587 1794 1648 tibi
1805 1597 1860 1648 atet
1876 1588 2074 1668 importunos
2090 1610 2182 1654 essem
2195 1595 2230 1655 in

578 1693 625 1744 eo.
640 1677 733 1758 qnod
745 1677 787 1737 od
802 1678 973 1737 multorom
986 1675 1129 1738 salntem,
1144 1689 1181 1730 ao
1192 1668 1323 1747 perinde
1337 1667 1378 1728 ad
1394 1667 1542 1745 pietatem
1558 1675 1641 1725 troam
1654 1667 1792 1745 pertinet
1801 1686 1811 1733 ,·
1826 1685 1896 1728 com
1913 1668 2022 1747 potins
2036 1687 2122 1731 reum
2133 1674 2230 1753 {aeu-

578 1773 651 1818 τινι
674 1774 743 1817 esse
766 1775 814 1815 me
836 1755 1002 1818 crederem.
1017 1753 1044 1812 si
1060 1770 1094 1810 eo
1108 1767 1175 1831 qne
1188 1747 1276 1809 valde
1287 1747 1467 1825 perniciosa
1481 1764 1542 1805 esse
1555 1745 1713 1824 intelligo,
1729 1746 1769 1806 ad
1783 1745 1947 1824 specialem
1966 1756 2137 1826 patronum
2156 1753 2229 1832 fidei

579 1852 646 1896 non
666 1835 819 1916 referrem
834 1834 957 1912 (Epist.
973 1831 1043 1895 bib.
1057 1848 1089 1890 n.
1106 1830 1148 1909 1).
1171 1828 1211 1888 Et
1225 1834 1297 1905 post
1311 1826 1508 1904 expositam,
1523 1842 1596 1902 quae
1619 1825 1650 1884 in
1676 1826 1738 1885 illis
1763 1826 1942 1905 Pelagianos
1965 1828 2131 1904 pravilatis
2152 1833 2231 1894 reli-

605 1915 668 1976 oiis
684 1914 808 1984 inerat,
832 1925 898 1974 non
912 1912 1102 1982 mediocrem
1119 1907 1336 1973 virulentiam,
1356 1902 1485 1984 subiicit
1500 1904 1688 1982 :Speremus
1703 1919 1767 1964 non
1780 1905 1878 1964 sotum
1895 1905 2075 1968 tenuitatem
2089 1911 2231 1972 nostram

581 1933 842 2072 disputationum
857 2001 983 2052 totorum
990 1984 1137 2068 presidio
1152 1981 1371 2050 roborandum.
1383 1981 1436 2044 sni
1448 1982 1541 2044 ctiam
1554 1982 1647 2059 ipsos,
1657 2001 1735 2062 quos
1745 1984 1862 2045 meritis
1877 1993 1968 2062 otrpn
1982 1981 2154 2062 bonoribus
2164 1989 2231 2052 clp-

584 2089 637 2134 ros
652 2072 757 2150 cofiqo
775 2072 869 2133 istius
884 2069 1043 2149 opinionis
1062 2065 1216 2130 obscnrot,
1227 2062 1614 2143 defecatissimnrnlumen
1629 2061 1739 2139 profice
1753 2071 1931 2140 recepturos·
1947 2061 2058 2140 (ibid,
2073 2081 2126 2126 nu.
2137 2067 2168 2136 6,
2185 2071 2228 2148 tl).
2266 2069 2269 2074 '

624 2152 852 2232 Augustinus,
867 2165 1054 2228 quanquam
1077 2146 1210 2205 moleste
1232 2143 1355 2204 ferebat
1376 2142 1462 2218 quod
1487 2141 1646 2202 catholico
1665 2142 1805 2221 dogmati
1824 2141 1941 2201 divinis
1958 2144 2148 2207 testimoniis
2165 2154 2229 2209 tam

587 2230 694 2291 unitis
712 2230 847 2306 lamque
862 2225 1038 2288 manifestis
1053 2222 1243 2286 confirmato
1258 2221 1432 2298 quisquam
1447 2219 1553 2281 adhue
1566 2220 1730 2281 adversari
1746 2220 1895 2285 auderet.
1911 2221 2059 2301 Prosperi
2075 2229 2182 2287 tamen
2198 2233 2229 2289 et

587 2297 715 2378 ltttirtt,
729 2310 888 2378 virorum,
899 2306 945 2368 uti
958 2305 1109 2374 diximus,
1121 2304 1289 2372 laieorum,
1302 2317 1384 2378 quos
1401 2298 1469 2377 ipse
1484 2299 1566 2360 filios
1580 2298 1786 2360 charissimos
1802 2300 1942 2379 appellat
1960 2300 2076 2394 (fnsro,
2093 2303 2130 2364 de
2144 2305 2230 2367 Pro·

588 2386 798 2449 destinatione
813 2385 1017 2450 Sanctorum,
1033 2402 1065 2443 n.
1083 2384 1131 2462 l);
1148 2381 1264 2440 horum
1281 2397 1317 2439 cr
1339 2398 1359 2438 ο
1374 2383 1404 2439 ct
1425 2378 1530 2439 studio
1547 2384 1578 2440 ct
1594 2379 1644 2455 pia
1661 2395 1739 2459 erga
1753 2383 1899 2440 errantes
1919 2380 2133 2444 sollieitudine
2151 2403 2231 2461 per-

589 2475 705 2539 motus,
721 2465 804 2526 duos
821 2466 965 2543 ipsorum
982 2462 1115 2532 nomini,
1132 2460 1161 2519 id
1177 2464 1237 2526 est,
1252 2459 1293 2518 od
1309 2398 1500 2537 brospernm
1516 2466 1544 2517 et
1560 2458 1732 2525 Hilarium,
1750 2458 1877 2535 scripsit
1891 2458 2003 2528 libros,
2023 2466 2179 2540 utrosque
2196 2466 2229 2525 in

591 2552 693 2608 sciere
716 2544 897 2605 Noalliensi
919 2542 1045 2608 codice.
1068 2542 1100 2600 in
1123 2538 1309 2600 Pretellensi
1325 2552 1364 2598 ac
1377 2536 1524 2606 aretensi,
1540 2540 1571 2596 ct
1584 2538 1626 2597 ab
1642 2537 1711 2613 ipso
1726 2537 1884 2613 Prospero
1900 2536 1936 2596 de
1949 2536 2230 2603 Prodestinotione

589 2625 780 2687 Sanctorum
792 2627 996 2699 nuncupatos
1009 2619 1102 2700 (l'ide
1117 2619 1213 2697 infra,
1226 2614 1479 2677 Acirrtonitionem
1493 2615 1527 2675 in
1541 2614 1657 2676 librum
1667 2615 1703 2675 de
1713 2616 1805 2675 Dono
1816 2616 2057 2678 Perseverantioe
2066 2638 2076 2683 .·
2085 2620 2227 2712 append.

588 2712 674 2784 porte
685 2702 720 2772 3.
735 2701 892 2779 Prosperi
906 2700 1134 2779 nespoostones
1148 2697 1187 2757 ad
1200 2694 1410 2756 devenensium
1425 2694 1598 2772 decerpta,
1615 2694 1688 2756 init.
1703 2706 1730 2754 et
1748 2695 1782 2755 in
1795 2702 1877 2754 tomo
1894 2695 1921 2766 l,
1935 2695 2054 2756 uariam
2066 2697 2230 2762 lectionem

589 2782 628 2843 sd
639 2783 736 2864 finem
750 2778 1033 2856 lletroctutionnm)
1047 2796 1054 2836 ι
1069 2776 1123 2837 sed
1145 2774 1306 2854 posterior
1328 2779 1435 2835 tamen
1456 2772 1523 2851 iam
1547 2773 1641 2845 olim,
1665 2773 1758 2834 titulo
1781 2773 1916 2835 forsitan
1938 2791 1996 2852 per
2012 2791 2230 2842 amanuenses

589 2868 724 2930 mnmto,
740 2860 780 2920 de
794 2860 886 2919 Dono
900 2856 1142 2919 Persecerontia
1158 2855 1328 2916 vocitatur.

628 2941 739 3002 Priore
757 2940 843 3000 libro
857 2941 1013 2997 monstrat
1027 2935 1146 2995 donum
1160 2933 1217 2995 Dei
1233 2950 1384 2995 essenon
1400 2931 1505 2993 solum
1521 2931 1765 3005 incrementum,
1781 2930 1836 2992 sed
1854 2930 1980 2991 initium
1996 2947 2128 3013 quoque
2143 2935 2227 3002 lidef.

593 3019 655 3082 llac
667 3019 709 3079 de
724 3036 761 3079 re
773 3035 810 3078 sc
822 3017 917 3078 aliter
931 3016 1070 3078 sensisse
1084 3013 1272 3091 aliquando,
1284 3017 1316 3074 et
1327 3013 1359 3073 in
1370 3012 1534 3091 opusculis
1550 3029 1617 3073 ase
1631 3013 1773 3072 nondum
1784 3010 1935 3089 episcopo
1949 3013 2075 3089 scriptis
2087 3033 2227 3088 errasse,

592 3113 652 3160 uon
667 3097 827 3158 diffitetur
843 3117 852 3156 r
866 3102 899 3156 at
916 3100 1027 3173 postea
1042 3093 1224 3155 convictum
1240 3111 1274 3153 se
1287 3089 1407 3153 indicat
1422 3093 1482 3153 hoe
1499 3092 1659 3170 precipue
1679 3092 1880 3162 testimonio,
1906 3091 1992 3167 (laid
2007 3103 2108 3154 autern
2122 3094 2229 3167 lobes,

650 3177 672 3238 d
692 3193 761 3236 non
784 3175 933 3254 accepisti
948 3175 973 3252 (l
985 3172 1061 3235 Cor.
1075 3187 1119 3243 rr,
1134 3173 1188 3251 'tlt
1200 3171 1286 3250 quod
1301 3170 1520 3231 testimonium
1535 3171 1573 3232 de
1591 3173 1660 3248 ipsa
1679 3172 1774 3233 etiam
1792 3170 1853 3232 lide
1867 3170 2088 3249 accipiendum
2104 3180 2229 3252 probat.

591 3195 699 3318 ffiem
713 3255 810 3316 docet
825 3255 908 3315 inter
922 3253 987 3316 alia
1002 3252 1200 3313 numeranda
1214 3267 1284 3311 csse
1302 3266 1401 3326 opera
1414 3293 1422 3320 ,
1436 3250 1557 3326 quibus
1574 3251 1631 3311 Dei
1646 3250 1782 3328 gratiam
1800 3252 1970 3327 praeveniri
1982 3259 2077 3331 negat
2089 3257 2233 3333 Aposto-

593 3337 653 3397 lus.
681 3333 795 3397 Gratia
809 3334 962 3395 duritiam
976 3331 1079 3397 cerdis
1105 3329 1245 3400 auferri;
1266 3333 1297 3389 et
1314 3326 1353 3388 ad
1369 3328 1532 3388 Christum
1557 3329 1669 3390 sortire
1683 3346 1796 3388 omnes
1811 3329 1867 3406 qui
1883 3345 1902 3389 a
1918 3330 2010 3392 Patre
2022 3332 2179 3396 docentur
2195 3344 2232 3399 ut

595 3415 726 3477 veniant
746 3433 755 3473 z
776 3430 861 3493 quos
884 3420 991 3474 autem
1014 3411 1123 3482 docet,
1145 3407 1363 3470 misericordia
1378 3406 1511 3480 docere;
1527 3412 1558 3467 ct
1579 3425 1661 3485 quos
1677 3425 1742 3468 non
1764 3407 1873 3479 docet,
1887 3408 2009 3486 judicio
2023 3425 2088 3472 non
2103 3414 2229 3478 docere.

595 3494 712 3556 torum
735 3510 777 3553 ex
799 3510 860 3554 sua
882 3491 984 3570 ipsius
1000 3490 1133 3568 epistula
1154 3488 1329 3549 centesima
1345 3485 1486 3547 secunda
1509 3486 1723 3565 oblectatum,
1746 3503 1840 3564 posse
1861 3494 1946 3550 recte
1964 3489 2056 3550 salvo
2069 3495 2179 3571 gratiae
2199 3506 2231 3558 et

617 3571 885 3635 radesttnaetonts
896 3571 1044 3650 dogmate
1055 3566 1392 3647 explicari.0bscrrat
1401 3563 1571 3641 quidintcr
1580 3566 1899 3645 gratiumintersitac
1908 3569 2229 3645 praedestinationem.

593 3592 694 3717 gorra
706 3650 991 3745 predestinatione
1005 3649 1108 3711 Deum
1123 3665 1160 3710 ea
1175 3645 1373 3724 prescicisse
1411 3643 1576 3707 ncefucrat
1589 3647 1656 3724 ipsc
1681 3646 1836 3708 tacturus.
1861 3647 2150 3714 l'rudestinationis
2173 3654 2234 3716 ad-

594 3748 779 3803 romanos,
802 3732 859 3870 qui
884 3730 924 3792 ad
948 3730 1105 3791 incertum
1123 3726 1296 3789 voluntatis
1320 3661 1505 3787 uellerent
1523 3743 1557 3786 se
1572 3727 1657 3787 nolle
1672 3726 1835 3799 dicuntur,
1854 3729 1990 3790 miratur
2003 3731 2099 3793 malle
2114 3750 2149 3793 se
2165 3748 2233 3794 sure

594 3813 741 3891 ipsorum
765 3814 799 3872 in
814 3810 966 3882 irmitati,
981 3826 1080 3889 qnam
1094 3807 1234 3867 firmitati
1250 3803 1474 3885 promissionis
1492 3805 1549 3865 Dei
1564 3806 1774 3867 committere.
1793 3806 1929 3867 Eosdem
1945 3807 2005 3869 bae
2028 3812 2234 3885 auctoritare,

595 3892 633 3955 Si
656 3891 849 3959 credideris,
878 3889 984 3951 solens
1009 3889 1072 3950 eris
1088 3888 1189 3966 (lton.
1206 3904 1243 3955 x,
1261 3887 1312 3966 9),
1344 3885 1437 3947 abuti
1464 3890 1706 3946 commonstrat.
1740 3887 1858 3949 Gratiae
1880 3902 1918 3946 ac
1942 3890 2231 3964 praedestinationis

595 3972 768 4033 ceritatem
791 3970 941 4031 relucere
964 3970 996 4028 in
1021 3967 1166 4047 parvulis
1189 3965 1244 4044 qui
1269 3967 1455 4035 salvantur,
1482 3964 1580 4025 nullis
1594 3965 1662 4025 suis
1687 3966 1808 4028 meritis
1832 3966 1960 4026 discreti
1985 3984 2004 4028 a
2026 3971 2150 4032 ceteris
2173 3973 2230 4050 qni

634 4057 733 4111 rcum
746 4070 755 4108 t
769 4066 836 4111 non
848 4050 934 4111 enim
946 4048 1030 4108 inter
1052 4063 1107 4108 eos
1122 4045 1261 4107 discerni
1275 4063 1316 4105 er
1332 4045 1535 4124 prescientia
1560 4045 1767 4118 meritorum,
1795 4062 1868 4124 quar
1885 4045 1912 4105 si
1930 4045 2050 4108 diutius
2071 4050 2231 4126 virerent,

607 4134 724 4191 nerant
743 4129 898 4191 babituri.
927 4127 1210 4189 Proeclarissimum
1225 4141 1302 4185 vero
1321 4124 1504 4202 escrnpl'um
1530 4124 1818 4201 predestinationis
1841 4129 1873 4185 et
1896 4126 2008 4205 gratiae
2033 4123 2105 4191 esse
2127 4129 2232 4208 ipsum

594 4208 824 4277 Sulcatorem.
856 4206 912 4286 qni
940 4211 975 4268 ut
1001 4207 1149 4268 Salvator
1173 4209 1205 4266 et
1228 4205 1328 4265 Filius
1353 4204 1412 4265 Dei
1436 4203 1626 4286 unigenitus¹
1651 4208 1753 4277 essct,
1779 4204 1877 4265 nultts
1899 4206 2151 4283 precedentibus
2179 4210 2230 4274 rel

595 4305 733 4368 operum
751 4288 803 4350 rel
815 4284 887 4349 fidei
903 4287 1025 4348 meritis
1041 4285 1250 4362 compararit.
1269 4282 1512 4345 Proedcsfrnatos
1530 4282 1637 4344 vocari
1651 4290 1738 4346 certa
1752 4283 1892 4361 quadam
1908 4284 2083 4346 electorum
2101 4291 2232 4367 propria

598 4369 784 4438 vocatione:
798 4382 918 4446 eosque
930 4370 1005 4428 ante
1016 4365 1125 4439 rnundi
1137 4364 1398 4425 constitutionem
1411 4379 1482 4422 esse
1495 4361 1625 4435 electos,
1639 4372 1704 4424 non
1719 4364 1796 4442 quia
1811 4362 1963 4425 credituri
1979 4366 2233 4443 praesciebantur

598 4452 629 4507 ct
643 4446 743 4508 futuri
758 4448 875 4515 sancti,
891 4447 944 4508 scd
958 4451 993 4507 ut
1008 4447 1088 4507 tales
1104 4449 1211 4507 essent
1225 4462 1282 4523 per
1296 4441 1401 4522 ipsam
1414 4441 1601 4502 electionem
1617 4444 1738 4535 gratiae.

636 4525 831 4589 Posterioris
852 4525 925 4587 libri
947 4525 1051 4604 prima
1075 4530 1166 4602 parte
1189 4524 1302 4602 probat
1327 4521 1599 4600 perseverantiam
1618 4523 1719 4597 illam,
1735 4539 1801 4602 qua
1818 4523 1850 4583 in
1865 4523 1992 4585 Christo
2007 4532 2233 4603 perseveratur

597 4623 701 4684 nsque
712 4606 748 4665 in
766 4604 876 4671 tinem.
891 4622 962 4667 csse
976 4605 1096 4665 donum
1113 4603 1182 4664 Dei.
1196 4603 1263 4664 lloc
1276 4603 1362 4662 enirn
1376 4617 1396 4662 a
1409 4600 1475 4663 lleo
1491 4601 1634 4663 irrisorie
1652 4605 1727 4680 peti,
1743 4604 1770 4664 si
1786 4619 1805 4663 a
1823 4603 1889 4664 Deo
1903 4603 1972 4663 dari
1991 4618 2055 4664 non
2070 4605 2231 4666 creditur:

597 4686 686 4777 atqui
702 4684 867 4745 dominica
882 4686 1027 4745 oratione
1043 4683 1121 4744 nihil
1138 4701 1219 4761 pene
1233 4681 1320 4743 aliud
1337 4680 1425 4759 posci
1440 4697 1538 4772 quam
1556 4681 1839 4758 perseverantiam.
1853 4681 1947 4758 juxta
1963 4681 2113 4762 Cypriani
2129 4701 2233 4764 expo-

598 4765 765 4833 sitioneme
782 4780 849 4842 qua
870 4763 1000 4841 quidem
1021 4762 1224 4841 expositione
1245 4761 1304 4840 ipsi
1326 4759 1437 4839 gratie
1453 4758 1573 4819 mimici
1592 4759 1664 4821 victi
1680 4767 1768 4830 sunt,
1784 4763 1959 4836 antequam
1982 4763 2060 4821 irati.
2078 4763 2234 4827 Perseve-

598 4843 690 4904 randi
705 4842 847 4923 gratiam
862 4858 926 4902 non
944 4842 1120 4903 secundum
1139 4841 1365 4919 accipientium
1381 4838 1514 4906 merita.
1530 4837 1584 4899 scd
1607 4838 1680 4899 aliis
1702 4838 1920 4900 misericordia
1938 4839 2027 4914 dari,
2050 4840 2122 4902 aliis
2144 4841 2234 4922 justo

598 4920 667 5001 cius
682 4921 806 5003 judicio
821 4938 886 4981 non
902 4920 971 4982 dari
989 4920 1091 4983 docet.
1110 4920 1175 4981 Cur
1189 4937 1228 4982 er
1245 4918 1361 4981 adultis
1375 4917 1430 4980 ille
1445 4916 1551 4996 potius
1567 4934 1664 4995 quam
1682 4917 1741 4979 iste
1756 4922 1900 4990 vocetur,
1916 4918 2185 4996 quemadmodum
2202 4928 2234 4986 et

598 5019 639 5062 ex
652 5001 782 5062 duobus
798 4999 943 5079 perculis
958 5017 1017 5062 cur
1031 5000 1091 5061 iste
1106 5002 1301 5069 assumatur,
1316 4997 1369 5057 ille
1382 4996 1597 5073 relinquatur,
1613 4996 1833 5058 inscrutabile.
1850 4997 2094 5061 lnscrutabilius
2110 5005 2231 5073 autem,

599 5096 658 5141 cnr
669 5099 711 5143 cx
726 5079 855 5140 duobus
870 5079 943 5157 piis,
961 5079 1035 5140 huto
1050 5095 1257 5158 perseverare
1272 5077 1421 5148 donetur,
1437 5092 1501 5136 non
1516 5075 1561 5136 llli
1577 5095 1585 5134 t
1602 5076 1658 5136 sed
1673 5076 1756 5138 istud
1773 5084 1881 5138 tamen
1896 5078 2128 5151 certissimum,
2147 5080 2234 5144 hunc

600 5175 669 5221 csse
681 5172 725 5220 ex
739 5158 985 5251 predestinatis
998 5158 1090 5219 illum
1103 5167 1168 5218 non
1182 5174 1265 5219 esse.
1281 5155 1574 5217 Predestinationis
1585 5155 1773 5236 mysterium
1783 5155 1950 5218 dominicis
1963 5159 2067 5220 verbis
2079 5159 2118 5219 de
2129 5160 2234 5241 Tyriis

600 5242 631 5298 et
642 5234 797 5307 Sidonris,
811 5236 840 5299 si
855 5237 964 5299 eadem
979 5237 1065 5317 apud
1082 5237 1166 5309 illos,
1181 5253 1254 5315 qnae
1268 5234 1353 5314 apud
1367 5234 1559 5303 Cboronain,
1573 5234 1667 5371 siqua
1680 5234 1764 5297 lacta
1778 5240 1898 5307 essent,
1911 5238 2130 5313 penitentiam
2145 5246 2235 5302 aetn-

601 5316 657 5387 ris,
671 5316 849 5378 monstrari
863 5318 1023 5378 observat.
1040 5316 1231 5394 Exemplum
1250 5314 1461 5393 parvulorum
1476 5312 1514 5374 ad
1531 5330 1596 5390 prce
1619 5314 1820 5375 estinationis
1835 5319 1866 5374 et
1881 5316 1991 5395 gratie
2006 5315 2039 5375 in
2057 5315 2234 5394 maioribus

602 5396 767 5457 imitatem
790 5392 981 5457 armandam
1005 5396 1114 5457 valere
1133 5393 1269 5456 ostendit
1285 5414 1293 5453 ε
1310 5400 1408 5471 atquc
1421 5391 1460 5455 ad
1475 5393 1582 5455 locum
1598 5393 1671 5454 libri
1686 5393 1735 5455 sui
1749 5393 1787 5454 de
1800 5393 1917 5454 Libero
1935 5395 2076 5455 Arbitrio
2090 5395 2176 5456 tertii
2194 5401 2233 5460 ab

602 5474 795 5535 annonariis
811 5473 895 5535 male
909 5472 972 5536 buc
985 5474 1124 5537 relatum
1138 5473 1321 5553 respondet.
1338 5475 1447 5535 Altera
1469 5478 1580 5552 postea
1602 5476 1703 5550 parte,
1716 5472 1789 5533 libri
1814 5472 1929 5551 refellit
1951 5473 2037 5550 quod
2057 5472 2103 5535 illi
2122 5474 2234 5543 aiunt,

602 5550 891 5630 predestinationis
912 5552 1029 5647 dogma
1050 5552 1179 5615 utilitati
1203 5551 1438 5615 exhortationis
1459 5558 1491 5612 et
1514 5550 1725 5630 correptionis
1748 5568 1819 5613 esse
1843 5552 2092 5614 incommodum.
2113 5553 2237 5617 asserit

603 5640 733 5703 rantra,
752 5630 1066 5711 praedestinationem
1081 5633 1204 5693 utiliter
1215 5630 1398 5711 predicari,
1414 5636 1450 5695 ut
1468 5629 1564 5691 bomo
1579 5647 1643 5691 non
1659 5630 1692 5691 in
1707 5646 1742 5691 se
1758 5631 1846 5709 lpse,
1860 5630 1914 5692 scd
1932 5631 1964 5692 in
1985 5631 2051 5692 Deo
2065 5631 2233 5711 glorietur.

601 5713 678 5785 fluo
694 5716 804 5772 autem
819 5711 860 5772 ab
875 5711 944 5772 istis
959 5709 1115 5774 adversus
1132 5709 1446 5789 predestinationem
1461 5709 1680 5789 objectantur,
1695 5709 1806 5770 endem
1823 5725 1888 5770 non
1904 5708 2095 5771 absimiliter
2108 5711 2158 5772 rel
2173 5712 2238 5775 acl-

604 5808 715 5852 rcrsus
731 5790 788 5852 liei
803 5791 1051 5867 prescientiam,
1070 5791 1117 5852 rel
1133 5790 1288 5853 adversus
1307 5789 1444 5870 gratiam
1461 5790 1562 5860 illam,
1578 5805 1675 5865 quam
1691 5788 1730 5849 ad
1746 5796 1859 5850 cetera
1878 5790 1963 5848 bona
1979 5785 2131 5868 (excepto
2145 5791 2237 5854 initio

602 5868 672 5931 idei
684 5876 719 5932 et
731 5869 979 5948 perseverantiae
993 5869 1200 5947 perfectione)
1213 5869 1430 5933 necessariam
1442 5886 1513 5931 esse
1533 5868 1741 5931 consentiunt
1755 5883 1849 5944 posse
1862 5866 2018 5945 torqueri.
2032 5869 2239 5935 troentina-

603 5948 723 6011 tiunem
738 5947 860 6026 qnippe
875 5957 1062 6010 sanctorum
1077 5948 1158 6011 nibil
1172 5948 1258 6011 aliud
1275 5966 1357 6021 esse,
1374 5962 1473 6026 quam
1487 5946 1721 6027 prescientiam
1738 5952 1770 6006 et
1807 5944 2052 6023 reparationem
2068 5949 2237 6012 beneficio·

605 6044 674 6089 rnna
695 6026 775 6099 bet,
788 6026 910 6105 quibus
931 6026 1110 6091 certissime
1130 6029 1323 6101 liberanter,
1346 6028 1544 6106 quicumque
1566 6026 1757 6088 liberantur.
1780 5963 1900 6086 lerum
1919 6024 2238 6164 predestinationrm

604 6122 746 6189 congrua
758 6106 885 6171 ratione
896 6106 1062 6184 proclinarl
1075 6106 1184 6186 jubete
1195 6124 1233 6169 ac
1248 6122 1311 6169 non
1326 6122 1366 6168 eo
1377 6106 1484 6173 ruodo.
1495 6110 1533 6167 ut
1546 6104 1630 6182 apud
1645 6104 1827 6182 imperitam
1838 6104 1917 6166 mult
1931 6104 2072 6167 tudinem
2087 6107 2237 6187 redargui

606 6182 671 6262 ipsa
686 6200 748 6248 sua
763 6184 989 6263 predicatione
1005 6185 1161 6248 videatur.
1185 6187 1352 6248 Postremo
1365 6183 1620 6246 illustrissimum
1635 6182 1927 6261 predestinationis
1944 6187 2128 6266 exemplum
2147 6188 2238 6249 nobis

607 6265 806 6341 propositum
821 6250 863 6325 ob
877 6265 989 6326 mulos
1004 6264 1175 6326 Dominum
1190 6265 1298 6326 lesum
1315 6263 1528 6326 commendat.

643 6341 702 6403 llle
723 6344 917 6414 obsecrant,
940 6360 1007 6403 rem
1023 6344 1065 6405 ab
1089 6345 1269 6423 Augustino
1287 6343 1378 6403 libris
1393 6340 1457 6400 illis
1472 6340 1598 6401 duobus
1615 6347 1727 6404 contra
1742 6340 1950 6407 adversarios
1963 6346 2141 6406 tractatam
2153 6344 2247 6401 eante

734 6439 873 6498 Parnon.
892 6438 1003 6504 xttr.
1415 6530 1417 6534 .
1485 6527 1488 6533 Ι
1932 6445 2120 6525 (Quonim.)
