<?xml version="1.0" encoding="UTF-8"?>
<!DOCTYPE html PUBLIC "-//W3C//DTD XHTML 1.0 Transitional//EN"
    "http://www.w3.org/TR/xhtml1/DTD/xhtml1-transitional.dtd">
<html xmlns="http://www.w3.org/1999/xhtml" xml:lang="en" lang="en">
 <head>
  <title>
</title>
<meta http-equiv="Content-Type" content="text/html;charset=utf-8" />
  <meta name='ocr-system' content='tesseract 3.04.00' />
  <meta name='ocr-capabilities' content='ocr_page ocr_carea ocr_par ocr_line ocrx_word'/>
</head>
<body>
  <div class='ocr_page' id='page_1' title='image "./patrologiaecurs04goog/patrologiaecurs04goog_0294.png"; bbox 0 0 5592 7350; ppageno 0'>
   <div class='ocr_carea' id='block_1_1' title="bbox 569 916 2213 994">
    <p class='ocr_par' dir='ltr' id='par_1_1' title="bbox 569 916 2213 994">
     <span class='ocr_line' id='line_1_1' title="bbox 569 916 2213 994; baseline -0.012 -8"><span class='ocrx_word' id='word_1_1' title='bbox 569 935 621 994; x_wconf 69' lang='lat' dir='ltr'>tlt</span> <span class='ocrx_word' id='word_1_2' title='bbox 1171 919 1337 980; x_wconf 72' lang='lat' dir='ltr'>tristent</span> <span class='ocrx_word' id='word_1_3' title='bbox 1358 918 1404 974; x_wconf 72' lang='lat' dir='ltr'>ab</span> <span class='ocrx_word' id='word_1_4' title='bbox 1422 916 1612 976; x_wconf 73' lang='lat' dir='ltr'>iuuentuti.</span> <span class='ocrx_word' id='word_1_5' title='bbox 2160 918 2213 976; x_wconf 72' lang='lat' dir='ltr'>m</span> 
     </span>
    </p>
   </div>
   <div class='ocr_carea' id='block_1_2' title="bbox 571 1031 2218 1918">
    <p class='ocr_par' dir='ltr' id='par_1_2' title="bbox 571 1031 2214 1474">
     <span class='ocr_line' id='line_1_2' title="bbox 571 1031 2212 1121; baseline -0.009 -15"><span class='ocrx_word' id='word_1_6' title='bbox 571 1048 729 1121; x_wconf 74' lang='lat' dir='ltr'>esseeplsset,</span> <span class='ocrx_word' id='word_1_7' title='bbox 745 1057 832 1103; x_wconf 73' lang='lat' dir='ltr'>umen</span> <span class='ocrx_word' id='word_1_8' title='bbox 843 1045 893 1101; x_wconf 87' lang='lat' dir='ltr'>tibi</span> <span class='ocrx_word' id='word_1_9' title='bbox 909 1041 1087 1100; x_wconf 85' lang='lat' dir='ltr'>iestinaminnt</span> <span class='ocrx_word' id='word_1_10' title='bbox 1100 1039 1270 1103; x_wconf 84' lang='lat' dir='ltr'>existimarit,</span> <span class='ocrx_word' id='word_1_11' title='bbox 1283 1044 1313 1093; x_wconf 92' lang='lat' dir='ltr'>ut</span> <span class='ocrx_word' id='word_1_12' title='bbox 1325 1035 1429 1094; x_wconf 82' lang='lat' dir='ltr'>Valerio</span> <span class='ocrx_word' id='word_1_13' title='bbox 1441 1034 1531 1091; x_wconf 85' lang='lat' dir='ltr'>comiti</span> <span class='ocrx_word' id='word_1_14' title='bbox 1547 1032 1722 1090; x_wconf 76' lang='lat' dir='ltr'>satisfaceret.</span> <span class='ocrx_word' id='word_1_15' title='bbox 1746 1031 1794 1089; x_wconf 89' lang='lat' dir='ltr'>llis</span> <span class='ocrx_word' id='word_1_16' title='bbox 1807 1048 1872 1104; x_wconf 76' lang='lat' dir='ltr'>erqo</span> <span class='ocrx_word' id='word_1_17' title='bbox 1885 1032 1954 1090; x_wconf 90' lang='lat' dir='ltr'>nulla</span> <span class='ocrx_word' id='word_1_18' title='bbox 1967 1032 2125 1107; x_wconf 79' lang='lat' dir='ltr'>interposite</span> <span class='ocrx_word' id='word_1_19' title='bbox 2137 1049 2212 1092; x_wconf 86' lang='lat' dir='ltr'>more</span> 
     </span>
     <span class='ocr_line' id='line_1_3' title="bbox 575 1122 2213 1206; baseline -0.011 -10"><span class='ocrx_word' id='word_1_20' title='bbox 575 1138 750 1206; x_wconf 81' lang='lat' dir='ltr'>respondens,</span> <span class='ocrx_word' id='word_1_21' title='bbox 777 1136 890 1192; x_wconf 86' lang='lat' dir='ltr'>alterum</span> <span class='ocrx_word' id='word_1_22' title='bbox 906 1132 1062 1190; x_wconf 82' lang='lat' dir='ltr'>strbealcm</span> <span class='ocrx_word' id='word_1_23' title='bbox 1087 1130 1261 1202; x_wconf 75' lang='lat' dir='ltr'>inscriptione</span> <span class='ocrx_word' id='word_1_24' title='bbox 1275 1127 1310 1184; x_wconf 88' lang='lat' dir='ltr'>de</span> <span class='ocrx_word' id='word_1_25' title='bbox 1332 1126 1437 1198; x_wconf 87' lang='lat' dir='ltr'>Nuptiis</span> <span class='ocrx_word' id='word_1_26' title='bbox 1449 1134 1476 1180; x_wconf 89' lang='lat' dir='ltr'>et</span> <span class='ocrx_word' id='word_1_27' title='bbox 1487 1123 1709 1195; x_wconf 80' lang='lat' dir='ltr'>Concupiscentia</span> <span class='ocrx_word' id='word_1_28' title='bbox 1730 1122 1826 1178; x_wconf 84' lang='lat' dir='ltr'>librum</span> <span class='ocrx_word' id='word_1_29' title='bbox 1852 1124 2013 1193; x_wconf 75' lang='lat' dir='ltr'>composuit,</span> <span class='ocrx_word' id='word_1_30' title='bbox 2038 1137 2117 1195; x_wconf 90' lang='lat' dir='ltr'>quem</span> <span class='ocrx_word' id='word_1_31' title='bbox 2141 1139 2213 1179; x_wconf 81' lang='lat' dir='ltr'>anun</span> 
     </span>
     <span class='ocr_line' id='line_1_4' title="bbox 572 1210 2214 1291; baseline -0.01 -5"><span class='ocrx_word' id='word_1_32' title='bbox 572 1230 672 1286; x_wconf 88' lang='lat' dir='ltr'>Cirristi</span> <span class='ocrx_word' id='word_1_33' title='bbox 683 1227 735 1284; x_wconf 74' lang='lat' dir='ltr'>teo</span> <span class='ocrx_word' id='word_1_34' title='bbox 748 1224 953 1282; x_wconf 79' lang='lat' dir='ltr'>adscribendum</span> <span class='ocrx_word' id='word_1_35' title='bbox 968 1224 1128 1279; x_wconf 77' lang='lat' dir='ltr'>arbitramur</span> <span class='ocrx_word' id='word_1_36' title='bbox 1144 1236 1151 1273; x_wconf 91' lang='lat'><strong>:</strong></span> <span class='ocrx_word' id='word_1_37' title='bbox 1167 1218 1266 1291; x_wconf 84' lang='lat' dir='ltr'>quippo</span> <span class='ocrx_word' id='word_1_38' title='bbox 1282 1234 1343 1274; x_wconf 89' lang='lat' dir='ltr'>cum</span> <span class='ocrx_word' id='word_1_39' title='bbox 1355 1232 1416 1272; x_wconf 89' lang='lat' dir='ltr'>euru</span> <span class='ocrx_word' id='word_1_40' title='bbox 1431 1214 1571 1270; x_wconf 83' lang='lat' dir='ltr'>corricstim</span> <span class='ocrx_word' id='word_1_41' title='bbox 1596 1221 1657 1282; x_wconf 89' lang='lat' dir='ltr'>post</span> <span class='ocrx_word' id='word_1_42' title='bbox 1680 1222 1803 1281; x_wconf 83' lang='lat' dir='ltr'>acceptas</span> <span class='ocrx_word' id='word_1_43' title='bbox 1828 1210 1862 1266; x_wconf 82' lang='lat' dir='ltr'>cle</span> <span class='ocrx_word' id='word_1_44' title='bbox 1877 1214 1965 1284; x_wconf 86' lang='lat' dir='ltr'>priore</span> <span class='ocrx_word' id='word_1_45' title='bbox 1990 1213 2060 1270; x_wconf 90' lang='lat' dir='ltr'>libro</span> <span class='ocrx_word' id='word_1_46' title='bbox 2068 1214 2214 1286; x_wconf 73' lang='lat' dir='ltr'>gratiarum</span> 
     </span>
     <span class='ocr_line' id='line_1_5' title="bbox 573 1302 2214 1385; baseline -0.008 -10"><span class='ocrx_word' id='word_1_47' title='bbox 573 1319 693 1375; x_wconf 81' lang='lat' dir='ltr'>actiones</span> <span class='ocrx_word' id='word_1_48' title='bbox 706 1316 843 1385; x_wconf 77' lang='lat' dir='ltr'>scripserit</span> <span class='ocrx_word' id='word_1_49' title='bbox 854 1324 961 1370; x_wconf 75' lang='lat' dir='ltr'>strictus</span> <span class='ocrx_word' id='word_1_50' title='bbox 975 1313 1084 1377; x_wconf 84' lang='lat' dir='ltr'>Ductor,</span> <span class='ocrx_word' id='word_1_51' title='bbox 1101 1326 1151 1366; x_wconf 88' lang='lat' dir='ltr'>nec</span> <span class='ocrx_word' id='word_1_52' title='bbox 1165 1307 1285 1364; x_wconf 82' lang='lat' dir='ltr'>rideomr</span> <span class='ocrx_word' id='word_1_53' title='bbox 1298 1306 1451 1369; x_wconf 84' lang='lat' dir='ltr'>uerisimile,</span> <span class='ocrx_word' id='word_1_54' title='bbox 1470 1303 1614 1371; x_wconf 73' lang='lat' dir='ltr'>Valerium,</span> <span class='ocrx_word' id='word_1_55' title='bbox 1623 1302 1729 1358; x_wconf 87' lang='lat' dir='ltr'>utbane</span> <span class='ocrx_word' id='word_1_56' title='bbox 1741 1303 1810 1374; x_wconf 74' lang='lat' dir='ltr'>grati</span> <span class='ocrx_word' id='word_1_57' title='bbox 1824 1302 1906 1358; x_wconf 91' lang='lat' dir='ltr'>animi</span> <span class='ocrx_word' id='word_1_58' title='bbox 1924 1303 2146 1376; x_wconf 72' lang='lat' dir='ltr'>significationem</span> <span class='ocrx_word' id='word_1_59' title='bbox 2160 1314 2214 1363; x_wconf 82' lang='lat' dir='ltr'>tes-</span> 
     </span>
     <span class='ocr_line' id='line_1_6' title="bbox 577 1405 1291 1474; baseline -0.017 -9"><span class='ocrx_word' id='word_1_60' title='bbox 577 1417 689 1474; x_wconf 85' lang='lat' dir='ltr'>taretur,</span> <span class='ocrx_word' id='word_1_61' title='bbox 699 1417 768 1463; x_wconf 89' lang='lat' dir='ltr'>totos</span> <span class='ocrx_word' id='word_1_62' title='bbox 781 1407 849 1462; x_wconf 91' lang='lat' dir='ltr'>dnos</span> <span class='ocrx_word' id='word_1_63' title='bbox 863 1421 947 1461; x_wconf 86' lang='lat' dir='ltr'>annos</span> <span class='ocrx_word' id='word_1_64' title='bbox 960 1413 1002 1459; x_wconf 90' lang='lat' dir='ltr'>ant</span> <span class='ocrx_word' id='word_1_65' title='bbox 1015 1405 1291 1473; x_wconf 66' lang='lat' dir='ltr'>pfuresexspectassc.</span> 
     </span>
    </p>

    <p class='ocr_par' dir='ltr' id='par_1_3' title="bbox 574 1486 2218 1918">
     <span class='ocr_line' id='line_1_7' title="bbox 608 1486 2213 1570; baseline -0.008 -14"><span class='ocrx_word' id='word_1_66' title='bbox 608 1500 732 1557; x_wconf 85' lang='lat' dir='ltr'>ilalcrius</span> <span class='ocrx_word' id='word_1_67' title='bbox 745 1511 833 1556; x_wconf 68' lang='lat' dir='ltr'>struem</span> <span class='ocrx_word' id='word_1_68' title='bbox 846 1500 899 1564; x_wconf 86' lang='lat' dir='ltr'>lile,</span> <span class='ocrx_word' id='word_1_69' title='bbox 911 1515 990 1570; x_wconf 87' lang='lat' dir='ltr'>quem</span> <span class='ocrx_word' id='word_1_70' title='bbox 1007 1496 1120 1552; x_wconf 86' lang='lat' dir='ltr'>illustris</span> <span class='ocrx_word' id='word_1_71' title='bbox 1129 1492 1277 1551; x_wconf 84' lang='lat' dir='ltr'>ctComitis</span> <span class='ocrx_word' id='word_1_72' title='bbox 1290 1490 1367 1547; x_wconf 90' lang='lat' dir='ltr'>titulo</span> <span class='ocrx_word' id='word_1_73' title='bbox 1378 1490 1541 1560; x_wconf 73' lang='lat' dir='ltr'>Augustinus</span> <span class='ocrx_word' id='word_1_74' title='bbox 1554 1495 1676 1554; x_wconf 85' lang='lat' dir='ltr'>exornat,</span> <span class='ocrx_word' id='word_1_75' title='bbox 1693 1488 1807 1558; x_wconf 73' lang='lat' dir='ltr'>negotiis</span> <span class='ocrx_word' id='word_1_76' title='bbox 1820 1486 1932 1556; x_wconf 85' lang='lat' dir='ltr'>publicis</span> <span class='ocrx_word' id='word_1_77' title='bbox 1948 1486 2145 1558; x_wconf 89' lang='lat' dir='ltr'>implicabatur,</span> <span class='ocrx_word' id='word_1_78' title='bbox 2160 1507 2213 1551; x_wconf 70' lang='lat' dir='ltr'>uon</span> 
     </span>
     <span class='ocr_line' id='line_1_8' title="bbox 574 1584 2214 1662; baseline -0.003 -16"><span class='ocrx_word' id='word_1_79' title='bbox 574 1593 726 1651; x_wconf 76' lang='lat' dir='ltr'>forensibus</span> <span class='ocrx_word' id='word_1_80' title='bbox 742 1593 793 1647; x_wconf 89' lang='lat' dir='ltr'>iliis</span> <span class='ocrx_word' id='word_1_81' title='bbox 805 1592 923 1662; x_wconf 86' lang='lat' dir='ltr'>quidem,</span> <span class='ocrx_word' id='word_1_82' title='bbox 935 1592 982 1647; x_wconf 89' lang='lat' dir='ltr'>sed</span> <span class='ocrx_word' id='word_1_83' title='bbox 994 1589 1106 1646; x_wconf 86' lang='lat' dir='ltr'>bellicis.</span> <span class='ocrx_word' id='word_1_84' title='bbox 1121 1588 1197 1644; x_wconf 84' lang='lat' dir='ltr'>liule</span> <span class='ocrx_word' id='word_1_85' title='bbox 1209 1602 1262 1642; x_wconf 93' lang='lat' dir='ltr'>non</span> <span class='ocrx_word' id='word_1_86' title='bbox 1276 1585 1354 1643; x_wconf 79' lang='lat' dir='ltr'>facile</span> <span class='ocrx_word' id='word_1_87' title='bbox 1367 1585 1534 1650; x_wconf 80' lang='lat' dir='ltr'>adducimur,</span> <span class='ocrx_word' id='word_1_88' title='bbox 1547 1592 1579 1639; x_wconf 90' lang='lat' dir='ltr'>ut</span> <span class='ocrx_word' id='word_1_89' title='bbox 1592 1598 1652 1638; x_wconf 90' lang='lat' dir='ltr'>enm</span> <span class='ocrx_word' id='word_1_90' title='bbox 1664 1584 1722 1637; x_wconf 83' lang='lat' dir='ltr'>niro</span> <span class='ocrx_word' id='word_1_91' title='bbox 1733 1584 1838 1638; x_wconf 80' lang='lat' dir='ltr'>crunno</span> <span class='ocrx_word' id='word_1_92' title='bbox 1858 1584 1944 1653; x_wconf 88' lang='lat' dir='ltr'>ipsum</span> <span class='ocrx_word' id='word_1_93' title='bbox 1957 1585 2032 1640; x_wconf 89' lang='lat' dir='ltr'>illnnt</span> <span class='ocrx_word' id='word_1_94' title='bbox 2045 1602 2106 1642; x_wconf 86' lang='lat' dir='ltr'>esse</span> <span class='ocrx_word' id='word_1_95' title='bbox 2119 1589 2214 1644; x_wconf 80' lang='lat' dir='ltr'>existi·</span> 
     </span>
     <span class='ocr_line' id='line_1_9' title="bbox 574 1672 2217 1751; baseline -0.003 -12"><span class='ocrx_word' id='word_1_96' title='bbox 574 1699 689 1750; x_wconf 84' lang='lat' dir='ltr'>ructuas,</span> <span class='ocrx_word' id='word_1_97' title='bbox 705 1684 749 1751; x_wconf 90' lang='lat' dir='ltr'>qui</span> <span class='ocrx_word' id='word_1_98' title='bbox 766 1682 813 1737; x_wconf 86' lang='lat' dir='ltr'>init</span> <span class='ocrx_word' id='word_1_99' title='bbox 822 1697 914 1737; x_wconf 84' lang='lat' dir='ltr'>corrtes</span> <span class='ocrx_word' id='word_1_100' title='bbox 926 1682 963 1736; x_wconf 89' lang='lat' dir='ltr'>rei</span> <span class='ocrx_word' id='word_1_101' title='bbox 979 1681 1164 1751; x_wconf 77' lang='lat' dir='ltr'>priratmauno</span> <span class='ocrx_word' id='word_1_102' title='bbox 1174 1676 1237 1739; x_wconf 69' lang='lat' dir='ltr'>tii.</span> <span class='ocrx_word' id='word_1_103' title='bbox 1249 1676 1342 1731; x_wconf 69' lang='lat' dir='ltr'>consul</span> <span class='ocrx_word' id='word_1_104' title='bbox 1353 1691 1424 1731; x_wconf 85' lang='lat' dir='ltr'>anno</span> <span class='ocrx_word' id='word_1_105' title='bbox 1433 1675 1496 1740; x_wconf 75' lang='grc'>152,</span> <span class='ocrx_word' id='word_1_106' title='bbox 1510 1672 1626 1744; x_wconf 74' lang='lat' dir='ltr'>clerique</span> <span class='ocrx_word' id='word_1_107' title='bbox 1645 1672 1772 1742; x_wconf 76' lang='lat' dir='ltr'>magister</span> <span class='ocrx_word' id='word_1_108' title='bbox 1781 1672 1930 1729; x_wconf 81' lang='lat' dir='ltr'>‹riticiorum</span> <span class='ocrx_word' id='word_1_109' title='bbox 1948 1675 1998 1729; x_wconf 86' lang='lat' dir='ltr'>sub</span> <span class='ocrx_word' id='word_1_110' title='bbox 2011 1675 2164 1733; x_wconf 78' lang='lat' dir='ltr'>Tbeotlosio</span> <span class='ocrx_word' id='word_1_111' title='bbox 2174 1678 2217 1750; x_wconf 84' lang='lat' dir='ltr'>jo·</span> 
     </span>
     <span class='ocr_line' id='line_1_10' title="bbox 574 1762 2218 1839; baseline -0.004 -8"><span class='ocrx_word' id='word_1_112' title='bbox 574 1776 650 1831; x_wconf 89' lang='lat' dir='ltr'>ninre</span> <span class='ocrx_word' id='word_1_113' title='bbox 664 1789 733 1827; x_wconf 89' lang='lat' dir='ltr'>anun</span> <span class='ocrx_word' id='word_1_114' title='bbox 748 1774 811 1829; x_wconf 75' lang='grc'><strong>135.</strong></span> <span class='ocrx_word' id='word_1_115' title='bbox 828 1773 932 1827; x_wconf 62' lang='lat' dir='ltr'>Etenim</span> <span class='ocrx_word' id='word_1_116' title='bbox 948 1786 997 1828; x_wconf 88' lang='lat' dir='ltr'>uec</span> <span class='ocrx_word' id='word_1_117' title='bbox 1007 1785 1039 1826; x_wconf 88' lang='lat' dir='ltr'>ea</span> <span class='ocrx_word' id='word_1_118' title='bbox 1052 1785 1163 1826; x_wconf 85' lang='lat' dir='ltr'>mortem</span> <span class='ocrx_word' id='word_1_119' title='bbox 1180 1762 1350 1839; x_wconf 82' lang='lat' dir='ltr'>pertinebant</span> <span class='ocrx_word' id='word_1_120' title='bbox 1361 1765 1396 1822; x_wconf 84' lang='lat' dir='ltr'>ml</span> <span class='ocrx_word' id='word_1_121' title='bbox 1413 1766 1547 1829; x_wconf 84' lang='lat' dir='ltr'>militium,</span> <span class='ocrx_word' id='word_1_122' title='bbox 1570 1778 1621 1820; x_wconf 84' lang='lat' dir='ltr'>nec</span> <span class='ocrx_word' id='word_1_123' title='bbox 1640 1762 1776 1836; x_wconf 83' lang='lat' dir='ltr'>praelectis</span> <span class='ocrx_word' id='word_1_124' title='bbox 1791 1763 1984 1821; x_wconf 85' lang='lat' dir='ltr'>Tlteodosianls</span> <span class='ocrx_word' id='word_1_125' title='bbox 1998 1766 2144 1839; x_wconf 84' lang='lat' dir='ltr'>quidquam</span> <span class='ocrx_word' id='word_1_126' title='bbox 2159 1780 2218 1826; x_wconf 80' lang='lat' dir='ltr'>emt</span> 
     </span>
     <span class='ocr_line' id='line_1_11' title="bbox 575 1862 2106 1918; baseline -0.005 -1"><span class='ocrx_word' id='word_1_127' title='bbox 575 1878 635 1917; x_wconf 85' lang='lat' dir='ltr'>eutu</span> <span class='ocrx_word' id='word_1_128' title='bbox 650 1862 809 1918; x_wconf 86' lang='lat' dir='ltr'>llouoriauis</span> <span class='ocrx_word' id='word_1_129' title='bbox 821 1876 973 1916; x_wconf 90' lang='lat' dir='ltr'>eomruunc.</span> <span class='ocrx_word' id='word_1_130' title='bbox 2102 1873 2106 1880; x_wconf 71' lang='lat'><strong><em>¹</em></strong></span> 
     </span>
    </p>
   </div>
   <div class='ocr_carea' id='block_1_3' title="bbox 575 2011 2216 2205">
    <p class='ocr_par' dir='ltr' id='par_1_4' title="bbox 575 2011 2216 2205">
     <span class='ocr_line' id='line_1_12' title="bbox 624 2011 2216 2103; baseline -0.004 -17"><span class='ocrx_word' id='word_1_131' title='bbox 624 2023 701 2086; x_wconf 81' lang='lat' dir='ltr'>Vide</span> <span class='ocrx_word' id='word_1_132' title='bbox 722 2030 873 2103; x_wconf 83' lang='lat' dir='ltr'>pretereo</span> <span class='ocrx_word' id='word_1_133' title='bbox 884 2021 938 2085; x_wconf 87' lang='lat' dir='ltr'>lib.</span> <span class='ocrx_word' id='word_1_134' title='bbox 954 2021 985 2097; x_wconf 79' lang='lat'>2,</span> <span class='ocrx_word' id='word_1_135' title='bbox 1002 2038 1069 2100; x_wconf 85' lang='lat' dir='ltr'>cop.</span> <span class='ocrx_word' id='word_1_136' title='bbox 1084 2019 1134 2095; x_wconf 80' lang='lat'>53,</span> <span class='ocrx_word' id='word_1_137' title='bbox 1152 2019 1439 2088; x_wconf 83' lang='lat' dir='ltr'>Retractalionum,</span> <span class='ocrx_word' id='word_1_138' title='bbox 1456 2025 1480 2078; x_wconf 90' lang='lat' dir='ltr'>t.</span> <span class='ocrx_word' id='word_1_139' title='bbox 1496 2018 1527 2081; x_wconf 83' lang='grc'>1.</span> <span class='ocrx_word' id='word_1_140' title='bbox 1545 2011 1983 2097; x_wconf 77' lang='lat' dir='ltr'>rol.651,eoerbie,scripsi</span> <span class='ocrx_word' id='word_1_141' title='bbox 1999 2017 2079 2079; x_wconf 84' lang='lat' dir='ltr'>duos</span> <span class='ocrx_word' id='word_1_142' title='bbox 2092 2017 2192 2080; x_wconf 89' lang='lat' dir='ltr'>libros</span> <span class='ocrx_word' id='word_1_143' title='bbox 2208 2063 2216 2090; x_wconf 85' lang='lat'><strong><em>.</em></strong></span> 
     </span>
     <span class='ocr_line' id='line_1_13' title="bbox 575 2120 1454 2205; baseline -0.006 -19"><span class='ocrx_word' id='word_1_144' title='bbox 575 2143 672 2205; x_wconf 82' lang='lat' dir='ltr'>usque</span> <span class='ocrx_word' id='word_1_145' title='bbox 688 2125 729 2187; x_wconf 81' lang='lat' dir='ltr'>od</span> <span class='ocrx_word' id='word_1_146' title='bbox 740 2123 851 2194; x_wconf 82' lang='lat' dir='ltr'>verba,</span> <span class='ocrx_word' id='word_1_147' title='bbox 867 2126 954 2187; x_wconf 83' lang='lat' dir='ltr'>luter</span> <span class='ocrx_word' id='word_1_148' title='bbox 971 2124 1092 2186; x_wconf 77' lang='lat' dir='ltr'>militiae</span> <span class='ocrx_word' id='word_1_149' title='bbox 1107 2128 1289 2187; x_wconf 75' lang='lat' dir='ltr'>tumemus.</span> <span class='ocrx_word' id='word_1_150' title='bbox 1410 2120 1454 2183; x_wconf 75' lang='lat' dir='ltr'>bl.</span> 
     </span>
    </p>
   </div>
   <div class='ocr_carea' id='block_1_4' title="bbox 576 2373 2216 2588">
    <p class='ocr_par' dir='ltr' id='par_1_5' title="bbox 576 2373 2216 2588">
     <span class='ocr_line' id='line_1_14' title="bbox 576 2373 2216 2588; baseline 0.003 -33"><span class='ocrx_word' id='word_1_151' title='bbox 576 2373 1025 2557; x_wconf 76' lang='lat' dir='ltr'>ertsroue</span> <span class='ocrx_word' id='word_1_152' title='bbox 1062 2439 1190 2555; x_wconf 77' lang='lat' dir='ltr'>ao</span> <span class='ocrx_word' id='word_1_153' title='bbox 1213 2438 1699 2554; x_wconf 76' lang='lat' dir='ltr'>uun-ererum</span> <span class='ocrx_word' id='word_1_154' title='bbox 1713 2440 2132 2557; x_wconf 78' lang='lat' dir='ltr'>conterent</span> <span class='ocrx_word' id='word_1_155' title='bbox 2149 2428 2216 2588; x_wconf 66' lang='grc' dir='ltr'>(ι,</span> 
     </span>
    </p>
   </div>
   <div class='ocr_carea' id='block_1_5' title="bbox 663 2640 2132 2717">
    <p class='ocr_par' dir='ltr' id='par_1_6' title="bbox 663 2640 2132 2717">
     <span class='ocr_line' id='line_1_15' title="bbox 663 2640 2132 2717; baseline -0.003 0"><span class='ocrx_word' id='word_1_156' title='bbox 663 2658 723 2717; x_wconf 71' lang='lat' dir='ltr'>CUI</span> <span class='ocrx_word' id='word_1_157' title='bbox 737 2657 955 2717; x_wconf 75' lang='lat' dir='ltr'>AUGUSTlNUS</span> <span class='ocrx_word' id='word_1_158' title='bbox 973 2656 1206 2715; x_wconf 77' lang='lat' dir='ltr'>Tuausuttttt</span> <span class='ocrx_word' id='word_1_159' title='bbox 1225 2640 1459 2714; x_wconf 74' lang='lat' dir='ltr'>Nuucueuwlt</span> <span class='ocrx_word' id='word_1_160' title='bbox 1479 2654 1540 2710; x_wconf 72' lang='lat' dir='ltr'>test</span> <span class='ocrx_word' id='word_1_161' title='bbox 1564 2655 1693 2714; x_wconf 73' lang='lat' dir='ltr'>bibituri</span> <span class='ocrx_word' id='word_1_162' title='bbox 1713 2653 1847 2713; x_wconf 80' lang='lat' dir='ltr'>Publilii</span> <span class='ocrx_word' id='word_1_163' title='bbox 1867 2656 1912 2713; x_wconf 84' lang='lat' dir='ltr'>llE</span> <span class='ocrx_word' id='word_1_164' title='bbox 1931 2656 2068 2715; x_wconf 73' lang='lat' dir='ltr'>burrus</span> <span class='ocrx_word' id='word_1_165' title='bbox 2088 2658 2132 2713; x_wconf 85' lang='lat' dir='ltr'>ET</span> 
     </span>
    </p>
   </div>
   <div class='ocr_carea' id='block_1_6' title="bbox 1251 2743 2014 2870">
    <p class='ocr_par' dir='ltr' id='par_1_7' title="bbox 1251 2743 2014 2870">
     <span class='ocr_line' id='line_1_16' title="bbox 1251 2743 2014 2870; baseline -0.008 -67"><span class='ocrx_word' id='word_1_166' title='bbox 1251 2743 1554 2803; x_wconf 67' lang='lat' dir='ltr'>concupiscentii.</span> <span class='ocrx_word' id='word_1_167' title='bbox 1994 2828 2014 2870; x_wconf 36' lang='grc' dir='ltr'>ι</span> 
     </span>
    </p>
   </div>
   <div class='ocr_carea' id='block_1_7' title="bbox 1322 2908 1505 2959">
    <p class='ocr_par' dir='ltr' id='par_1_8' title="bbox 1322 2908 1505 2959">
     <span class='ocr_line' id='line_1_17' title="bbox 1322 2908 1505 2959; baseline 0.011 -2"><span class='ocrx_word' id='word_1_168' title='bbox 1322 2908 1505 2959; x_wconf 58' lang='grc'>*30006*</span> 
     </span>
    </p>
   </div>
   <div class='ocr_carea' id='block_1_8' title="bbox 579 3037 2223 3203">
    <p class='ocr_par' dir='ltr' id='par_1_9' title="bbox 579 3037 2223 3203">
     <span class='ocr_line' id='line_1_18' title="bbox 579 3037 2223 3128; baseline 0.001 -16"><span class='ocrx_word' id='word_1_169' title='bbox 579 3052 695 3112; x_wconf 77' lang='lat' dir='ltr'>nonno</span> <span class='ocrx_word' id='word_1_170' title='bbox 708 3051 806 3111; x_wconf 85' lang='lat' dir='ltr'>illustri</span> <span class='ocrx_word' id='word_1_171' title='bbox 815 3062 846 3111; x_wconf 90' lang='lat' dir='ltr'>et</span> <span class='ocrx_word' id='word_1_172' title='bbox 857 3056 954 3112; x_wconf 86' lang='lat' dir='ltr'>merito</span> <span class='ocrx_word' id='word_1_173' title='bbox 963 3054 1194 3128; x_wconf 72' lang='lat' dir='ltr'>praestantissimo,</span> <span class='ocrx_word' id='word_1_174' title='bbox 1205 3062 1285 3126; x_wconf 84' lang='lat' dir='ltr'>atque</span> <span class='ocrx_word' id='word_1_175' title='bbox 1301 3055 1328 3110; x_wconf 89' lang='lat' dir='ltr'>in</span> <span class='ocrx_word' id='word_1_176' title='bbox 1338 3053 1439 3110; x_wconf 77' lang='lat' dir='ltr'>Christi</span> <span class='ocrx_word' id='word_1_177' title='bbox 1453 3053 1597 3112; x_wconf 73' lang='lat' dir='ltr'>dilectione</span> <span class='ocrx_word' id='word_1_178' title='bbox 1605 3053 1765 3112; x_wconf 63' lang='lat' dir='ltr'>memoro</span> <span class='ocrx_word' id='word_1_179' title='bbox 1779 3055 1836 3113; x_wconf 82' lang='lat' dir='ltr'>filio</span> <span class='ocrx_word' id='word_1_180' title='bbox 1848 3037 1979 3124; x_wconf 72' lang='lat' dir='ltr'>inusto,</span> <span class='ocrx_word' id='word_1_181' title='bbox 1993 3056 2178 3122; x_wconf 77' lang='lat' dir='ltr'>incusamus,</span> <span class='ocrx_word' id='word_1_182' title='bbox 2196 3058 2223 3113; x_wconf 88' lang='lat' dir='ltr'>in</span> 
     </span>
     <span class='ocr_line' id='line_1_19' title="bbox 1277 3144 1712 3203; baseline -0.007 0"><span class='ocrx_word' id='word_1_183' title='bbox 1277 3144 1526 3203; x_wconf 82' lang='lat' dir='ltr'>lloruinosalutem.</span> <span class='ocrx_word' id='word_1_184' title='bbox 1701 3157 1712 3190; x_wconf 79' lang='grc' dir='ltr'>ι</span> 
     </span>
    </p>
   </div>
   <div class='ocr_carea' id='block_1_9' title="bbox 511 3301 2252 5855">
    <p class='ocr_par' dir='ltr' id='par_1_10' title="bbox 511 3301 2252 4187">
     <span class='ocr_line' id='line_1_20' title="bbox 617 3301 2223 3377; baseline -0.002 -16"><span class='ocrx_word' id='word_1_185' title='bbox 617 3304 644 3361; x_wconf 92' lang='grc'>1.</span> <span class='ocrx_word' id='word_1_186' title='bbox 664 3302 730 3360; x_wconf 87' lang='lat' dir='ltr'>Com</span> <span class='ocrx_word' id='word_1_187' title='bbox 741 3302 786 3358; x_wconf 90' lang='lat' dir='ltr'>diu</span> <span class='ocrx_word' id='word_1_188' title='bbox 797 3302 907 3359; x_wconf 88' lang='lat' dir='ltr'>molesto</span> <span class='ocrx_word' id='word_1_189' title='bbox 917 3301 1043 3360; x_wconf 86' lang='lat' dir='ltr'>baberem</span> <span class='ocrx_word' id='word_1_190' title='bbox 1057 3303 1128 3376; x_wconf 90' lang='lat' dir='ltr'>qumi</span> <span class='ocrx_word' id='word_1_191' title='bbox 1139 3303 1281 3377; x_wconf 73' lang='lat' dir='ltr'>aliquoties</span> <span class='ocrx_word' id='word_1_192' title='bbox 1292 3301 1456 3374; x_wconf 86' lang='lat' dir='ltr'>scripserim,</span> <span class='ocrx_word' id='word_1_193' title='bbox 1472 3311 1500 3358; x_wconf 90' lang='lat' dir='ltr'>ct</span> <span class='ocrx_word' id='word_1_194' title='bbox 1520 3302 1590 3358; x_wconf 86' lang='lat' dir='ltr'>nulla</span> <span class='ocrx_word' id='word_1_195' title='bbox 1603 3311 1655 3359; x_wconf 85' lang='lat' dir='ltr'>mre</span> <span class='ocrx_word' id='word_1_196' title='bbox 1667 3301 1843 3359; x_wconf 78' lang='lat' dir='ltr'>sublimitatis</span> <span class='ocrx_word' id='word_1_197' title='bbox 1854 3302 1983 3373; x_wconf 86' lang='lat' dir='ltr'>rescripta</span> <span class='ocrx_word' id='word_1_198' title='bbox 1996 3301 2151 3368; x_wconf 89' lang='lat' dir='ltr'>meruerim,</span> <span class='ocrx_word' id='word_1_199' title='bbox 2175 3317 2223 3358; x_wconf 90' lang='lat' dir='ltr'>re·</span> 
     </span>
     <span class='ocr_line' id='line_1_21' title="bbox 511 3395 2227 3470; baseline -0.002 -17"><span class='ocrx_word' id='word_1_200' title='bbox 511 3409 524 3422; x_wconf 92' lang='lat'><em>·</em></span> <span class='ocrx_word' id='word_1_201' title='bbox 581 3407 663 3469; x_wconf 88' lang='lat' dir='ltr'>pente</span> <span class='ocrx_word' id='word_1_202' title='bbox 675 3398 801 3467; x_wconf 78' lang='lat' dir='ltr'>epistolas</span> <span class='ocrx_word' id='word_1_203' title='bbox 811 3407 866 3454; x_wconf 90' lang='lat' dir='ltr'>tres</span> <span class='ocrx_word' id='word_1_204' title='bbox 879 3408 930 3453; x_wconf 83' lang='lat' dir='ltr'>true</span> <span class='ocrx_word' id='word_1_205' title='bbox 942 3397 1115 3469; x_wconf 77' lang='lat' dir='ltr'>benignitatis</span> <span class='ocrx_word' id='word_1_206' title='bbox 1124 3400 1214 3470; x_wconf 89' lang='lat' dir='ltr'>accepi</span> <span class='ocrx_word' id='word_1_207' title='bbox 1232 3418 1238 3452; x_wconf 76' lang='grc' dir='ltr'>ι</span> <span class='ocrx_word' id='word_1_208' title='bbox 1253 3413 1334 3454; x_wconf 88' lang='lat' dir='ltr'>unam</span> <span class='ocrx_word' id='word_1_209' title='bbox 1349 3412 1402 3454; x_wconf 94' lang='lat' dir='ltr'>uon</span> <span class='ocrx_word' id='word_1_210' title='bbox 1413 3396 1445 3452; x_wconf 90' lang='lat' dir='ltr'>ad</span> <span class='ocrx_word' id='word_1_211' title='bbox 1461 3413 1504 3453; x_wconf 90' lang='lat' dir='ltr'>tue</span> <span class='ocrx_word' id='word_1_212' title='bbox 1518 3398 1604 3452; x_wconf 90' lang='lat' dir='ltr'>solum</span> <span class='ocrx_word' id='word_1_213' title='bbox 1614 3397 1702 3452; x_wconf 86' lang='lat' dir='ltr'>datam</span> <span class='ocrx_word' id='word_1_214' title='bbox 1717 3413 1764 3467; x_wconf 91' lang='lat' dir='ltr'>per</span> <span class='ocrx_word' id='word_1_215' title='bbox 1773 3396 1961 3467; x_wconf 68' lang='lat' dir='ltr'>coepiscopum</span> <span class='ocrx_word' id='word_1_216' title='bbox 1972 3412 2062 3452; x_wconf 90' lang='lat' dir='ltr'>meum</span> <span class='ocrx_word' id='word_1_217' title='bbox 2073 3395 2227 3452; x_wconf 79' lang='lat' dir='ltr'>Vindemia·</span> 
     </span>
     <span class='ocr_line' id='line_1_22' title="bbox 580 3488 2225 3562; baseline -0.001 -18"><span class='ocrx_word' id='word_1_218' title='bbox 580 3488 647 3554; x_wconf 89' lang='lat' dir='ltr'>lem,</span> <span class='ocrx_word' id='word_1_219' title='bbox 661 3498 689 3543; x_wconf 84' lang='lat' dir='ltr'>et</span> <span class='ocrx_word' id='word_1_220' title='bbox 703 3505 755 3544; x_wconf 92' lang='lat' dir='ltr'>non</span> <span class='ocrx_word' id='word_1_221' title='bbox 770 3489 849 3559; x_wconf 69' lang='lat' dir='ltr'>longe</span> <span class='ocrx_word' id='word_1_222' title='bbox 863 3498 922 3556; x_wconf 82' lang='lat' dir='ltr'>post</span> <span class='ocrx_word' id='word_1_223' title='bbox 935 3506 982 3559; x_wconf 89' lang='lat' dir='ltr'>per</span> <span class='ocrx_word' id='word_1_224' title='bbox 991 3490 1239 3562; x_wconf 76' lang='lat' dir='ltr'>conpresbyterum</span> <span class='ocrx_word' id='word_1_225' title='bbox 1255 3490 1373 3546; x_wconf 86' lang='lat' dir='ltr'>l&#39;irmnm</span> <span class='ocrx_word' id='word_1_226' title='bbox 1388 3488 1471 3554; x_wconf 84' lang='lat' dir='ltr'>deas;</span> <span class='ocrx_word' id='word_1_227' title='bbox 1481 3489 1525 3559; x_wconf 91' lang='lat' dir='ltr'>qui</span> <span class='ocrx_word' id='word_1_228' title='bbox 1538 3490 1578 3544; x_wconf 84' lang='lat' dir='ltr'>tir</span> <span class='ocrx_word' id='word_1_229' title='bbox 1588 3498 1707 3556; x_wconf 88' lang='lat' dir='ltr'>sanctus,</span> <span class='ocrx_word' id='word_1_230' title='bbox 1723 3488 1861 3559; x_wconf 82' lang='lat' dir='ltr'>nubisque,</span> <span class='ocrx_word' id='word_1_231' title='bbox 1878 3497 1907 3546; x_wconf 89' lang='lat' dir='ltr'>ut</span> <span class='ocrx_word' id='word_1_232' title='bbox 1916 3488 1950 3545; x_wconf 89' lang='lat' dir='ltr'>ab</span> <span class='ocrx_word' id='word_1_233' title='bbox 1959 3488 2005 3545; x_wconf 92' lang='lat' dir='ltr'>illo</span> <span class='ocrx_word' id='word_1_234' title='bbox 2018 3490 2088 3546; x_wconf 87' lang='lat' dir='ltr'>scire</span> <span class='ocrx_word' id='word_1_235' title='bbox 2100 3488 2225 3561; x_wconf 85' lang='lat' dir='ltr'>potuisti,</span> 
     </span>
     <span class='ocr_line' id='line_1_23' title="bbox 583 3578 2227 3653; baseline 0.002 -19"><span class='ocrx_word' id='word_1_236' title='bbox 583 3578 788 3635; x_wconf 77' lang='lat' dir='ltr'>bnnilinrissirua</span> <span class='ocrx_word' id='word_1_237' title='bbox 802 3581 931 3636; x_wconf 78' lang='lat' dir='ltr'>charitate</span> <span class='ocrx_word' id='word_1_238' title='bbox 947 3582 1115 3650; x_wconf 85' lang='lat' dir='ltr'>conjunctus,</span> <span class='ocrx_word' id='word_1_239' title='bbox 1130 3584 1213 3638; x_wconf 91' lang='lat' dir='ltr'>multa</span> <span class='ocrx_word' id='word_1_240' title='bbox 1228 3584 1366 3639; x_wconf 84' lang='lat' dir='ltr'>nobiseum</span> <span class='ocrx_word' id='word_1_241' title='bbox 1379 3582 1414 3638; x_wconf 85' lang='lat' dir='ltr'>tle</span> <span class='ocrx_word' id='word_1_242' title='bbox 1425 3592 1469 3639; x_wconf 89' lang='lat' dir='ltr'>tna</span> <span class='ocrx_word' id='word_1_243' title='bbox 1480 3583 1638 3639; x_wconf 85' lang='lat' dir='ltr'>excellentia</span> <span class='ocrx_word' id='word_1_244' title='bbox 1660 3582 1846 3653; x_wconf 87' lang='lat' dir='ltr'>colloquendo,</span> <span class='ocrx_word' id='word_1_245' title='bbox 1869 3591 1896 3638; x_wconf 90' lang='lat' dir='ltr'>et</span> <span class='ocrx_word' id='word_1_246' title='bbox 1915 3584 2047 3639; x_wconf 78' lang='lat' dir='ltr'>voraciter</span> <span class='ocrx_word' id='word_1_247' title='bbox 2068 3580 2227 3638; x_wconf 69' lang='lat' dir='ltr'>insiuurerdo</span> 
     </span>
     <span class='ocr_line' id='line_1_24' title="bbox 584 3671 2227 3749; baseline 0.004 -25"><span class='ocrx_word' id='word_1_248' title='bbox 584 3673 690 3741; x_wconf 83' lang='lat' dir='ltr'>qualern</span> <span class='ocrx_word' id='word_1_249' title='bbox 707 3683 732 3727; x_wconf 89' lang='lat' dir='ltr'>te</span> <span class='ocrx_word' id='word_1_250' title='bbox 744 3673 771 3727; x_wconf 92' lang='lat' dir='ltr'>in</span> <span class='ocrx_word' id='word_1_251' title='bbox 781 3671 880 3728; x_wconf 84' lang='lat' dir='ltr'>Citrlsti</span> <span class='ocrx_word' id='word_1_252' title='bbox 896 3671 1042 3728; x_wconf 77' lang='lat' dir='ltr'>uisceribus</span> <span class='ocrx_word' id='word_1_253' title='bbox 1056 3676 1171 3740; x_wconf 82' lang='lat' dir='ltr'>noverit,</span> <span class='ocrx_word' id='word_1_254' title='bbox 1184 3692 1236 3731; x_wconf 92' lang='lat' dir='ltr'>nou</span> <span class='ocrx_word' id='word_1_255' title='bbox 1255 3677 1342 3732; x_wconf 85' lang='lat' dir='ltr'>solnm</span> <span class='ocrx_word' id='word_1_256' title='bbox 1357 3690 1404 3733; x_wconf 81' lang='lat' dir='ltr'>eas</span> <span class='ocrx_word' id='word_1_257' title='bbox 1416 3691 1483 3748; x_wconf 85' lang='lat' dir='ltr'>quas</span> <span class='ocrx_word' id='word_1_258' title='bbox 1505 3685 1669 3731; x_wconf 88' lang='lat' dir='ltr'>memoratus</span> <span class='ocrx_word' id='word_1_259' title='bbox 1682 3677 1834 3747; x_wconf 90' lang='lat' dir='ltr'>episcopus,</span> <span class='ocrx_word' id='word_1_260' title='bbox 1853 3677 1896 3733; x_wconf 80' lang='lat' dir='ltr'>ret</span> <span class='ocrx_word' id='word_1_261' title='bbox 1916 3693 1982 3749; x_wconf 87' lang='lat' dir='ltr'>quas</span> <span class='ocrx_word' id='word_1_262' title='bbox 1996 3677 2052 3748; x_wconf 83' lang='lat' dir='ltr'>ipse</span> <span class='ocrx_word' id='word_1_263' title='bbox 2066 3677 2164 3739; x_wconf 85' lang='lat' dir='ltr'>attelit,</span> <span class='ocrx_word' id='word_1_264' title='bbox 2179 3673 2227 3731; x_wconf 79' lang='lat' dir='ltr'>secl</span> 
     </span>
     <span class='ocr_line' id='line_1_25' title="bbox 584 3766 2252 3840; baseline 0.001 -20"><span class='ocrx_word' id='word_1_265' title='bbox 584 3766 664 3820; x_wconf 86' lang='lat' dir='ltr'>etiam</span> <span class='ocrx_word' id='word_1_266' title='bbox 679 3766 738 3822; x_wconf 83' lang='lat' dir='ltr'>ilias</span> <span class='ocrx_word' id='word_1_267' title='bbox 751 3782 817 3834; x_wconf 89' lang='lat' dir='ltr'>quas</span> <span class='ocrx_word' id='word_1_268' title='bbox 831 3781 884 3821; x_wconf 92' lang='lat' dir='ltr'>non</span> <span class='ocrx_word' id='word_1_269' title='bbox 898 3767 1038 3838; x_wconf 83' lang='lat' dir='ltr'>accepisse</span> <span class='ocrx_word' id='word_1_270' title='bbox 1049 3769 1238 3838; x_wconf 84' lang='lat' dir='ltr'>querebamur,</span> <span class='ocrx_word' id='word_1_271' title='bbox 1254 3770 1356 3825; x_wconf 82' lang='lat' dir='ltr'>iittcras</span> <span class='ocrx_word' id='word_1_272' title='bbox 1373 3768 1445 3825; x_wconf 84' lang='lat' dir='ltr'>vicit.</span> <span class='ocrx_word' id='word_1_273' title='bbox 1458 3768 1492 3824; x_wconf 84' lang='lat' dir='ltr'>Et</span> <span class='ocrx_word' id='word_1_274' title='bbox 1506 3769 1566 3825; x_wconf 90' lang='lat' dir='ltr'>ideo</span> <span class='ocrx_word' id='word_1_275' title='bbox 1578 3768 1613 3824; x_wconf 78' lang='lat' dir='ltr'>tle</span> <span class='ocrx_word' id='word_1_276' title='bbox 1626 3777 1651 3823; x_wconf 89' lang='lat' dir='ltr'>te</span> <span class='ocrx_word' id='word_1_277' title='bbox 1663 3771 1782 3824; x_wconf 81' lang='lat' dir='ltr'>narratio</span> <span class='ocrx_word' id='word_1_278' title='bbox 1794 3769 1852 3840; x_wconf 80' lang='lat' dir='ltr'>ejus</span> <span class='ocrx_word' id='word_1_279' title='bbox 1866 3772 1975 3826; x_wconf 83' lang='lat' dir='ltr'>suavior</span> <span class='ocrx_word' id='word_1_280' title='bbox 1987 3769 2064 3826; x_wconf 89' lang='lat' dir='ltr'>uobis</span> <span class='ocrx_word' id='word_1_281' title='bbox 2076 3778 2149 3836; x_wconf 83' lang='lat' dir='ltr'>erat,</span> <span class='ocrx_word' id='word_1_282' title='bbox 2162 3767 2227 3839; x_wconf 82' lang='lat' dir='ltr'>qnia</span> <span class='ocrx_word' id='word_1_283' title='bbox 2250 3835 2252 3840; x_wconf 15' lang='grc' dir='ltr'><strong><em>Α</em></strong></span> 
     </span>
     <span class='ocr_line' id='line_1_26' title="bbox 585 3856 2229 3933; baseline 0.004 -24"><span class='ocrx_word' id='word_1_284' title='bbox 585 3871 617 3910; x_wconf 90' lang='lat' dir='ltr'>ca</span> <span class='ocrx_word' id='word_1_285' title='bbox 640 3856 757 3924; x_wconf 84' lang='lat' dir='ltr'>dicebat,</span> <span class='ocrx_word' id='word_1_286' title='bbox 772 3871 831 3928; x_wconf 71' lang='lat' dir='ltr'>quar</span> <span class='ocrx_word' id='word_1_287' title='bbox 853 3858 910 3929; x_wconf 83' lang='lat' dir='ltr'>ipse</span> <span class='ocrx_word' id='word_1_288' title='bbox 935 3873 988 3914; x_wconf 86' lang='lat' dir='ltr'>urm</span> <span class='ocrx_word' id='word_1_289' title='bbox 1018 3873 1119 3929; x_wconf 85' lang='lat' dir='ltr'>posses,</span> <span class='ocrx_word' id='word_1_290' title='bbox 1134 3859 1284 3932; x_wconf 70' lang='lat' dir='ltr'>nequitiem</span> <span class='ocrx_word' id='word_1_291' title='bbox 1305 3875 1349 3916; x_wconf 88' lang='lat' dir='ltr'>me</span> <span class='ocrx_word' id='word_1_292' title='bbox 1369 3859 1520 3932; x_wconf 84' lang='lat' dir='ltr'>inquirente</span> <span class='ocrx_word' id='word_1_293' title='bbox 1538 3860 1703 3925; x_wconf 89' lang='lat' dir='ltr'>rescribere,</span> <span class='ocrx_word' id='word_1_294' title='bbox 1727 3878 1760 3916; x_wconf 90' lang='lat' dir='ltr'>nc</span> <span class='ocrx_word' id='word_1_295' title='bbox 1781 3870 1886 3917; x_wconf 90' lang='lat' dir='ltr'>tuarum</span> <span class='ocrx_word' id='word_1_296' title='bbox 1902 3861 2115 3933; x_wconf 67' lang='lat' dir='ltr'>lauduna-qimi</span> <span class='ocrx_word' id='word_1_297' title='bbox 2137 3871 2229 3916; x_wconf 70' lang='lat' dir='ltr'>saneta</span> 
     </span>
     <span class='ocr_line' id='line_1_27' title="bbox 586 3949 2230 4026; baseline 0.005 -23"><span class='ocrx_word' id='word_1_298' title='bbox 586 3950 723 4019; x_wconf 86' lang='lat' dir='ltr'>Scriptura</span> <span class='ocrx_word' id='word_1_299' title='bbox 749 3950 875 4022; x_wconf 87' lang='lat' dir='ltr'>probibet</span> <span class='ocrx_word' id='word_1_300' title='bbox 896 3951 906 4021; x_wconf 76' lang='lat' dir='ltr'>l</span> <span class='ocrx_word' id='word_1_301' title='bbox 922 3949 1000 4009; x_wconf 85' lang='lat' dir='ltr'>Pron.</span> <span class='ocrx_word' id='word_1_302' title='bbox 1028 3953 1142 4016; x_wconf 70' lang='lat' dir='ltr'>nuni</span> <span class='ocrx_word' id='word_1_303' title='bbox 1157 3951 1178 4022; x_wconf 80' lang='lat' dir='ltr'>l,</span> <span class='ocrx_word' id='word_1_304' title='bbox 1209 3954 1289 4009; x_wconf 84' lang='lat' dir='ltr'>lieres</span> <span class='ocrx_word' id='word_1_305' title='bbox 1311 3955 1480 4023; x_wconf 80' lang='lat' dir='ltr'>prmliertor.</span> <span class='ocrx_word' id='word_1_306' title='bbox 1504 3954 1661 4024; x_wconf 84' lang='lat' dir='ltr'>Quanquam</span> <span class='ocrx_word' id='word_1_307' title='bbox 1676 3962 1871 4026; x_wconf 78' lang='lat' dir='ltr'>etcgotcrcar</span> <span class='ocrx_word' id='word_1_308' title='bbox 1884 3954 1987 4012; x_wconf 77' lang='lat' dir='ltr'>beced</span> <span class='ocrx_word' id='word_1_309' title='bbox 2010 3967 2035 4010; x_wconf 89' lang='lat' dir='ltr'>te</span> <span class='ocrx_word' id='word_1_310' title='bbox 2048 3956 2182 4021; x_wconf 80' lang='lat' dir='ltr'>seribere,</span> <span class='ocrx_word' id='word_1_311' title='bbox 2195 3971 2230 4014; x_wconf 89' lang='lat' dir='ltr'>ue</span> 
     </span>
     <span class='ocr_line' id='line_1_28' title="bbox 585 4040 2229 4120; baseline 0.004 -23"><span class='ocrx_word' id='word_1_312' title='bbox 585 4040 764 4109; x_wconf 80' lang='lat' dir='ltr'>suspicionem</span> <span class='ocrx_word' id='word_1_313' title='bbox 778 4040 911 4099; x_wconf 87' lang='lat' dir='ltr'>adulantis</span> <span class='ocrx_word' id='word_1_314' title='bbox 921 4045 1065 4110; x_wconf 88' lang='lat' dir='ltr'>incurrant,</span> <span class='ocrx_word' id='word_1_315' title='bbox 1080 4043 1187 4100; x_wconf 79' lang='lat' dir='ltr'>donnino</span> <span class='ocrx_word' id='word_1_316' title='bbox 1202 4044 1316 4101; x_wconf 86' lang='lat' dir='ltr'>illustris</span> <span class='ocrx_word' id='word_1_317' title='bbox 1325 4054 1353 4102; x_wconf 90' lang='lat' dir='ltr'>et</span> <span class='ocrx_word' id='word_1_318' title='bbox 1363 4047 1461 4102; x_wconf 88' lang='lat' dir='ltr'>merito</span> <span class='ocrx_word' id='word_1_319' title='bbox 1476 4046 1705 4116; x_wconf 67' lang='lat' dir='ltr'>praestantissime,</span> <span class='ocrx_word' id='word_1_320' title='bbox 1717 4057 1798 4120; x_wconf 75' lang='lat' dir='ltr'>atqm</span> <span class='ocrx_word' id='word_1_321' title='bbox 1810 4048 1837 4104; x_wconf 90' lang='lat' dir='ltr'>in</span> <span class='ocrx_word' id='word_1_322' title='bbox 1856 4049 1957 4106; x_wconf 88' lang='lat' dir='ltr'>Cbristi</span> <span class='ocrx_word' id='word_1_323' title='bbox 1969 4047 2113 4105; x_wconf 68' lang='lat' dir='ltr'>dilectione</span> <span class='ocrx_word' id='word_1_324' title='bbox 2125 4048 2229 4104; x_wconf 75' lang='lat' dir='ltr'>cleeris-</span> 
     </span>
     <span class='ocr_line' id='line_1_29' title="bbox 584 4131 716 4187; baseline 0.008 -1"><span class='ocrx_word' id='word_1_325' title='bbox 584 4131 654 4186; x_wconf 81' lang='lat' dir='ltr'>sime</span> <span class='ocrx_word' id='word_1_326' title='bbox 670 4131 716 4187; x_wconf 89' lang='lat' dir='ltr'>lili.</span> 
     </span>
    </p>

    <p class='ocr_par' dir='ltr' id='par_1_11' title="bbox 583 4222 2232 5035">
     <span class='ocr_line' id='line_1_30' title="bbox 629 4222 2230 4304; baseline 0.006 -25"><span class='ocrx_word' id='word_1_327' title='bbox 629 4223 656 4279; x_wconf 75' lang='lat'>2.</span> <span class='ocrx_word' id='word_1_328' title='bbox 678 4222 782 4281; x_wconf 84' lang='lat' dir='ltr'>Latrdcs</span> <span class='ocrx_word' id='word_1_329' title='bbox 796 4225 884 4296; x_wconf 83' lang='lat' dir='ltr'>itaque</span> <span class='ocrx_word' id='word_1_330' title='bbox 896 4236 955 4283; x_wconf 85' lang='lat' dir='ltr'>toas</span> <span class='ocrx_word' id='word_1_331' title='bbox 969 4226 1286 4300; x_wconf 47' lang='lat' dir='ltr'>uetustissimusque</span> <span class='ocrx_word' id='word_1_332' title='bbox 1302 4229 1327 4285; x_wconf 90' lang='lat' dir='ltr'>in</span> <span class='ocrx_word' id='word_1_333' title='bbox 1343 4240 1369 4285; x_wconf 96' lang='lat' dir='ltr'>tc</span> <span class='ocrx_word' id='word_1_334' title='bbox 1380 4230 1472 4287; x_wconf 85' lang='lat' dir='ltr'>laudes</span> <span class='ocrx_word' id='word_1_335' title='bbox 1482 4230 1592 4298; x_wconf 81' lang='lat' dir='ltr'>Christi,</span> <span class='ocrx_word' id='word_1_336' title='bbox 1604 4231 1664 4289; x_wconf 77' lang='lat' dir='ltr'>rtur</span> <span class='ocrx_word' id='word_1_337' title='bbox 1674 4231 1736 4304; x_wconf 82' lang='lat' dir='ltr'>qultl</span> <span class='ocrx_word' id='word_1_338' title='bbox 1747 4233 1812 4289; x_wconf 91' lang='lat' dir='ltr'>mibi</span> <span class='ocrx_word' id='word_1_339' title='bbox 1827 4232 2012 4291; x_wconf 77' lang='lat' dir='ltr'>delectationis</span> <span class='ocrx_word' id='word_1_340' title='bbox 2025 4241 2054 4291; x_wconf 93' lang='lat' dir='ltr'>et</span> <span class='ocrx_word' id='word_1_341' title='bbox 2064 4233 2165 4289; x_wconf 68' lang='lat' dir='ltr'>letitiae</span> <span class='ocrx_word' id='word_1_342' title='bbox 2179 4231 2230 4289; x_wconf 88' lang='lat' dir='ltr'>luit</span> 
     </span>
     <span class='ocr_line' id='line_1_31' title="bbox 588 4315 2229 4398; baseline 0.006 -26"><span class='ocrx_word' id='word_1_343' title='bbox 588 4315 682 4372; x_wconf 82' lang='lat' dir='ltr'>emlire</span> <span class='ocrx_word' id='word_1_344' title='bbox 701 4317 736 4369; x_wconf 90' lang='lat' dir='ltr'>ab</span> <span class='ocrx_word' id='word_1_345' title='bbox 755 4318 801 4371; x_wconf 92' lang='lat' dir='ltr'>illo</span> <span class='ocrx_word' id='word_1_346' title='bbox 815 4318 860 4388; x_wconf 92' lang='lat' dir='ltr'>qui</span> <span class='ocrx_word' id='word_1_347' title='bbox 874 4335 923 4374; x_wconf 85' lang='lat' dir='ltr'>nce</span> <span class='ocrx_word' id='word_1_348' title='bbox 934 4317 1026 4375; x_wconf 85' lang='lat' dir='ltr'>lullcre</span> <span class='ocrx_word' id='word_1_349' title='bbox 1040 4335 1082 4374; x_wconf 88' lang='lat' dir='ltr'>nte</span> <span class='ocrx_word' id='word_1_350' title='bbox 1106 4329 1196 4389; x_wconf 88' lang='lat' dir='ltr'>posset</span> <span class='ocrx_word' id='word_1_351' title='bbox 1209 4331 1317 4392; x_wconf 75' lang='lat' dir='ltr'>[nomer</span> <span class='ocrx_word' id='word_1_352' title='bbox 1329 4322 1408 4378; x_wconf 82' lang='lat' dir='ltr'>illem</span> <span class='ocrx_word' id='word_1_353' title='bbox 1424 4337 1511 4390; x_wconf 88' lang='lat' dir='ltr'>snam,</span> <span class='ocrx_word' id='word_1_354' title='bbox 1526 4333 1555 4380; x_wconf 93' lang='lat' dir='ltr'>et</span> <span class='ocrx_word' id='word_1_355' title='bbox 1567 4339 1614 4380; x_wconf 85' lang='lat' dir='ltr'>eas</span> <span class='ocrx_word' id='word_1_356' title='bbox 1635 4325 1758 4397; x_wconf 68' lang='lat' dir='ltr'>iquorme</span> <span class='ocrx_word' id='word_1_357' title='bbox 1781 4342 1834 4382; x_wconf 91' lang='lat' dir='ltr'>non</span> <span class='ocrx_word' id='word_1_358' title='bbox 1850 4337 1940 4397; x_wconf 84' lang='lat' dir='ltr'>posset</span> <span class='ocrx_word' id='word_1_359' title='bbox 1959 4336 2067 4398; x_wconf 86' lang='lat' dir='ltr'>propter</span> <span class='ocrx_word' id='word_1_360' title='bbox 2082 4328 2229 4383; x_wconf 88' lang='lat' dir='ltr'>amicitiam</span> 
     </span>
     <span class='ocr_line' id='line_1_32' title="bbox 585 4408 2231 4489; baseline 0.005 -24"><span class='ocrx_word' id='word_1_361' title='bbox 585 4416 673 4465; x_wconf 81' lang='lat' dir='ltr'>toann</span> <span class='ocrx_word' id='word_1_362' title='bbox 688 4408 740 4464; x_wconf 86' lang='lat' dir='ltr'>Setl</span> <span class='ocrx_word' id='word_1_363' title='bbox 755 4409 805 4463; x_wconf 89' lang='lat' dir='ltr'>alia</span> <span class='ocrx_word' id='word_1_364' title='bbox 822 4419 849 4464; x_wconf 91' lang='lat' dir='ltr'>et</span> <span class='ocrx_word' id='word_1_365' title='bbox 863 4410 897 4464; x_wconf 86' lang='lat' dir='ltr'>ab</span> <span class='ocrx_word' id='word_1_366' title='bbox 911 4411 981 4476; x_wconf 83' lang='lat' dir='ltr'>aliis,</span> <span class='ocrx_word' id='word_1_367' title='bbox 998 4411 1048 4467; x_wconf 88' lang='lat' dir='ltr'>etsi</span> <span class='ocrx_word' id='word_1_368' title='bbox 1066 4426 1119 4466; x_wconf 92' lang='lat' dir='ltr'>non</span> <span class='ocrx_word' id='word_1_369' title='bbox 1135 4421 1187 4465; x_wconf 81' lang='lat' dir='ltr'>tam</span> <span class='ocrx_word' id='word_1_370' title='bbox 1202 4413 1283 4467; x_wconf 86' lang='lat' dir='ltr'>multa</span> <span class='ocrx_word' id='word_1_371' title='bbox 1300 4413 1343 4469; x_wconf 87' lang='lat' dir='ltr'>rel</span> <span class='ocrx_word' id='word_1_372' title='bbox 1357 4424 1449 4481; x_wconf 91' lang='lat' dir='ltr'>certa,</span> <span class='ocrx_word' id='word_1_373' title='bbox 1462 4425 1647 4471; x_wconf 86' lang='lat' dir='ltr'>rcrrmrtamen</span> <span class='ocrx_word' id='word_1_374' title='bbox 1659 4416 1821 4484; x_wconf 74' lang='lat' dir='ltr'>audirimus,</span> <span class='ocrx_word' id='word_1_375' title='bbox 1836 4419 1902 4474; x_wconf 82' lang='lat' dir='ltr'>illes</span> <span class='ocrx_word' id='word_1_376' title='bbox 1914 4428 1959 4473; x_wconf 84' lang='lat' dir='ltr'>trra</span> <span class='ocrx_word' id='word_1_377' title='bbox 1976 4434 2055 4489; x_wconf 83' lang='lat' dir='ltr'>qoam</span> <span class='ocrx_word' id='word_1_378' title='bbox 2075 4420 2111 4473; x_wconf 89' lang='lat' dir='ltr'>sit</span> <span class='ocrx_word' id='word_1_379' title='bbox 2123 4433 2189 4473; x_wconf 86' lang='lat' dir='ltr'>sana</span> <span class='ocrx_word' id='word_1_380' title='bbox 2202 4426 2231 4474; x_wconf 88' lang='lat' dir='ltr'>et</span> 
     </span>
     <span class='ocr_line' id='line_1_33' title="bbox 590 4501 2231 4579; baseline 0.005 -24"><span class='ocrx_word' id='word_1_381' title='bbox 590 4501 734 4564; x_wconf 88' lang='lat' dir='ltr'>catlrnlica,</span> <span class='ocrx_word' id='word_1_382' title='bbox 748 4515 826 4571; x_wconf 87' lang='lat' dir='ltr'>quarn</span> <span class='ocrx_word' id='word_1_383' title='bbox 837 4501 878 4571; x_wconf 88' lang='lat' dir='ltr'>pia</span> <span class='ocrx_word' id='word_1_384' title='bbox 894 4502 1059 4574; x_wconf 68' lang='lat' dir='ltr'>exspectatio</span> <span class='ocrx_word' id='word_1_385' title='bbox 1073 4504 1232 4568; x_wconf 91' lang='lat' dir='ltr'>l&#39;uturorum,</span> <span class='ocrx_word' id='word_1_386' title='bbox 1246 4517 1306 4574; x_wconf 82' lang='lat' dir='ltr'>quae</span> <span class='ocrx_word' id='word_1_387' title='bbox 1318 4504 1364 4558; x_wconf 86' lang='lat' dir='ltr'>liei</span> <span class='ocrx_word' id='word_1_388' title='bbox 1379 4503 1544 4577; x_wconf 84' lang='lat' dir='ltr'>inrtrtmrque</span> <span class='ocrx_word' id='word_1_389' title='bbox 1553 4506 1671 4573; x_wconf 80' lang='lat' dir='ltr'>dilectio,</span> <span class='ocrx_word' id='word_1_390' title='bbox 1682 4522 1762 4578; x_wconf 78' lang='lat' dir='ltr'>(pram</span> <span class='ocrx_word' id='word_1_391' title='bbox 1775 4524 1827 4563; x_wconf 90' lang='lat' dir='ltr'>non</span> <span class='ocrx_word' id='word_1_392' title='bbox 1841 4510 1956 4579; x_wconf 75' lang='lat' dir='ltr'>snpeun</span> <span class='ocrx_word' id='word_1_393' title='bbox 1976 4511 2064 4577; x_wconf 69' lang='lat' dir='ltr'>sarias</span> <span class='ocrx_word' id='word_1_394' title='bbox 2074 4509 2101 4563; x_wconf 91' lang='lat' dir='ltr'>iu</span> <span class='ocrx_word' id='word_1_395' title='bbox 2113 4509 2231 4565; x_wconf 73' lang='lat' dir='ltr'>excelsis</span> 
     </span>
     <span class='ocr_line' id='line_1_34' title="bbox 583 4591 2230 4668; baseline 0.004 -20"><span class='ocrx_word' id='word_1_396' title='bbox 583 4591 743 4655; x_wconf 74' lang='lat' dir='ltr'>bonoribus,</span> <span class='ocrx_word' id='word_1_397' title='bbox 763 4608 812 4649; x_wconf 91' lang='lat' dir='ltr'>nec</span> <span class='ocrx_word' id='word_1_398' title='bbox 821 4608 913 4662; x_wconf 87' lang='lat' dir='ltr'>speres</span> <span class='ocrx_word' id='word_1_399' title='bbox 927 4594 952 4648; x_wconf 90' lang='lat' dir='ltr'>in</span> <span class='ocrx_word' id='word_1_400' title='bbox 966 4596 1068 4649; x_wconf 91' lang='lat' dir='ltr'>incerto</span> <span class='ocrx_word' id='word_1_401' title='bbox 1080 4593 1244 4660; x_wconf 86' lang='lat' dir='ltr'>divitiarum,</span> <span class='ocrx_word' id='word_1_402' title='bbox 1260 4594 1346 4650; x_wconf 89' lang='lat' dir='ltr'>sedin</span> <span class='ocrx_word' id='word_1_403' title='bbox 1362 4595 1418 4651; x_wconf 88' lang='lat' dir='ltr'>lieo</span> <span class='ocrx_word' id='word_1_404' title='bbox 1429 4597 1499 4659; x_wconf 84' lang='lat' dir='ltr'>rito,</span> <span class='ocrx_word' id='word_1_405' title='bbox 1515 4605 1543 4651; x_wconf 91' lang='lat' dir='ltr'>et</span> <span class='ocrx_word' id='word_1_406' title='bbox 1554 4595 1630 4652; x_wconf 80' lang='lat' dir='ltr'>dirce</span> <span class='ocrx_word' id='word_1_407' title='bbox 1639 4598 1677 4653; x_wconf 88' lang='lat' dir='ltr'>sis</span> <span class='ocrx_word' id='word_1_408' title='bbox 1690 4597 1718 4653; x_wconf 92' lang='lat' dir='ltr'>iu</span> <span class='ocrx_word' id='word_1_409' title='bbox 1731 4599 1857 4668; x_wconf 87' lang='lat' dir='ltr'>operibus</span> <span class='ocrx_word' id='word_1_410' title='bbox 1869 4598 1976 4667; x_wconf 78' lang='lat' dir='ltr'>bouisss</span> <span class='ocrx_word' id='word_1_411' title='bbox 1989 4597 2055 4653; x_wconf 82' lang='lat' dir='ltr'>Tim.</span> <span class='ocrx_word' id='word_1_412' title='bbox 2065 4614 2102 4662; x_wconf 82' lang='lat' dir='ltr'>tu,</span> <span class='ocrx_word' id='word_1_413' title='bbox 2117 4599 2162 4664; x_wconf 87' lang='lat' dir='ltr'>li,</span> <span class='ocrx_word' id='word_1_414' title='bbox 2177 4597 2230 4667; x_wconf 72' lang='lat' dir='ltr'>¹⁸l³</span> 
     </span>
     <span class='ocr_line' id='line_1_35' title="bbox 583 4685 2231 4761; baseline 0.002 -21"><span class='ocrx_word' id='word_1_415' title='bbox 583 4701 667 4758; x_wconf 84' lang='lat' dir='ltr'>quatu</span> <span class='ocrx_word' id='word_1_416' title='bbox 678 4685 816 4741; x_wconf 81' lang='lat' dir='ltr'>sitrluunrs</span> <span class='ocrx_word' id='word_1_417' title='bbox 829 4696 872 4740; x_wconf 86' lang='lat' dir='ltr'>tun</span> <span class='ocrx_word' id='word_1_418' title='bbox 886 4685 992 4756; x_wconf 84' lang='lat' dir='ltr'>requies</span> <span class='ocrx_word' id='word_1_419' title='bbox 1006 4685 1184 4757; x_wconf 85' lang='lat' dir='ltr'>solatiumque</span> <span class='ocrx_word' id='word_1_420' title='bbox 1197 4695 1360 4748; x_wconf 84' lang='lat' dir='ltr'>sarrctnrnm,</span> <span class='ocrx_word' id='word_1_421' title='bbox 1374 4693 1403 4742; x_wconf 86' lang='lat' dir='ltr'>et</span> <span class='ocrx_word' id='word_1_422' title='bbox 1418 4695 1503 4742; x_wconf 87' lang='lat' dir='ltr'>terrnr</span> <span class='ocrx_word' id='word_1_423' title='bbox 1516 4689 1657 4756; x_wconf 86' lang='lat' dir='ltr'>impiorum</span> <span class='ocrx_word' id='word_1_424' title='bbox 1672 4704 1680 4743; x_wconf 80' lang='grc' dir='ltr'>ι</span> <span class='ocrx_word' id='word_1_425' title='bbox 1695 4699 1792 4761; x_wconf 84' lang='lat' dir='ltr'>quanta</span> <span class='ocrx_word' id='word_1_426' title='bbox 1808 4690 1853 4746; x_wconf 92' lang='lat' dir='ltr'>tibi</span> <span class='ocrx_word' id='word_1_427' title='bbox 1868 4705 1932 4744; x_wconf 91' lang='lat' dir='ltr'>cura</span> <span class='ocrx_word' id='word_1_428' title='bbox 1948 4690 1991 4752; x_wconf 88' lang='lat' dir='ltr'>sit,</span> <span class='ocrx_word' id='word_1_429' title='bbox 2009 4690 2109 4760; x_wconf 83' lang='lat' dir='ltr'>nequis</span> <span class='ocrx_word' id='word_1_430' title='bbox 2120 4689 2231 4744; x_wconf 83' lang='lat' dir='ltr'>insilie-</span> 
     </span>
     <span class='ocr_line' id='line_1_36' title="bbox 587 4773 2231 4849; baseline 0.002 -17"><span class='ocrx_word' id='word_1_431' title='bbox 587 4787 632 4832; x_wconf 93' lang='lat' dir='ltr'>tnr</span> <span class='ocrx_word' id='word_1_432' title='bbox 645 4777 771 4833; x_wconf 76' lang='lat' dir='ltr'>membris¹</span> <span class='ocrx_word' id='word_1_433' title='bbox 781 4773 891 4843; x_wconf 87' lang='lat' dir='ltr'>Cirristi,</span> <span class='ocrx_word' id='word_1_434' title='bbox 902 4787 1044 4846; x_wconf 88' lang='lat' dir='ltr'>coopertus</span> <span class='ocrx_word' id='word_1_435' title='bbox 1058 4777 1190 4833; x_wconf 74' lang='lat' dir='ltr'>velamine</span> <span class='ocrx_word' id='word_1_436' title='bbox 1201 4776 1316 4832; x_wconf 84' lang='lat' dir='ltr'>nourinis</span> <span class='ocrx_word' id='word_1_437' title='bbox 1329 4775 1438 4839; x_wconf 80' lang='lat' dir='ltr'>Christi,</span> <span class='ocrx_word' id='word_1_438' title='bbox 1451 4777 1507 4833; x_wconf 85' lang='lat' dir='ltr'>sire</span> <span class='ocrx_word' id='word_1_439' title='bbox 1518 4779 1543 4832; x_wconf 94' lang='lat' dir='ltr'>in</span> <span class='ocrx_word' id='word_1_440' title='bbox 1555 4779 1689 4835; x_wconf 84' lang='lat' dir='ltr'>veteribus</span> <span class='ocrx_word' id='word_1_441' title='bbox 1701 4780 1770 4849; x_wconf 76' lang='lat' dir='ltr'>ejus,</span> <span class='ocrx_word' id='word_1_442' title='bbox 1780 4781 1836 4837; x_wconf 84' lang='lat' dir='ltr'>sire</span> <span class='ocrx_word' id='word_1_443' title='bbox 1847 4781 1872 4835; x_wconf 92' lang='lat' dir='ltr'>in</span> <span class='ocrx_word' id='word_1_444' title='bbox 1890 4780 2084 4836; x_wconf 87' lang='lat' dir='ltr'>recentioribus</span> <span class='ocrx_word' id='word_1_445' title='bbox 2099 4781 2231 4845; x_wconf 81' lang='lat' dir='ltr'>irrimicis;</span> 
     </span>
     <span class='ocr_line' id='line_1_37' title="bbox 585 4868 2232 4943; baseline 0.004 -22"><span class='ocrx_word' id='word_1_446' title='bbox 585 4886 722 4941; x_wconf 83' lang='lat' dir='ltr'>qnarnqno</span> <span class='ocrx_word' id='word_1_447' title='bbox 731 4870 767 4926; x_wconf 88' lang='lat' dir='ltr'>sis</span> <span class='ocrx_word' id='word_1_448' title='bbox 781 4870 935 4926; x_wconf 90' lang='lat' dir='ltr'>cornnnlcm</span> <span class='ocrx_word' id='word_1_449' title='bbox 951 4870 1118 4925; x_wconf 89' lang='lat' dir='ltr'>inimieorum</span> <span class='ocrx_word' id='word_1_450' title='bbox 1134 4869 1259 4940; x_wconf 82' lang='lat' dir='ltr'>provitius</span> <span class='ocrx_word' id='word_1_451' title='bbox 1273 4868 1362 4935; x_wconf 87' lang='lat' dir='ltr'>saluti,</span> <span class='ocrx_word' id='word_1_452' title='bbox 1375 4868 1487 4925; x_wconf 88' lang='lat' dir='ltr'>inlestns</span> <span class='ocrx_word' id='word_1_453' title='bbox 1500 4871 1595 4925; x_wconf 89' lang='lat' dir='ltr'>errori.</span> <span class='ocrx_word' id='word_1_454' title='bbox 1607 4871 1761 4942; x_wconf 76' lang='lat' dir='ltr'>limentque</span> <span class='ocrx_word' id='word_1_455' title='bbox 1776 4871 1939 4943; x_wconf 79' lang='lat' dir='ltr'>lntJnsmoli,</span> <span class='ocrx_word' id='word_1_456' title='bbox 1955 4882 1983 4928; x_wconf 92' lang='lat' dir='ltr'>ot</span> <span class='ocrx_word' id='word_1_457' title='bbox 1994 4872 2067 4942; x_wconf 81' lang='lat' dir='ltr'>uixi,</span> <span class='ocrx_word' id='word_1_458' title='bbox 2086 4881 2113 4929; x_wconf 92' lang='lat' dir='ltr'>et</span> <span class='ocrx_word' id='word_1_459' title='bbox 2126 4874 2161 4929; x_wconf 88' lang='lat' dir='ltr'>ab</span> <span class='ocrx_word' id='word_1_460' title='bbox 2171 4875 2232 4929; x_wconf 85' lang='lat' dir='ltr'>:rliis</span> 
     </span>
     <span class='ocr_line' id='line_1_38' title="bbox 584 4961 1864 5035; baseline 0.002 -18"><span class='ocrx_word' id='word_1_461' title='bbox 584 4963 707 5018; x_wconf 78' lang='lat' dir='ltr'>soleruus</span> <span class='ocrx_word' id='word_1_462' title='bbox 719 4963 828 5028; x_wconf 84' lang='lat' dir='ltr'>atrdirc;</span> <span class='ocrx_word' id='word_1_463' title='bbox 842 4973 888 5018; x_wconf 84' lang='lat' dir='ltr'>seo</span> <span class='ocrx_word' id='word_1_464' title='bbox 903 4977 974 5018; x_wconf 84' lang='lat' dir='ltr'>notre</span> <span class='ocrx_word' id='word_1_465' title='bbox 987 4978 1018 5017; x_wconf 88' lang='lat' dir='ltr'>ea</span> <span class='ocrx_word' id='word_1_466' title='bbox 1032 4977 1079 5032; x_wconf 85' lang='lat' dir='ltr'>per</span> <span class='ocrx_word' id='word_1_467' title='bbox 1092 4963 1271 5032; x_wconf 88' lang='lat' dir='ltr'>supradictum</span> <span class='ocrx_word' id='word_1_468' title='bbox 1287 4961 1394 5015; x_wconf 78' lang='lat' dir='ltr'>fratrem</span> <span class='ocrx_word' id='word_1_469' title='bbox 1410 4961 1484 5031; x_wconf 84' lang='lat' dir='ltr'>plura</span> <span class='ocrx_word' id='word_1_470' title='bbox 1498 4972 1524 5016; x_wconf 92' lang='lat' dir='ltr'>et</span> <span class='ocrx_word' id='word_1_471' title='bbox 1536 4963 1670 5018; x_wconf 79' lang='lat' dir='ltr'>testatiora</span> <span class='ocrx_word' id='word_1_472' title='bbox 1681 4965 1864 5035; x_wconf 72' lang='lat' dir='ltr'>congnovimus.</span> 
     </span>
    </p>

    <p class='ocr_par' dir='ltr' id='par_1_12' title="bbox 584 5052 2235 5855">
     <span class='ocr_line' id='line_1_39' title="bbox 624 5052 2230 5128; baseline 0.001 -18"><span class='ocrx_word' id='word_1_473' title='bbox 624 5055 651 5110; x_wconf 76' lang='lat'>5.</span> <span class='ocrx_word' id='word_1_474' title='bbox 674 5055 757 5110; x_wconf 87' lang='lat' dir='ltr'>Porro</span> <span class='ocrx_word' id='word_1_475' title='bbox 767 5065 854 5108; x_wconf 87' lang='lat' dir='ltr'>autem</span> <span class='ocrx_word' id='word_1_476' title='bbox 866 5052 899 5108; x_wconf 90' lang='lat' dir='ltr'>dc</span> <span class='ocrx_word' id='word_1_477' title='bbox 912 5054 1035 5123; x_wconf 78' lang='lat' dir='ltr'>pudicitia</span> <span class='ocrx_word' id='word_1_478' title='bbox 1049 5053 1192 5124; x_wconf 78' lang='lat' dir='ltr'>corrjrrqali,</span> <span class='ocrx_word' id='word_1_479' title='bbox 1205 5063 1299 5110; x_wconf 83' lang='lat' dir='ltr'>rtteaur</span> <span class='ocrx_word' id='word_1_480' title='bbox 1312 5068 1418 5124; x_wconf 87' lang='lat' dir='ltr'>quoqne</span> <span class='ocrx_word' id='word_1_481' title='bbox 1429 5054 1455 5107; x_wconf 92' lang='lat' dir='ltr'>in</span> <span class='ocrx_word' id='word_1_482' title='bbox 1477 5059 1503 5108; x_wconf 89' lang='lat' dir='ltr'>te</span> <span class='ocrx_word' id='word_1_483' title='bbox 1515 5053 1659 5112; x_wconf 80' lang='lat' dir='ltr'>laudarcet</span> <span class='ocrx_word' id='word_1_484' title='bbox 1669 5071 1760 5112; x_wconf 82' lang='lat' dir='ltr'>ornare</span> <span class='ocrx_word' id='word_1_485' title='bbox 1771 5058 1914 5126; x_wconf 85' lang='lat' dir='ltr'>possimus,</span> <span class='ocrx_word' id='word_1_486' title='bbox 1926 5056 2053 5128; x_wconf 90' lang='lat' dir='ltr'>numquid</span> <span class='ocrx_word' id='word_1_487' title='bbox 2064 5057 2230 5125; x_wconf 88' lang='lat' dir='ltr'>amliremns,</span> 
     </span>
     <span class='ocr_line' id='line_1_40' title="bbox 584 5144 2232 5217; baseline -0.001 -15"><span class='ocrx_word' id='word_1_488' title='bbox 584 5146 640 5202; x_wconf 82' lang='lat' dir='ltr'>misi</span> <span class='ocrx_word' id='word_1_489' title='bbox 654 5145 784 5217; x_wconf 77' lang='lat' dir='ltr'>abaliquo</span> <span class='ocrx_word' id='word_1_490' title='bbox 797 5146 923 5201; x_wconf 85' lang='lat' dir='ltr'>interiore</span> <span class='ocrx_word' id='word_1_491' title='bbox 938 5144 1060 5200; x_wconf 76' lang='lat' dir='ltr'>inniberi</span> <span class='ocrx_word' id='word_1_492' title='bbox 1073 5155 1129 5210; x_wconf 92' lang='lat' dir='ltr'>tuo,</span> <span class='ocrx_word' id='word_1_493' title='bbox 1143 5145 1282 5215; x_wconf 79' lang='lat' dir='ltr'>quiritum</span> <span class='ocrx_word' id='word_1_494' title='bbox 1299 5152 1380 5203; x_wconf 78' lang='lat' dir='ltr'>turm.</span> <span class='ocrx_word' id='word_1_495' title='bbox 1393 5160 1446 5198; x_wconf 94' lang='lat' dir='ltr'>uon</span> <span class='ocrx_word' id='word_1_496' title='bbox 1456 5145 1484 5199; x_wconf 92' lang='lat' dir='ltr'>iu</span> <span class='ocrx_word' id='word_1_497' title='bbox 1499 5147 1651 5216; x_wconf 79' lang='lat' dir='ltr'>srrprrncie,</span> <span class='ocrx_word' id='word_1_498' title='bbox 1662 5148 1709 5202; x_wconf 85' lang='lat' dir='ltr'>sni</span> <span class='ocrx_word' id='word_1_499' title='bbox 1726 5149 1832 5217; x_wconf 88' lang='lat' dir='ltr'>penitus</span> <span class='ocrx_word' id='word_1_500' title='bbox 1843 5147 1951 5203; x_wconf 85' lang='lat' dir='ltr'>unsscti</span> <span class='ocrx_word' id='word_1_501' title='bbox 1968 5147 2005 5202; x_wconf 83' lang='lat' dir='ltr'>lle</span> <span class='ocrx_word' id='word_1_502' title='bbox 2019 5148 2070 5203; x_wconf 88' lang='lat' dir='ltr'>ltoc</span> <span class='ocrx_word' id='word_1_503' title='bbox 2087 5148 2177 5217; x_wconf 81' lang='lat' dir='ltr'>ltaque</span> <span class='ocrx_word' id='word_1_504' title='bbox 2187 5155 2232 5201; x_wconf 91' lang='lat' dir='ltr'>tuo</span> 
     </span>
     <span class='ocr_line' id='line_1_41' title="bbox 586 5237 2233 5310; baseline -0.002 -13"><span class='ocrx_word' id='word_1_505' title='bbox 586 5239 672 5309; x_wconf 87' lang='lat' dir='ltr'>bono,</span> <span class='ocrx_word' id='word_1_506' title='bbox 690 5239 735 5295; x_wconf 83' lang='lat' dir='ltr'>bet</span> <span class='ocrx_word' id='word_1_507' title='bbox 749 5239 831 5300; x_wconf 81' lang='lat' dir='ltr'>dotto,</span> <span class='ocrx_word' id='word_1_508' title='bbox 846 5253 890 5294; x_wconf 91' lang='lat' dir='ltr'>me</span> <span class='ocrx_word' id='word_1_509' title='bbox 903 5254 1008 5310; x_wconf 88' lang='lat' dir='ltr'>quoqne</span> <span class='ocrx_word' id='word_1_510' title='bbox 1022 5237 1138 5294; x_wconf 87' lang='lat' dir='ltr'>delectat</span> <span class='ocrx_word' id='word_1_511' title='bbox 1151 5238 1317 5299; x_wconf 82' lang='lat' dir='ltr'>lanriliarins,</span> <span class='ocrx_word' id='word_1_512' title='bbox 1329 5245 1356 5290; x_wconf 88' lang='lat' dir='ltr'>et</span> <span class='ocrx_word' id='word_1_513' title='bbox 1367 5237 1505 5307; x_wconf 88' lang='lat' dir='ltr'>aliquanto</span> <span class='ocrx_word' id='word_1_514' title='bbox 1515 5237 1613 5292; x_wconf 89' lang='lat' dir='ltr'>diutins</span> <span class='ocrx_word' id='word_1_515' title='bbox 1625 5238 1695 5309; x_wconf 89' lang='lat' dir='ltr'>loqui</span> <span class='ocrx_word' id='word_1_516' title='bbox 1711 5248 1807 5294; x_wconf 89' lang='lat' dir='ltr'>tecum.</span> <span class='ocrx_word' id='word_1_517' title='bbox 1820 5238 1882 5294; x_wconf 89' lang='lat' dir='ltr'>Scio</span> <span class='ocrx_word' id='word_1_518' title='bbox 1894 5255 1937 5295; x_wconf 93' lang='lat' dir='ltr'>me</span> <span class='ocrx_word' id='word_1_519' title='bbox 1950 5254 2002 5295; x_wconf 92' lang='lat' dir='ltr'>non</span> <span class='ocrx_word' id='word_1_520' title='bbox 2014 5253 2075 5293; x_wconf 84' lang='lat' dir='ltr'>csse</span> <span class='ocrx_word' id='word_1_521' title='bbox 2087 5239 2163 5293; x_wconf 89' lang='lat' dir='ltr'>oneri</span> <span class='ocrx_word' id='word_1_522' title='bbox 2176 5238 2233 5302; x_wconf 90' lang='lat' dir='ltr'>tibi,</span> 
     </span>
     <span class='ocr_line' id='line_1_42' title="bbox 585 5328 2234 5404; baseline -0.004 -14"><span class='ocrx_word' id='word_1_523' title='bbox 585 5333 612 5391; x_wconf 83' lang='lat' dir='ltr'>el</span> <span class='ocrx_word' id='word_1_524' title='bbox 626 5333 724 5404; x_wconf 80' lang='lat' dir='ltr'>nliqnid</span> <span class='ocrx_word' id='word_1_525' title='bbox 740 5333 874 5402; x_wconf 75' lang='lat' dir='ltr'>prr-ulixem</span> <span class='ocrx_word' id='word_1_526' title='bbox 888 5332 976 5397; x_wconf 78' lang='lat' dir='ltr'>nritttr,</span> <span class='ocrx_word' id='word_1_527' title='bbox 993 5330 1064 5402; x_wconf 85' lang='lat' dir='ltr'>quud</span> <span class='ocrx_word' id='word_1_528' title='bbox 1078 5330 1200 5400; x_wconf 77' lang='lat' dir='ltr'>legendo,</span> <span class='ocrx_word' id='word_1_529' title='bbox 1214 5329 1315 5385; x_wconf 88' lang='lat' dir='ltr'>diutius</span> <span class='ocrx_word' id='word_1_530' title='bbox 1327 5328 1365 5384; x_wconf 87' lang='lat' dir='ltr'>sis</span> <span class='ocrx_word' id='word_1_531' title='bbox 1377 5330 1530 5385; x_wconf 69' lang='lat' dir='ltr'>uobiscum.</span> <span class='ocrx_word' id='word_1_532' title='bbox 1544 5328 1610 5384; x_wconf 86' lang='lat' dir='ltr'>Nam</span> <span class='ocrx_word' id='word_1_533' title='bbox 1624 5339 1651 5385; x_wconf 88' lang='lat' dir='ltr'>et</span> <span class='ocrx_word' id='word_1_534' title='bbox 1671 5329 1721 5385; x_wconf 89' lang='lat' dir='ltr'>boc</span> <span class='ocrx_word' id='word_1_535' title='bbox 1736 5331 1868 5400; x_wconf 89' lang='lat' dir='ltr'>comperi,</span> <span class='ocrx_word' id='word_1_536' title='bbox 1891 5330 1961 5400; x_wconf 85' lang='lat' dir='ltr'>quod</span> <span class='ocrx_word' id='word_1_537' title='bbox 1979 5332 2121 5385; x_wconf 85' lang='lat' dir='ltr'>intertuas</span> <span class='ocrx_word' id='word_1_538' title='bbox 2136 5329 2234 5385; x_wconf 81' lang='lat' dir='ltr'>unitae</span> 
     </span>
     <span class='ocr_line' id='line_1_43' title="bbox 587 5420 2234 5500; baseline -0.005 -16"><span class='ocrx_word' id='word_1_539' title='bbox 587 5442 756 5500; x_wconf 77' lang='lat' dir='ltr'>maqrtasquc</span> <span class='ocrx_word' id='word_1_540' title='bbox 768 5440 848 5482; x_wconf 89' lang='lat' dir='ltr'>curas</span> <span class='ocrx_word' id='word_1_541' title='bbox 867 5422 944 5481; x_wconf 79' lang='lat' dir='ltr'>belle</span> <span class='ocrx_word' id='word_1_542' title='bbox 961 5439 992 5480; x_wconf 85' lang='lat' dir='ltr'>ac</span> <span class='ocrx_word' id='word_1_543' title='bbox 1014 5424 1129 5479; x_wconf 87' lang='lat' dir='ltr'>libenter</span> <span class='ocrx_word' id='word_1_544' title='bbox 1146 5423 1228 5492; x_wconf 80' lang='lat' dir='ltr'>lcqas,</span> <span class='ocrx_word' id='word_1_545' title='bbox 1244 5421 1394 5492; x_wconf 90' lang='lat' dir='ltr'>nostrisque</span> <span class='ocrx_word' id='word_1_546' title='bbox 1408 5420 1554 5492; x_wconf 82' lang='lat' dir='ltr'>opusculis,</span> <span class='ocrx_word' id='word_1_547' title='bbox 1568 5421 1720 5493; x_wconf 75' lang='lat' dir='ltr'>etiamque</span> <span class='ocrx_word' id='word_1_548' title='bbox 1742 5422 1775 5477; x_wconf 86' lang='lat' dir='ltr'>ml</span> <span class='ocrx_word' id='word_1_549' title='bbox 1794 5424 1862 5479; x_wconf 80' lang='lat' dir='ltr'>alios</span> <span class='ocrx_word' id='word_1_550' title='bbox 1873 5423 2093 5492; x_wconf 73' lang='lat' dir='ltr'>conscripsimus,</span> <span class='ocrx_word' id='word_1_551' title='bbox 2110 5422 2196 5495; x_wconf 89' lang='lat' dir='ltr'>siqua</span> <span class='ocrx_word' id='word_1_552' title='bbox 2209 5421 2234 5478; x_wconf 92' lang='lat' dir='ltr'>in</span> 
     </span>
     <span class='ocr_line' id='line_1_44' title="bbox 587 5513 2235 5589; baseline -0.003 -13"><span class='ocrx_word' id='word_1_553' title='bbox 587 5536 686 5576; x_wconf 80' lang='lat' dir='ltr'>menos</span> <span class='ocrx_word' id='word_1_554' title='bbox 701 5529 760 5575; x_wconf 90' lang='lat' dir='ltr'>tuus</span> <span class='ocrx_word' id='word_1_555' title='bbox 774 5519 866 5575; x_wconf 85' lang='lat' dir='ltr'>reuire</span> <span class='ocrx_word' id='word_1_556' title='bbox 880 5527 1032 5589; x_wconf 89' lang='lat' dir='ltr'>potuerunt,</span> <span class='ocrx_word' id='word_1_557' title='bbox 1047 5516 1190 5571; x_wconf 73' lang='lat' dir='ltr'>adiutorium</span> <span class='ocrx_word' id='word_1_558' title='bbox 1202 5513 1358 5578; x_wconf 87' lang='lat' dir='ltr'>delecteris;</span> <span class='ocrx_word' id='word_1_559' title='bbox 1371 5524 1471 5584; x_wconf 88' lang='lat' dir='ltr'>quanto</span> <span class='ocrx_word' id='word_1_560' title='bbox 1488 5514 1571 5579; x_wconf 73' lang='lat' dir='ltr'>nnqis</span> <span class='ocrx_word' id='word_1_561' title='bbox 1587 5513 1704 5584; x_wconf 79' lang='lat' dir='ltr'>quodni</span> <span class='ocrx_word' id='word_1_562' title='bbox 1718 5523 1744 5571; x_wconf 90' lang='lat' dir='ltr'>tc</span> <span class='ocrx_word' id='word_1_563' title='bbox 1758 5515 1894 5580; x_wconf 88' lang='lat' dir='ltr'>scribitur,</span> <span class='ocrx_word' id='word_1_564' title='bbox 1911 5515 1955 5571; x_wconf 90' lang='lat' dir='ltr'>obi</span> <span class='ocrx_word' id='word_1_565' title='bbox 1969 5525 2094 5585; x_wconf 83' lang='lat' dir='ltr'>tanquam</span> <span class='ocrx_word' id='word_1_566' title='bbox 2108 5515 2235 5587; x_wconf 72' lang='lat' dir='ltr'>presenti</span> 
     </span>
     <span class='ocr_line' id='line_1_45' title="bbox 586 5605 2235 5683; baseline -0.001 -20"><span class='ocrx_word' id='word_1_567' title='bbox 586 5610 694 5683; x_wconf 81' lang='lat' dir='ltr'>loquar,</span> <span class='ocrx_word' id='word_1_568' title='bbox 717 5619 745 5666; x_wconf 90' lang='lat' dir='ltr'>et</span> <span class='ocrx_word' id='word_1_569' title='bbox 768 5609 911 5666; x_wconf 79' lang='lat' dir='ltr'>aduertere</span> <span class='ocrx_word' id='word_1_570' title='bbox 926 5608 1078 5679; x_wconf 74' lang='lat' dir='ltr'>dignaberis</span> <span class='ocrx_word' id='word_1_571' title='bbox 1092 5607 1230 5672; x_wconf 85' lang='lat' dir='ltr'>attentius,</span> <span class='ocrx_word' id='word_1_572' title='bbox 1246 5617 1273 5660; x_wconf 87' lang='lat' dir='ltr'>ct</span> <span class='ocrx_word' id='word_1_573' title='bbox 1285 5605 1407 5674; x_wconf 84' lang='lat' dir='ltr'>aceipcre</span> <span class='ocrx_word' id='word_1_574' title='bbox 1417 5606 1534 5675; x_wconf 77' lang='lat' dir='ltr'>gratius!</span> <span class='ocrx_word' id='word_1_575' title='bbox 1556 5605 1597 5660; x_wconf 81' lang='lat' dir='ltr'>Ab</span> <span class='ocrx_word' id='word_1_576' title='bbox 1612 5606 1661 5661; x_wconf 90' lang='lat' dir='ltr'>bac</span> <span class='ocrx_word' id='word_1_577' title='bbox 1673 5622 1736 5677; x_wconf 76' lang='lat' dir='ltr'>erqo</span> <span class='ocrx_word' id='word_1_578' title='bbox 1749 5607 1858 5677; x_wconf 75' lang='lat' dir='ltr'>epistola</span> <span class='ocrx_word' id='word_1_579' title='bbox 1872 5622 1952 5678; x_wconf 73' lang='lat' dir='ltr'>perge</span> <span class='ocrx_word' id='word_1_580' title='bbox 1971 5606 2004 5662; x_wconf 88' lang='lat' dir='ltr'>al</span> <span class='ocrx_word' id='word_1_581' title='bbox 2027 5606 2136 5672; x_wconf 90' lang='lat' dir='ltr'>librum,</span> <span class='ocrx_word' id='word_1_582' title='bbox 2156 5621 2235 5679; x_wconf 82' lang='lat' dir='ltr'>quem</span> 
     </span>
     <span class='ocr_line' id='line_1_46' title="bbox 587 5697 2233 5781; baseline 0.001 -23"><span class='ocrx_word' id='word_1_583' title='bbox 587 5703 671 5781; x_wconf 80' lang='lat' dir='ltr'>simul</span> <span class='ocrx_word' id='word_1_584' title='bbox 696 5703 767 5769; x_wconf 85' lang='lat' dir='ltr'>misi,</span> <span class='ocrx_word' id='word_1_585' title='bbox 783 5703 828 5775; x_wconf 91' lang='lat' dir='ltr'>qni</span> <span class='ocrx_word' id='word_1_586' title='bbox 853 5711 906 5759; x_wconf 80' lang='lat' dir='ltr'>tute</span> <span class='ocrx_word' id='word_1_587' title='bbox 926 5699 1093 5756; x_wconf 79' lang='lat' dir='ltr'>llercrctrtie</span> <span class='ocrx_word' id='word_1_588' title='bbox 1107 5709 1190 5756; x_wconf 82' lang='grc' dir='ltr'>ιιι-ιιι</span> <span class='ocrx_word' id='word_1_589' title='bbox 1204 5698 1373 5769; x_wconf 83' lang='lat' dir='ltr'>conscriptus</span> <span class='ocrx_word' id='word_1_590' title='bbox 1393 5701 1439 5765; x_wconf 90' lang='lat' dir='ltr'>sit,</span> <span class='ocrx_word' id='word_1_591' title='bbox 1456 5711 1480 5754; x_wconf 88' lang='lat' dir='ltr'>er</span> <span class='ocrx_word' id='word_1_592' title='bbox 1493 5697 1585 5753; x_wconf 77' lang='lat' dir='ltr'>crrrarl</span> <span class='ocrx_word' id='word_1_593' title='bbox 1598 5709 1623 5754; x_wconf 88' lang='lat' dir='ltr'>te</span> <span class='ocrx_word' id='word_1_594' title='bbox 1636 5700 1803 5771; x_wconf 81' lang='lat' dir='ltr'>potissimum</span> <span class='ocrx_word' id='word_1_595' title='bbox 1827 5700 1941 5769; x_wconf 58' lang='lat' dir='ltr'>missus,</span> <span class='ocrx_word' id='word_1_596' title='bbox 1961 5701 2017 5771; x_wconf 86' lang='lat' dir='ltr'>ipse</span> <span class='ocrx_word' id='word_1_597' title='bbox 2032 5714 2082 5756; x_wconf 89' lang='lat' dir='ltr'>suo</span> <span class='ocrx_word' id='word_1_598' title='bbox 2096 5701 2233 5774; x_wconf 77' lang='lat' dir='ltr'>priorip²o</span> 
     </span>
     <span class='ocr_line' id='line_1_47' title="bbox 586 5798 913 5855; baseline -0.006 -1"><span class='ocrx_word' id='word_1_599' title='bbox 586 5798 758 5854; x_wconf 70' lang='lat' dir='ltr'>totnutodins</span> <span class='ocrx_word' id='word_1_600' title='bbox 772 5798 913 5855; x_wconf 87' lang='lat' dir='ltr'>itttinmbit.</span> 
     </span>
    </p>
   </div>
   <div class='ocr_carea' id='block_1_10' title="bbox 619 5928 1147 6001">
    <p class='ocr_par' dir='ltr' id='par_1_13' title="bbox 619 5928 1147 6001">
     <span class='ocr_line' id='line_1_48' title="bbox 619 5928 1147 6001; baseline -0.006 -17"><span class='ocrx_word' id='word_1_601' title='bbox 619 5930 657 6001; x_wconf 62' lang='lat' dir='ltr'>ia)</span> <span class='ocrx_word' id='word_1_602' title='bbox 667 5936 708 5984; x_wconf 67' lang='grc'>111</span> <span class='ocrx_word' id='word_1_603' title='bbox 718 5928 765 5985; x_wconf 63' lang='grc' dir='ltr'>ὓ)</span> <span class='ocrx_word' id='word_1_604' title='bbox 776 5936 840 5986; x_wconf 84' lang='lat' dir='ltr'>iuter</span> <span class='ocrx_word' id='word_1_605' title='bbox 852 5939 1042 6000; x_wconf 61' lang='lat' dir='ltr'>trtgmbtlnnas,</span> <span class='ocrx_word' id='word_1_606' title='bbox 1054 5944 1110 5982; x_wconf 83' lang='lat' dir='ltr'>tntu·</span> <span class='ocrx_word' id='word_1_607' title='bbox 1126 5934 1147 5982; x_wconf 71' lang='grc' dir='ltr'>Ξ.</span> 
     </span>
    </p>
   </div>
   <div class='ocr_carea' id='block_1_11' title="bbox 1308 6184 1521 6290">
    <p class='ocr_par' dir='ltr' id='par_1_14' title="bbox 1308 6184 1521 6290">
     <span class='ocr_line' id='line_1_49' title="bbox 1308 6184 1521 6290; baseline 0 0"><span class='ocrx_word' id='word_1_608' title='bbox 1308 6184 1521 6290; x_wconf 55' lang='lat' dir='ltr'><em>W</em></span> 
     </span>
    </p>
   </div>
   <div class='ocr_carea' id='block_1_12' title="bbox 0 0 2821 7348">
    <p class='ocr_par' dir='ltr' id='par_1_15' title="bbox 0 0 2821 7348">
     <span class='ocr_line' id='line_1_50' title="bbox 0 0 2821 7348; baseline 0 0"><span class='ocrx_word' id='word_1_609' title='bbox 0 0 2821 7348; x_wconf 95' lang='lat' dir='ltr'> </span> 
     </span>
    </p>
   </div>
  </div>
 </body>
</html>
