5592 7350
659 926 712 985 stt

659 1042 711 1097 suh
726 1037 847 1109 ambigua
870 1034 1046 1107 generalitate
1058 1030 1122 1104 quid
1141 1029 1253 1085 sentiret
1264 1026 1448 1092 abscondens,

660 1133 751 1201 gratiae
766 1139 852 1185 tamen
871 1125 999 1183 vocabulo
1023 1124 1148 1193 lraagens
1168 1120 1293 1176 invidiam
1305 1160 1313 1185 ,
1327 1117 1455 1173 ollcttsio-

661 1237 774 1294 nemque
788 1221 934 1277 declinans.
958 1217 1024 1273 Nam
1045 1217 1071 1271 itt
1087 1216 1170 1285 ipsios
1184 1210 1326 1283 principio,
1341 1210 1386 1265 ubi
1406 1210 1453 1276 ait,

645 1329 648 1334 ·
663 1334 672 1367 ι
691 1314 830 1384 Proposito
844 1309 1095 1379 insudetnusopcri,
1113 1322 1163 1362 nec
1177 1303 1353 1359 mediocritati
1364 1302 1372 1333 ¹
1382 1299 1454 1356 dilli-

660 1406 755 1461 damus
769 1404 884 1475 ingenii,
898 1401 969 1474 quod
986 1399 1119 1455 credinttts
1132 1397 1184 1453 title
1204 1395 1296 1450 tttatris
1311 1400 1338 1448 et
1358 1392 1455 1447 merito

660 1496 770 1567 virginis
788 1495 950 1565 adiuvari3t
975 1490 1087 1562 gratiam
1108 1504 1159 1560 que
1180 1487 1336 1558 adjuvamur
1356 1484 1389 1539 ad
1404 1484 1454 1538 ali·

660 1587 724 1658 quid
738 1586 879 1657 agendum,
895 1584 960 1639 milti
972 1584 1044 1637 visus
1060 1581 1143 1635 luerat
1158 1577 1289 1643 eunltterl,
1303 1590 1353 1631 nec
1367 1582 1455 1629 atten-

660 1677 752 1733 deram
766 1677 835 1733 bane
849 1691 909 1733 eum
922 1687 1022 1745 ponere
1032 1671 1150 1743 potuisse
1169 1669 1196 1724 in
1216 1668 1272 1725 solu
1286 1665 1454 1722 revelatione

660 1768 798 1823 doctrinm.

696 1857 740 1913 tt.
756 1857 820 1911 ltem
846 1855 872 1908 in
893 1853 986 1911 eodem
1009 1867 1090 1923 opere
1114 1851 1167 1905 alia
1193 1850 1278 1903 loco:
1305 1844 1405 1914 «Quod
1431 1844 1455 1900 si

661 1950 741 2005 etiam
754 1948 813 2003 sine
828 1947 893 2010 Deo,
908 1963 918 1997 t
935 1944 1039 2014 iuquit,
1057 1961 1066 1994 t
1084 1941 1205 1995 homiues
1219 1938 1371 2001 ostendunt,
1386 1951 1455 2006 qua·

661 2040 701 2094 les
714 2053 729 2091 a
742 2038 797 2093 lico
811 2035 870 2091 laeti
884 2043 944 2090 sunt
956 2051 963 2099 ;
977 2033 1038 2088 ride
1052 2032 1113 2102 quid
1125 2029 1268 2085 Christiani
1289 2028 1375 2082 lacere
1390 2041 1455 2096 pos·

660 2128 730 2193 sint,
760 2141 873 2197 quaram
895 2126 922 2179 itt
949 2124 1045 2179 melius
1071 2137 1118 2192 per
1145 2120 1282 2175 Christum
1310 2118 1455 2172 instaurata

662 2227 756 2273 natura
780 2227 841 2282 est,
857 2213 942 2287 etqui
963 2214 1060 2270 divinae
1083 2227 1189 2284 quoque
1215 2213 1307 2281 gratita
1329 2210 1456 2278 jurantur

661 2311 785 2365 auxilio.»
796 2309 922 2364 Naturam
937 2307 963 2361 in
972 2307 1066 2362 tuellas
1075 2305 1257 2367 instauratam,
1270 2299 1456 2356 remissionem

661 2401 718 2457 vult
730 2400 840 2469 intelligi
856 2407 1026 2469 peccatorum
1040 2414 1047 2449 ι
1066 2395 1138 2466 quod
1150 2395 1203 2450 alio
1218 2394 1276 2449 loco
1290 2394 1316 2446 in
1333 2393 1383 2446 hoe
1397 2393 1456 2460 ipso

660 2492 729 2547 libro
743 2491 807 2546 satis
820 2489 1023 2554 demonstrarit,
1037 2487 1140 2552 abiait,
1158 2504 1168 2537 t
1187 2483 1272 2540 Etiam
1289 2482 1326 2537 illi
1342 2482 1386 2552 qai
1398 2483 1457 2537 loa·

663 2599 697 2655 go
712 2582 839 2655 peccandi
851 2598 900 2638 usu
914 2580 1029 2653 quodam
1045 2578 1124 2634 modo
1137 2577 1297 2642 obduruere,
1313 2574 1456 2630 instaurari

661 2690 710 2746 per
730 2674 913 2745 poeniteutiam
933 2680 1055 2744 possunt.
1081 2669 1245 2723 thusilium
1272 2681 1337 2722 vero
1359 2666 1457 2720 ditate

660 2766 754 2834 gratim
779 2771 867 2836 potest
897 2772 925 2819 ct
955 2761 999 2816 ltic
1029 2775 1129 2832 ponere
1159 2759 1186 2813 itt
1219 2757 1380 2814 revelatione
1405 2755 1457 2811 do-

661 2858 764 2913 ctrinae.

696 2947 807 3006 carba
826 2947 969 3003 xxxvttt.
981 2976 1019 2988 -·
1030 2946 1074 3001 ta.
1088 2944 1152 3001 ιιοιι
1166 2944 1228 2999 alibi
1241 2945 1266 2999 itt
1282 2943 1375 2999 eadem
1399 2942 1457 3013 epi·

661 3038 751 3095 stola:
770 3055 780 3089 ι
800 3037 866 3092 Nam
891 3038 912 3091 si
935 3038 1014 3091 ctiam
1037 3045 1099 3090 ante
1121 3034 1222 3105 legem,
1246 3033 1376 3102 timuit,
1404 3038 1459 3086 rut

661 3129 793 3193 diximus,
805 3142 836 3181 ac
850 3127 934 3183 multo
954 3136 1016 3180 ante
1033 3124 1136 3179 Domini
1162 3122 1246 3178 nostri
1262 3131 1289 3179 et
1310 3122 1458 3178 Salvatoris

660 3220 814 3285 adventum,
824 3219 896 3289 juste
909 3216 1015 3287 qtttdnn
1031 3226 1058 3271 et
1067 3224 1159 3271 sancte
1170 3216 1269 3271 vixisse
1283 3214 1456 3283 referuntur3

660 3321 760 3379 quanto
780 3308 864 3379 magis
884 3318 943 3378 post
958 3306 1162 3361 ttttntrattanem
1184 3306 1314 3360 adventus
1337 3304 1395 3375 ejus
1409 3320 1459 3362 nos

662 3399 690 3454 id
711 3413 789 3469 posse
811 3396 974 3453 credendum
998 3405 1049 3462 est,
1065 3396 1112 3464 qui
1130 3395 1268 3450 instaurati
1293 3410 1341 3465 per
1358 3394 1458 3450 Christi

661 3490 772 3560 gratiam
786 3498 813 3544 et
833 3490 859 3543 in
881 3488 1019 3544 meliorent
1034 3486 1168 3541 homiuem
1185 3487 1270 3541 renati
1285 3501 1393 3553 santus,
1410 3486 1456 3556 qni

661 3580 790 3650 sattgaiuo
803 3578 860 3647 ejus
872 3578 973 3647 expiati
987 3586 1066 3646 atque
1075 3576 1202 3638 mundati,
1215 3576 1350 3646 ipsiusque
1362 3591 1454 3631 exent-

662 3671 707 3745 plo
727 3670 759 3727 ad
782 3669 972 3741 perlectionem
993 3669 1092 3723 incitati
1108 3668 1236 3739 justitia,
1257 3668 1380 3723 meliores
1404 3666 1458 3724 ttttt

663 3779 723 3820 csse
735 3763 874 3828 debemus,
888 3763 934 3833 qui
947 3770 1010 3817 ante
1023 3761 1108 3832 legem
1123 3761 1217 3817 lucre?
1234 3780 1244 3815 t
1260 3760 1355 3817 Videte
1365 3777 1459 3833 quem·

664 3857 807 3914 admodum
818 3867 846 3912 et
859 3855 972 3910 bicallis
984 3855 1092 3925 qttidem
1102 3854 1200 3919 verbis,
1212 3859 1259 3911 sed
1271 3863 1359 3909 tamea
1371 3855 1395 3908 ia
1411 3869 1457 3911 re·

666 3950 795 4005 missione
818 3955 986 4019 peccatorum
1003 3955 1031 4000 et
1048 3945 1207 4014 iaetantpta
1229 3944 1329 4001 Christi
1355 3944 1459 4014 adiuto-

664 4042 733 4096 rium
746 4037 839 4111 gratiae
860 4036 1040 4093 constituerit.
1060 4034 1160 4092 Deinde
1173 4034 1308 4104 subjungit
1329 4042 1357 4089 et
1370 4032 1435 4089 att-h
1449 4050 1457 4089 ε

667 4153 677 4186 ι
691 4133 812 4188 hleliores
822 4132 901 4186 etiem
915 4145 994 4200 attam
1009 4129 1115 4185 luerunt
1130 4126 1258 4198 sublege,
1270 4127 1376 4182 dicente
1388 4128 1460 4196 Apo·

665 4224 743 4285 stolo,
758 4221 893 4276 Peccatum
905 4221 974 4276 uobis
993 4237 1043 4274 ιιοιι
1065 4219 1253 4282 daatinabitttr,·
1264 4234 1313 4272 aaa
1332 4218 1398 4272 eaiat
1412 4216 1459 4272 ιιι

665 4318 718 4384 lrpe
733 4313 791 4369 estis
802 4352 810 4378 ,
821 4311 866 4366 sed
885 4311 929 4366 tub
942 4311 1025 4382 pratia
1040 4309 1127 4382 (Ιιοιιι.
1147 4325 1184 4370 vt,
1203 4308 1257 4379 tt).
1276 4308 1310 4363 Et
1330 4308 1457 4378 qttoniatu

667 4410 739 4475 hinc,
755 4427 765 4462 t
782 4407 877 4477 inqttit,
895 4424 905 4458 ι
921 4405 1094 4468 sulliciertter,
1111 4411 1139 4457 ut
1155 4412 1227 4471 puto,
1242 4400 1357 4455 diximus
1368 4442 1375 4467 ,
1387 4415 1460 4455 nunc

666 4497 809 4567 perlectam
824 4496 992 4550 instituamus
1004 4493 1145 4562 virginem,
1158 4507 1216 4561 quta
1227 4507 1259 4546 etr
1271 4500 1461 4560 tttrotptesem·

664 4603 713 4658 per
725 4601 848 4653 accensa,
858 4594 884 4641 ct
897 4595 997 4639 naturae
1011 4583 1088 4638 siutul
1104 4591 1130 4637 ct
1142 4581 1235 4652 gratiae
1245 4581 1343 4635 hanam
1354 4595 1458 4635 ntorum

665 4678 804 4733 sanctitate
822 4685 941 4731 testetur.
958 4694 968 4729 t
982 4674 1017 4729 Et
1036 4674 1062 4728 itt
1086 4674 1127 4727 his
1141 4672 1230 4727 verbis
1243 4670 1345 4726 debetis
1362 4671 1459 4726 adrer-

666 4780 732 4832 tere,
744 4767 805 4823 ideo
817 4767 891 4822 illum
902 4765 971 4837 quod
982 4764 1097 4828 dicebat,
1111 4764 1152 4818 sie
1165 4761 1279 4818 valuisse
1287 4760 1459 4827 concludere,

665 4870 693 4914 nt
705 4869 807 4915 naturae
819 4859 918 4915 bonurn
934 4857 1127 4926 intelligamus,
1140 4853 1211 4924 quod
1224 4868 1284 4908 cara
1302 4866 1460 4908 crearemur

666 4950 835 5020 accepimus3
859 4949 952 5019 pretim
977 4956 1084 5009 autern,
1105 4960 1165 4999 ctttn
1182 4943 1281 4999 Christi
1303 4943 1459 4998 intuemur¹

667 5040 819 5109 ctctnplum
833 5055 841 5095 r
856 5049 980 5107 tanquam
1006 5037 1066 5090 ideo
1087 5045 1225 5103 peccatum
1249 5047 1303 5086 non
1329 5031 1461 5088 indultum

667 5129 749 5185 luerit
761 5129 801 5185 eis
814 5128 859 5199 (pti
880 5125 1000 5196 sublege
1020 5124 1128 5179 luerunt
1144 5122 1185 5179 vel
1198 5130 1277 5189 sunt,
1292 5121 1353 5191 quia
1367 5137 1461 5177 exem·

669 5224 741 5293 phun
756 5218 856 5276 Christi
868 5219 925 5273 sive
939 5232 992 5271 noa
1007 5214 1167 5279 habuerunt,
1182 5215 1238 5269 sive
1252 5228 1303 5268 non
1318 5214 1441 5269 credunt.

637 5358 639 5362 .
702 5310 817 5368 catut
835 5309 957 5365 lllllllX.
986 5308 1081 5363 -l5.
1109 5305 1164 5361 lloc
1184 5316 1273 5360 autent
1290 5307 1461 5375 istumsapc·¹

669 5421 713 5468 rc,
729 5412 755 5458 et
768 5402 821 5457 alia
835 5402 893 5470 ejus
914 5400 994 5454 verba
1016 5396 1177 5463 ostendunt,
1193 5412 1247 5451 nou
1269 5396 1296 5451 in
1312 5398 1361 5452 hac
1375 5397 1459 5460 libro,

669 5495 716 5552 scd
731 5494 758 5548 itt
772 5492 851 5547 tertio
860 5505 908 5562 pro
921 5490 1017 5545 Libero
1031 5486 1157 5554 Arbitrio,
1170 5487 1213 5541 ahi
1226 5485 1261 5541 ad
1275 5501 1336 5542 eunt
1349 5487 1462 5557 loquens

668 5595 762 5641 contra
780 5598 861 5655 quem
887 5581 1019 5652 disputat,
1038 5579 1162 5650 ‹ptoniaru
1181 5578 1225 5633 ille
1241 5586 1365 5648 posucrat
1381 5577 1462 5632 verba

669 5674 789 5745 apostoli
804 5672 927 5738 dicentis,
941 5668 1001 5725 Noa
1015 5669 1082 5740 qaod
1095 5669 1151 5722 telo
1164 5683 1212 5739 apo
1222 5683 1231 5732 ,·
1242 5674 1279 5732 et,
1296 5665 1373 5720 Video
1384 5667 1463 5721 aliem

670 5772 750 5841 lepettt
762 5769 788 5822 in
807 5764 924 5820 atembta'e
939 5762 1001 5818 meis
1014 5771 1196 5832 renuntiantem
1212 5759 1262 5827 tept
1278 5760 1459 5824 taetricum,

670 5869 697 5915 ct
708 5869 804 5915 eutem
816 5872 876 5927 qua
888 5855 924 5910 ibi
937 5854 1076 5916 dicuntum
1092 5851 1143 5907 isto
1156 5848 1303 5921 respoudit,
1317 5858 1396 5921 atque
1406 5850 1461 5905 ait:

674 5971 684 6005 t
702 5952 757 6007 lloe
773 5951 844 6006 enim
866 5947 936 6019 quod
950 5956 979 6003 tu
999 5947 1033 6029 de
1055 5943 1183 6015 apostolo
1205 5942 1351 6014 intelligere
1369 5941 1462 6012 cupis,

671 6058 765 6105 amnes
776 6038 950 6098 ecelesiastici
970 6038 1019 6095 riri
1040 6039 1066 6092 in
1081 6035 1226 6108 peccatoris
1239 6044 1267 6091 et
1281 6034 1329 6091 sab
1344 6035 1403 6104 lege
1417 6032 1463 6088 ad·

705 6219 779 6265 tam.
798 6223 909 6278 eriles..
930 6214 1102 6269 medietaritatr.
1123 6217 1146 6261 ht
1166 6210 1266 6283 epistola
1286 6209 1316 6261 ad
1332 6210 1465 6262 demetria·

691 6292 743 6345 m,
762 6281 867 6342 append.
887 6285 944 6328 tom.
964 6278 995 6335 ι,
1011 6276 1041 6329 ‹le
1061 6275 1233 6326 inallocutum.

703 6340 927 6413 estimabantur.
942 6347 989 6396 tr..

1290 915 1319 974 S.
1339 914 1525 972 aueusvtvt
1546 916 1695 975 bristout

2252 919 2306 977 380

1512 1027 1564 1084 hue
1580 1031 1657 1099 positi
1673 1040 1796 1085 asserunt
1814 1047 1876 1086 cunt
1891 1032 1991 1087 dixisse
2009 1047 2139 1103 persona,
2153 1032 2200 1102 apti
2221 1032 2305 1091 ulmi!

1506 1121 1631 1176 uitiorum
1644 1122 1837 1178 consuetudine
1851 1122 1923 1178 velut
1935 1123 2048 1193 artadum
2060 1134 2196 1179 teneretur
2206 1140 2318 1181 neces·-

1506 1210 1583 1266 sitate
1598 1212 1741 1281 peccandi,
1754 1222 1781 1267 et
1793 1214 1915 1283 quamtis
1927 1213 2027 1268 bortum
2045 1226 2184 1285 appeteret
2203 1216 2303 1271 rolon-

1507 1312 1577 1369 tate,
1591 1317 1640 1358 usu
1653 1311 1741 1359 tannen
1755 1305 1963 1375 praecipitaretur
1977 1306 2002 1362 itt
2017 1308 2127 1362 malum.
2142 1309 2171 1364 lu
2187 1325 2304 1379 persona

1506 1403 1607 1462 autern,
1622 1413 1631 1447 t
1648 1396 1743 1466 iuquit,
1760 1415 1770 1448 t
1785 1396 1902 1452 hotttinis
1916 1399 2013 1467 unius,
2028 1399 2151 1471 designat
2171 1402 2301 1473 populum

1506 1486 1556 1541 sub
1570 1496 1660 1542 vetere
1673 1487 1760 1543 adhue
1774 1488 1833 1557 lege
1846 1501 2016 1558 peccentent;
2031 1506 2109 1560 quem
2122 1492 2157 1547 ab
2170 1492 2221 1547 ltoe
2235 1510 2303 1549 eon·

1506 1576 1654 1631 suetudinis
1673 1581 1743 1632 malo
1761 1578 1825 1633 dicit
1841 1579 2008 1635 liberandum
2021 1597 2080 1638 esse
2094 1598 2143 1652 per
2155 1582 2301 1653 Christum,

1506 1668 1552 1738 apti
1573 1668 1744 1725 credentibus
1767 1669 1817 1725 sibl
1842 1672 1930 1741 primo
1951 1673 2040 1727 omnia
2063 1690 2111 1744 per
2139 1676 2302 1745 uapttsmnn

1507 1767 1614 1828 peccata
1629 1760 1754 1827 dimittit,
1768 1760 1864 1818 deinde
1878 1762 2026 1819 imitatione
2039 1765 2079 1819 sui
2098 1766 2132 1820 ad
2157 1766 2303 1837 perlectam

1506 1849 1598 1904 incitat
1611 1852 1790 1918 sanctitatem,
1806 1864 1833 1909 et
1847 1855 1970 1910 vitiorum
1985 1856 2206 1913 consuetudinem
2221 1859 2305 1913 virtu·

1506 1949 1562 1995 tum
1581 1942 1662 1997 vineit
1682 1944 1841 2013 exemplo.»
1867 1946 1935 2002 Ecce
1957 1947 2091 2016 quornudo
2116 1949 2172 2002 vult
2194 1949 2303 2019 intelligi

1506 2033 1624 2104 adiuvari
1646 2049 1693 2089 eos
1716 2036 1761 2105 apri
1781 2036 1831 2091 snb
1855 2035 1912 2106 lege
1936 2048 2103 2107 peccarium
2125 2041 2303 2109 pergratiam

1505 2126 1604 2180 Christi
1612 2125 1750 2197 justillcati
1763 2127 1920 2191 liberentur,
1935 2138 2058 2198 tanquam
2072 2130 2112 2183 eis
2123 2144 2177 2184 non
2190 2131 2303 2184 sullieiat

1506 2217 1562 2271 sola
1583 2218 1635 2284 lor,
1657 2228 1766 2288 propter
1789 2219 1897 2275 nimiam
1920 2222 2047 2290 peeeandi
2071 2222 2300 2291 consuetudinem,

1506 2307 1556 2362 nisi
1570 2306 1667 2363 Christi
1680 2309 1799 2377 accedat,
1815 2326 1867 2364 nott
1883 2311 2020 2380 inspiratio
2034 2312 2172 2368 charitatis
2184 2314 2302 2385 pchpi·

1507 2401 1587 2455 ritum
1601 2408 1739 2469 sanctuar,
1755 2402 1801 2457 sed
1822 2403 1978 2459 intuendum
1992 2414 2020 2460 et
2033 2406 2190 2461 inritandam
2210 2408 2238 2462 in
2252 2406 2300 2462 do-

1507 2492 1591 2546 ctrina
1612 2493 1764 2563 evangelica
1783 2493 1889 2549 virtutis
1908 2496 1966 2564 ejus
1983 2497 2147 2568 exemplum.
2174 2498 2210 2553 Et
2230 2508 2301 2555 certe

1508 2583 1622 2638 maxima
1645 2582 1690 2639 hie
1708 2592 1766 2639 erat
1787 2600 1867 2640 causa
1889 2586 2078 2656 exprimendi,
2102 2602 2181 2658 quam
2203 2588 2302 2645 diceret

1507 2674 1630 2741 gratiam,
1644 2674 1687 2729 ubi
1703 2675 1789 2731 locum
1803 2676 1889 2745 ipsum
1902 2677 1936 2732 de
1949 2692 2002 2747 quo
2015 2678 2169 2749 respondet,
2181 2678 2221 2733 sie
2236 2695 2299 2733 con·

1507 2764 1586 2819 clusit
1599 2766 1759 2835 Apostolus,
1775 2775 1805 2821 ut
1817 2766 1942 2822 diceret:
1962 2766 2060 2839 infelix
2071 2784 2118 2839 epo
2142 2768 2228 2837 homo,
2247 2770 2301 2841 qais

1508 2872 1547 2909 me
1559 2854 1672 2910 liberabit
1693 2857 1725 2910 de
1742 2874 1848 2928 carpere
1861 2860 1947 2915 avertis
1961 2860 2059 2930 bajas?
2079 2860 2169 2915 Gratia
2189 2860 2239 2915 Dei
2260 2878 2303 2932 per

1507 2944 1597 3000 lerant
1611 2946 1737 3002 Cltrietmtt
1751 2948 1889 3003 Demittunt
1904 2961 2016 3005 trostmar
2029 2950 2115 3022 (Rom.
2133 2966 2178 3014 ιιι,
2194 2952 2238 3015 lb,
2252 2952 2302 3006 25·

1508 3035 1564 3107 ιιι).
1581 3037 1655 3092 llane
1675 3038 1724 3093 istc
1738 3054 1799 3093 eum
1821 3041 1983 3104 constituat,
2000 3056 2052 3095 uon
2074 3042 2100 3094 in
2122 3042 2227 3096 riruttis
2246 3041 2303 3111 ejus

1510 3127 1618 3192 auxilio,
1635 3128 1682 3182 sed
1697 3128 1852 3184 imitationis
1866 3130 1997 3200 exemplo,
2015 3131 2077 3200 quid
2091 3131 2205 3200 amplias
2216 3130 2303 3186 deillo

1511 3231 1619 3287 sperare
1633 3218 1772 3287 dehemus,
1787 3220 1945 3289 ubicumque
1958 3221 2050 3291 gratia
2063 3236 2161 3276 natateu
2181 3223 2231 3278 sub
2248 3236 2304 3277 ent·

1510 3306 1586 3377 bigtta
1601 3309 1773 3376 generalitate
1784 3310 1993 3366 conttttcntoratl

1545 3396 1658 3454 utruv
1673 3398 1729 3453 XL.
1744 3429 1781 3439 -
1793 3400 1838 3455 ll.
1854 3400 1918 3456 ltetn
1936 3401 1962 3455 in
1977 3402 2072 3456 eodem
2094 3401 2162 3457 libro
2176 3402 2210 3457 ad
2222 3404 2303 3475 t'irgl·

1509 3503 1571 3543 nent
1585 3503 1708 3557 sacrant,
1724 3490 1795 3545 unde
1804 3490 1860 3559 jam
1872 3491 1952 3547 etiam
1968 3507 2047 3562 supra
2060 3491 2245 3560 disseruimus,
2259 3496 2306 3551 ubi

1509 3579 1546 3632 ait
1558 3596 1565 3630 :
1580 3579 1697 3634 ‹Subditi
1707 3580 1790 3634 simus
1800 3581 1865 3646 Deo,
1877 3582 1987 3652 ejusqne
1996 3582 2119 3639 laciendo
2128 3584 2306 3655 volutantem,

1509 3668 1625 3724 divinam
1639 3685 1788 3725 mereamur
1800 3673 1922 3741 gratiam,
1937 3682 1963 3727 et
1979 3673 2084 3729 lacilius
2096 3690 2209 3746 nequam
2224 3677 2308 3747 spiri·

1510 3761 1559 3825 tui,
1576 3760 1661 3815 sancti
1676 3761 1792 3831 Spiritus
1812 3764 1921 3830 auxilio,
1946 3766 2137 3822 resistamus.»
2160 3766 2188 3820 ht
2210 3768 2309 3838 qtttbus

1510 3851 1568 3921 ejus
1580 3851 1669 3907 verbis
1683 3860 1755 3908 certe
1769 3851 1938 3909 ntanilestum
1952 3863 2003 3920 est,
2027 3856 2062 3910 ιιι
2081 3871 2142 3911 enat
2166 3858 2234 3914 velle
2256 3874 2308 3915 nos

1510 3943 1629 4014 atljuvari
1650 3946 1733 4014 gratia
1758 3944 1873 4015 Spiritus
1898 3949 1993 4011 sancti,
2014 3963 2068 4003 non
2094 3949 2156 4019 quia
2179 3949 2237 4007 sine
2261 3951 2310 4008 illo

1510 4034 1590 4088 ctiant
1602 4049 1649 4103 per
1663 4036 1747 4090 solam
1763 4044 1864 4091 natura·
1879 4038 2081 4108 passibilitatem
2095 4055 2149 4095 nott
2164 4056 2309 4111 possumus

1512 4127 1638 4182 resistere
1653 4127 1776 4182 tentatori
1788 4169 1795 4193 ,
1808 4129 1857 4184 sed
1871 4137 1901 4183 ut
1923 4128 2025 4186 lucilius
2039 4131 2205 4187 resistamus.
2228 4132 2308 4202 Quod

1512 4227 1600 4271 tanten
1613 4217 1804 4288 attalecunttpue
1816 4227 1843 4274 et
1852 4221 2121 4293 quantulumcumque
2131 4223 2305 4293 adjutorium,

1511 4324 1572 4363 etun
1585 4308 1713 4365 credibile
1727 4319 1769 4365 est
1783 4312 1808 4365 in
1824 4311 1874 4367 hoe
1889 4314 2062 4380 constituere,
2077 4315 2149 4383 quod
2164 4315 2243 4371 nobis
2258 4314 2307 4372 ad·

1510 4400 1582 4455 ditur
1595 4400 1705 4456 scientia
1721 4401 1855 4458 revelante
1869 4401 1969 4474 Spiritu
1990 4419 2036 4473 per
2049 4406 2210 4468 doctrinam,
2225 4422 2307 4476 quatu

1511 4491 1553 4546 vel
1568 4506 1620 4546 uon
1633 4507 1786 4563 possumus,
1801 4494 1843 4549 vel
1858 4493 1964 4549 dillieile
1976 4495 2073 4552 habere
2094 4511 2236 4566 possumus
2251 4512 2302 4567 per

1513 4587 1646 4640 naturam.
1664 4582 1714 4636 lsta
1736 4591 1799 4638 suut
1818 4600 1878 4653 quat
1899 4583 1927 4640 ia
1945 4585 2030 4648 libro,
2053 4602 2133 4657 quem
2153 4588 2260 4658 scripsit
2272 4587 2306 4645 ad

1512 4673 1641 4742 virginem
1662 4671 1771 4741 Christi,
1795 4675 1934 4732 advertere
1957 4678 2040 4747 patui,
2062 4679 2107 4735 ubi
2120 4680 2225 4737 ridetur
2243 4697 2306 4752 grt-

1513 4762 1577 4818 tiam
1590 4763 1711 4830 eoullteri
1725 4781 1732 4819 ι
1747 4780 1807 4838 ιιι
1819 4766 1939 4837 prolecto
1952 4769 2039 4839 qualia
2053 4771 2123 4837 siut,
2139 4772 2230 4842 utique
2243 4789 2306 4829 cer-

1512 4854 1586 4910 aitis.

1548 4944 1660 5003 catur
1669 4946 1832 5004 XLl-lb.
1846 4949 1984 5020 «Legem,
2001 4971 2010 5005 t
2028 4952 2127 5022 inquit,
2143 4956 2247 5010 tetiam
2265 4972 2307 5012 re·

1512 5049 1577 5095 ecus
1589 5052 1679 5093 meum
1690 5038 1864 5108 opusculum,
1885 5039 1956 5110 (prod
1969 5055 2018 5111 pro
2037 5039 2134 5099 Littera
2156 5059 2242 5114 nuper
2255 5048 2308 5100 Ar·

1513 5126 1592 5183 bitrio
1612 5128 1693 5185 edere
1713 5130 1844 5198 compulsi
1866 5145 1976 5197 sumum
2009 5141 2036 5187 et
2057 5145 2201 5202 agnoscent
2227 5128 2327 5206 quam¹

1514 5220 1602 5289 inique
1622 5234 1671 5274 nos
1689 5220 1831 5290 negatione
1843 5220 1936 5290 gratiae
1950 5221 2079 5276 ialamare
2092 5222 2249 5292 gestierint,
2263 5226 2308 5296 aui

1515 5328 1561 5382 per
1573 5320 1656 5367 totum
1676 5327 1745 5381 pene
1760 5312 1843 5381 ipsius
1864 5320 1964 5367 textum
1979 5314 2068 5382 operis
2089 5313 2207 5384 perlecta
2229 5325 2309 5388 atque

1515 5402 1617 5472 integre
1630 5409 1658 5455 et
1671 5401 1783 5456 liberum
1798 5401 1936 5457 arbitrium
1949 5404 2107 5461 conlitetuur
2119 5414 2148 5459 et
2156 5407 2279 5475 gratiam.
2296 5425 2307 5461 t

1514 5492 1635 5559 Quatuor
1648 5501 1710 5547 sunt
1721 5491 1784 5547 libri
1794 5493 1883 5563 operis
1896 5492 1985 5564 hujus,
1998 5504 2026 5550 et
2036 5494 2084 5551 hes
2095 5495 2157 5566 legi,
2172 5506 2200 5554 et
2212 5513 2244 5553 ex
2259 5498 2313 5555 this

1514 5585 1615 5654 sumpsi
1630 5600 1689 5655 quae
1704 5585 1841 5639 tractanda
1854 5593 1883 5639 et
1894 5585 2060 5642 discutienda
2079 5589 2225 5657 proposui,
2241 5600 2268 5644 et
2283 5597 2314 5651 ιι

1515 5674 1588 5744 patui
1604 5674 1773 5743 pertractavi,
1787 5681 1928 5744 antequam
1942 5675 1976 5730 ad
1989 5677 2047 5746 ejus
2062 5677 2110 5731 has
2124 5677 2238 5746 litteras,
2252 5695 2314 5750 ιιι

1516 5765 1627 5820 Romam
1652 5765 1741 5820 missas
1763 5775 1842 5833 sunt,
1868 5768 2027 5823 veniremus.
2049 5768 2101 5824 Sed
2123 5770 2148 5823 in
2171 5772 2213 5826 his
2231 5771 2316 5829 etiam

1516 5868 1629 5930 attatuor
1640 5859 1715 5915 libris
1736 5875 1911 5932 quacumque
1931 5874 1980 5931 pro
1992 5862 2076 5933 gratia
2090 5861 2197 5918 videtur
2209 5864 2315 5931 dicere,

1517 5967 1566 6023 qua
1578 5952 1702 6023 juvamur
1721 5960 1750 6007 ut
1768 5953 1933 6010 declinemus
1948 5969 1962 6008 ι
1977 5954 2048 6009 malo
2064 5953 2217 6026 bonumque
2231 5954 2316 6013 lacia-

1517 6058 1587 6109 mus,
1600 6046 1635 6098 ita
1647 6043 1720 6107 dicit,
1737 6052 1766 6098 ut
1777 6045 1851 6100 nullo
1864 6045 1943 6100 modo
1957 6060 1971 6100 a
1985 6044 2126 6100 verborum
2139 6045 2318 6117 ambiguitate

1518 6133 1645 6201 discedat,
1659 6151 1737 6206 auam
1753 6137 1889 6207 discipulis
1904 6138 1942 6193 sic
1957 6137 2039 6208 possit
2052 6152 2197 6208 exponere,
2212 6145 2243 6194 ιι
2255 6136 2318 6196 nat·

1520 6227 1573 6283 lum
1586 6229 1710 6284 auxilium
1724 6232 1815 6301 gratiae
1829 6231 1949 6299 credant,
1965 6247 2017 6302 qna
2031 6241 2134 6286 naturae
2149 6229 2317 6302 perstamus

1520 6321 1667 6390 atljttrctur,
1687 6320 1737 6377 nisi
1762 6323 1788 6378 iu
1810 6323 1868 6395 lege
1882 6334 1962 6394 atrpte
1979 6324 2099 6379 doctrina
2116 6341 2123 6375 t
2139 6323 2174 6377 ιιι
2191 6332 2220 6378 ιιι
2242 6322 2316 6393 ipsas
