5592 7350
605 924 638 978 ῃ
1087 927 1092 938 .
1319 914 1514 972 altarino.
2205 926 2241 982 aa

604 1035 844 1097 stinoilomanc
863 1031 1023 1111 pontillce,
1039 1030 1072 1090 in
1091 1030 1208 1092 Urbem
1227 1045 1314 1091 anno
1335 1029 1653 1109 quadringentesimo
1674 1029 1829 1108 vigesimo
1848 1036 1965 1109 quarto
1985 1040 2041 1094 aut
2060 1036 2158 1111 paulo
2179 1056 2240 1098 se-

588 1116 672 1176 ·rius
683 1113 779 1253 vyyrit,
794 1111 989 1250 audi3enliam
998 1110 1179 1189 postulans,
1193 1107 1277 1169 baud
1286 1107 1429 1170 aliterue
1439 1108 1465 1170 si
1477 1125 1576 1171 causa
1588 1107 1658 1189 ejus
1668 1108 1810 1170 nonduin
1820 1110 2237 1196 luissctdisceplalaHnJra,

603 1196 628 1255 Λ
676 1213 689 1252 a
737 1237 744 1250 .
782 1199 848 1251 arte
898 1234 905 1249 .

630 1211 722 1332 pCpum
736 1210 843 1332 aglom
858 1190 968 1348 glatire
983 1267 1103 1329 inimici
1117 1284 1182 1326 non
1194 1263 1379 1327 desinerent
1393 1264 1529 1327 l'remere
1546 1265 1585 1327 ad
1602 1265 1751 1326 dominici
1766 1268 1871 1347 gregis
1887 1269 2121 1346 caulas,¹alque
2137 1273 2177 1335 ad
2193 1275 2237 1333 di-

604 1350 765 1428 ripiendas
780 1347 897 1409 Christi
913 1365 988 1408 oves
1009 1346 1113 1407 aditus
1136 1345 1360 1421 undecumque
1385 1344 1514 1417 rimari;
1544 1344 1681 1406 faciebat
1705 1346 1904 1423 Augustinus
1930 1349 2084 1425 quidquid
2108 1369 2166 1427 pro
2188 1355 2238 1413 sui

603 1434 694 1537 parte
707 1427 847 1488 muneris
862 1432 996 1504 poterat,
1012 1430 1049 1485 ut
1063 1442 1176 1485 eorum
1188 1424 1310 1485 rabiem
1326 1424 1375 1484 vel
1387 1422 1520 1486 omnino
1537 1428 1679 1494 sanaret,
1700 1423 1784 1485 vela
1806 1425 1957 1487 laedendis
1977 1427 2049 1487 aliis
2070 1430 2239 1506 repelleret

603 1507 720 1587 ,infra
736 1514 848 1567 contro
862 1505 939 1566 deins
953 1503 1117 1582 Epistolar
1132 1502 1383 1594 Pelayianornm‚
1395 1501 1451 1563 lib.
1475 1502 1544 1573 l,n.
1560 1501 1604 1579 Ξ).
1620 1502 1823 1580 Quapropter
1845 1504 2096 1583 haudquaquam
2117 1509 2193 1568 salis
2210 1511 2239 1569 ei

602 1585 672 1657 luit,
687 1585 846 1661 excerptis
860 1602 900 1644 ex
912 1583 1031 1645 iuliani
1047 1599 1145 1660 opere
1158 1582 1219 1642 sibi
1234 1580 1338 1640 missis
1354 1581 1438 1642 libro
1452 1580 1491 1642 ad
1505 1581 1669 1641 Valerium
1686 1582 1863 1657 posteriore
1876 1584 2099 1661 respondisse:
2115 1587 2168 1646 sed
2180 1606 2243 1663 po-

601 1670 670 1725 stea
686 1664 844 1742 integrum
861 1662 948 1722 illius
959 1680 1040 1739 opus
1052 1659 1207 1722 benelicio
1224 1660 1347 1721 Claudii
1363 1659 1504 1738 episcopi
1522 1665 1647 1729 nactus,
1661 1676 1779 1721 novam
1796 1661 2040 1740 plenioremque
2055 1663 2156 1724 eidem
2171 1685 2237 1726 res·

601 1744 791 1821 pousionem
804 1742 898 1802 cdere
909 1741 1051 1801 animum
1063 1739 1200 1799 induxit.
1211 1738 1245 1799 ld
1256 1738 1384 1799 aliunde
1396 1739 1516 1800 laboris
1529 1739 1711 1799 necessario
1722 1739 1961 1817 suscipiendum
1970 1741 2149 1815 videbatur;
2161 1747 2238 1821 quia

600 1821 784 1899 diligentius
802 1822 944 1897 inspecto
962 1818 1082 1879 tuliani
1098 1835 1195 1895 opere
1214 1817 1479 1894 deprehenderat,
1506 1823 1657 1895 excerpta
1683 1836 1755 1894 quai
1781 1818 1843 1878 sihi
1868 1819 1998 1879 miserat
2021 1821 2183 1894 Valerius,
2206 1826 2237 1882 in

602 1900 766 1961 nonnullis
782 1898 964 1976 discrepare
984 1900 1025 1958 ab
1039 1896 1268 1975 autographo:
1297 1895 1382 1957 unde
1406 1895 1521 1957 merito
1540 1897 1724 1959 verebatur.
1742 1916 1781 1956 ne
1806 1897 1911 1973 ipsum
1940 1900 1988 1957 vel
2006 1899 2168 1972 lulianus,
2189 1903 2237 1961 iel

602 1978 686 2039 alius
699 1979 859 2056 quispiam
872 1977 910 2038 ad
920 1993 958 2037 ea
968 1976 1212 2053 responsionem
1226 1993 1300 2035 cum
1310 1992 1408 2051 opere
1421 1974 1491 2051 ipso
1502 1991 1703 2051 comparans,
1717 1975 1901 2050 imposturae
1910 1993 2000 2037 rcum
2012 1985 2138 2057 ageret:
2152 1981 2237 2057 quod

600 2057 708 2134 reipsa
725 2058 847 2118 crimen
861 2061 972 2116 sancto
988 2054 1115 2115 Doctori
1137 2053 1384 2131 injuriosissime
1395 2052 1572 2131 impingere
1585 2070 1649 2113 non
1665 2053 1772 2113 omisit
1788 2054 2004 2116 adversarius.

640 2138 781 2196 Alteram
800 2137 883 2197 hanc
894 2133 1013 2194 iuliani
1025 2133 1250 2194 refutationem
1263 2150 1337 2193 cum
1352 2132 1552 2210 Augustinus
1566 2131 1712 2209 proxime
1723 2137 1796 2209 post
1814 2138 1957 2209 quatuor
1979 2151 2056 2195 suos
2075 2136 2174 2196 libros
2197 2138 2235 2198 ad

599 2215 798 2276 llonilacium
815 2217 923 2291 ponat,
939 2213 1013 2273 hinc
1030 2229 1101 2273 eam
1113 2229 1199 2273 anno
1210 2211 1528 2289 quadringentesimo
1543 2211 1697 2300 vigesimo
1721 2211 1825 2287 primo
1840 2218 1896 2272 aut
1920 2214 2017 2288 paulo
2032 2219 2105 2291 post
2119 2215 2237 2275 editam

599 2294 761 2354 affirmare
776 2294 859 2353 licet.
876 2293 912 2352 ln
928 2308 965 2353 ea
976 2291 1163 2370 Hieronymi
1179 2290 1323 2351 meminit
1334 2295 1490 2366 tanquam
1502 2290 1568 2349 vita
1577 2307 1643 2366 Jam
1655 2288 1754 2348 iuncti
1767 2308 1775 2347 ε
1788 2289 1871 2349 unde
1881 2291 1964 2351 sicut
1977 2291 2058 2351 nihil
2073 2310 2179 2354 causae
2190 2297 2237 2353 vi-

598 2371 724 2445 demus,
740 2389 799 2432 cun
812 2372 899 2432 illam
913 2370 1014 2430 multo
1027 2370 1129 2430 serius
1146 2386 1232 2431 anno
1247 2369 1395 2445 praesenti
1420 2368 1626 2436 collocemus,
1654 2367 1699 2428 ita
1724 2372 1850 2429 constat
1864 2369 1959 2429 etiam
1983 2371 2076 2430 citius
2103 2373 2236 2432 ornninn

599 2452 696 2513 statui
711 2468 777 2510 non
792 2468 898 2528 posse,
919 2467 991 2510 cum
1013 2465 1100 2509 anno
1121 2452 1245 2509 tantum
1269 2446 1586 2525 quadringentesimo
1609 2446 1775 2523 vigesimo,
1789 2445 1839 2507 die
1857 2448 2022 2527 trigesima
2046 2452 2235 2526 septembris

599 2530 716 2591 obierit
731 2530 957 2607 Hieronymus.
973 2528 1135 2600 Quantum
1149 2543 1247 2602 porro
1257 2526 1366 2597 studii,
1381 2529 1538 2601 quantum
1551 2523 1722 2601 diligentiae
1735 2529 1766 2585 et
1777 2524 1898 2586 laboris
1914 2527 1964 2587 hic
1974 2527 2154 2590 adhibuerit
2170 2531 2237 2590 llu-

514 2623 516 2628 ’
622 2609 762 2678 ustinus,
777 2625 840 2667 non
855 2609 992 2667 obscure
1004 2606 1072 2682 ipsc
1094 2604 1234 2676 indicat,
1252 2621 1328 2682 opus
1341 2602 1425 2664 istud
1448 2620 1543 2663 suum
1570 2611 1691 2663 tantiam
1715 2610 1835 2682 lanaque
1862 2604 2054 2666 elaboratum
2068 2609 2235 2684 appellans

599 2626 749 2764 gilstrart.
762 2684 816 2747 lib.
830 2685 861 2757 2,
876 2704 944 2763 cap.
958 2684 1093 2764 62).Nec
1107 2683 1265 2745 immerito
1281 2700 1358 2743 sane
1372 2682 1433 2743 hac
1445 2682 1562 2759 aliquis
1574 2683 1742 2742 occasione
1754 2685 1952 2758 pronuntiat.
1965 2691 2110 2746 sanctum
2121 2688 2236 2748 Docto-

601 2783 679 2836 rem,
696 2767 752 2842 qui
768 2766 801 2825 in
817 2765 939 2825 caeteris
953 2766 995 2824 ab
1009 2781 1044 2824 se
1058 2762 1212 2823 adversus
1223 2761 1414 2840 Pelagianos
1430 2760 1521 2821 editis
1539 2761 1629 2821 libris
1647 2761 1804 2822 mirabilis
1817 2767 1877 2837 est,
1904 2764 1937 2823 in
1964 2764 2026 2825 boc
2040 2778 2137 2843 opere
2154 2784 2236 2844 pene

598 2843 741 2905 divinum
756 2859 912 2920 apparere
928 2842 1101 2920 (llenricns
1112 2839 1144 2901 N
1147 2842 1223 2907 aris,
1238 2839 1387 2900 Historia
1397 2838 1578 2916 Pelopiam,
1594 2837 1648 2900 lib.
1665 2839 1694 2910 1,
1712 2858 1781 2917 cap.
1792 2840 1855 2920 21).

637 2921 799 2998 Principio
819 2920 1003 2999 protitetur,
1026 2918 1171 2981 convicia
1186 2923 1217 2980 et
1232 2919 1369 2995 probra,
1390 2935 1464 2995 quic
1478 2918 1510 2976 in
1531 2918 1636 2995 ipsum
1651 2918 1800 2980 lulianus
1821 2923 2033 2998 congerebat,
2050 2922 2135 2983 haud
2156 2939 2175 2983 a
2199 2942 2234 2984 se

598 3000 771 3071 contemni,
785 3005 940 3077 tauquam
955 2998 994 3060 ad
1009 3017 1043 3059 sc
1064 2998 1146 3057 nibil
1155 2998 1376 3135 pertinerent:
1390 2995 1520 3074 quando
1534 2996 1607 3057 inde
1622 2996 1682 3056 sibi
1704 3001 1735 3058 et
1755 2997 1871 3059 laetitia
1887 3003 1920 3059 et
1937 3002 2082 3061 mieroris
2098 3003 2234 3064 materia

598 3094 715 3159 magna
729 3079 940 3155 praeberetun
960 3076 1076 3139 laetitiae
1096 3076 1152 3154 qui
1176 3094 1245 3149 em,
1263 3079 1395 3153 propter
1415 3076 1546 3135 uberem
1569 3075 1656 3135 illam
1671 3093 1770 3152 quam
1783 3076 1816 3136 in
1832 3078 1919 3138 coelis
1935 3081 2084 3155 sperabat
2105 3097 2236 3140 merce-

597 3157 686 3230 dem;
706 3158 852 3217 moeroris
874 3161 998 3228 autem,
1014 3156 1116 3233 ipsius
1130 3155 1249 3216 iuliani
1273 3170 1392 3225 causa,
1416 3170 1514 3231 quem
1529 3171 1593 3214 non
1617 3158 1743 3232 poterat
1764 3155 1994 3234 condiligere,
2021 3158 2175 3235 quidquid
2200 3159 2233 3218 in

597 3235 703 3314 ipsum
726 3235 780 3295 illo
793 3235 912 3297 diceret
925 3233 1050 3373 (layca,
1065 3242 1177 3296 contra
1190 3232 1367 3299 Iulianum,
1384 3230 1439 3293 lib.
1456 3232 1485 3304 1,
1501 3250 1534 3291 a.
1553 3231 1617 3307 35).
1632 3232 1712 3294 Cum
1727 3251 1803 3293 vero
1819 3234 1967 3295 lulianus
1982 3237 2104 3313 eosqui
2118 3254 2235 3313 pecca-

598 3318 666 3375 tum
689 3314 848 3392 originale
870 3330 978 3375 assore
1002 3318 1075 3385 ant,
1099 3312 1350 3373 Manichaeorum
1376 3312 1618 3387 nuncupatione
1638 3311 1796 3382 alliceret:
1823 3313 1856 3372 in
1874 3314 2069 3374 clarissimos
2085 3332 2234 3392 quosque

597 3393 726 3455 Patrum
744 3398 808 3454 tam
824 3409 1022 3471 graccorum,
1039 3408 1137 3469 quam
1152 3391 1327 3452 latinorum
1345 3390 1428 3450 hauc
1440 3390 1581 3450 recidere
1594 3390 1849 3451 criminationem
1863 3393 1999 3452 ostendit
2014 3394 2233 3471 augustinum

597 3489 735 3550 eamque
754 3472 849 3533 habet
865 3471 959 3549 primi
975 3471 1047 3531 libri
1064 3487 1137 3547 pars
1156 3469 1259 3547 prima
1278 3469 1457 3530 materiam.
1474 3470 1583 3529 Altera
1599 3484 1674 3546 pars
1690 3469 1722 3528 in
1739 3470 1800 3530 hoc
1813 3477 1972 3541 versatur,
1989 3476 2024 3531 ut
2038 3472 2232 3534 Manichacus

597 3550 775 3613 temerariis
791 3551 915 3628 aliquot
932 3549 1101 3626 ipsiusmet
1114 3548 1233 3608 tuliani
1255 3546 1346 3607 dictis
1360 3547 1536 3624 plurimum
1557 3546 1702 3625 adjuvari
1718 3547 1923 3610 demonstret.
1942 3551 1978 3611 ln
1995 3551 2135 3610 secundo
2149 3550 2234 3612 libro

598 3629 788 3707 Pelagianas
805 3629 950 3706 quinque
972 3632 1083 3693 contra
1106 3626 1264 3706 originale
1279 3630 1445 3704 peccalum
1464 3628 1760 3705 argumentationes
1776 3628 1927 3689 convellit
1943 3630 2134 3692 auctoritate
2149 3647 2235 3708 prie-

596 3708 776 3769 cedentium
791 3707 942 3768 Ecclesiae
955 3706 1132 3777 doctorum,
1149 3706 1373 3797 episcoporum
1389 3704 1536 3767 videlicet
1550 3706 1763 3767 illustriorum
1778 3707 1899 3779 decem,
1913 3709 2044 3777 lrenaei,
2061 3708 2233 3788 Cypriani,
2271 3709 2276 3721 '

597 3786 719 3859 lletieii,
731 3786 881 3867 Olympii,
894 3786 1020 3857 Hilarii,
1035 3783 1181 3864 Gregorii
1193 3785 1399 3852 Nazianzeni‚
1412 3784 1585 3853 Ambrosii,
1598 3785 1718 3854 Basilii,
1729 3786 1862 3847 loannis
1873 3786 2233 3865 Constantinopolitani,

596 3868 629 3925 et
646 3864 1009 3943 innocentiiradjuncto
1028 3880 1160 3942 quoque
1180 3863 1364 3923 testimonio
1388 3862 1567 3942 presbyteri
1589 3863 1793 3942 Hieronymi,
1819 3866 1879 3925 viri
1900 3867 2002 3926 sancti
2023 3872 2052 3927 el
2077 3885 2234 3944 perquam

596 3943 724 4004 cruditi.
744 3943 888 4021 Cumque
904 3944 1003 4021 probe
1015 3943 1110 4004 sciret
1129 3941 1210 4002 nihil
1224 3941 1338 4003 leontis
1354 3942 1474 4003 babere
1495 3941 1728 4011 adversarium,
1746 3943 1801 4018 qui
1819 3943 1902 4004 lraud
1923 3945 2018 4005 dubie
2033 3945 2104 4006 illos
2120 3964 2233 4007 onures

596 4022 822 4083 celeberrimos
840 4023 924 4083 viros
946 4021 1058 4082 eodem
1078 4021 1226 4081 simililer
1246 4038 1355 4082 errore
1375 4025 1486 4099 captos
1504 4021 1611 4082 dicere
1629 4039 1693 4081 non
1716 4023 1935 4095 erubescerct3
1965 4024 2081 4084 idcirco
2096 4025 2233 4102 singulis

597 4100 683 4162 illius
699 4106 840 4179 quatuor
854 4101 944 4161 libris
960 4099 1108 4176 deinceps
1124 4099 1269 4177 singulos
1289 4100 1420 4160 totidem
1437 4116 1513 4160 suos
1533 4100 1684 4176 opponit,
1707 4100 1789 4161 dicta
1811 4100 1897 4161 illius
1920 4103 2029 4164 omnia
2047 4105 2233 4173 excutiens,

597 4179 636 4241 tis
651 4183 776 4241 tantum
791 4179 1031 4258 pretermissis,
1057 4196 1129 4256 quae
1143 4177 1262 4238 nodum
1285 4178 1473 4256 quaestionis
1494 4178 1618 4238 nullum
1643 4178 1810 4240 haberent.
1829 4180 1873 4240 hc
1889 4181 1981 4241 tertio
2003 4180 2131 4257 quidem
2152 4181 2234 4241 libro

598 4260 712 4334 probat
725 4259 912 4335 praesertim,
926 4257 1042 4318 malam
1056 4275 1127 4319 esse
1139 4256 1445 4335 concupiscentiam,
1456 4257 1603 4335 quamvis
1614 4258 1705 4318 bonae
1717 4257 1780 4318 sint
1790 4259 1910 4336 nuptiae
1921 4259 2055 4320 ctaDeo
2068 4260 2233 4321 institutae.

581 4337 657 4407 „lllo
671 4337 760 4398 malo
775 4339 856 4397 bene
868 4337 915 4397 uti
929 4336 1061 4414 pudicos
1076 4335 1245 4415 con‘uges,
1263 4336 1377 4397 melius
1394 4352 1459 4396 non
1473 4336 1519 4395 uti
1537 4335 1737 4397 continentes
1752 4335 1873 4398 fideles.
1891 4339 1939 4397 Ab
1954 4337 2015 4397 hoc
2033 4339 2122 4399 malo
2139 4339 2235 4417 longo

596 4415 760 4477 diversum
775 4433 846 4476 esse
869 4414 898 4473 id
922 4414 1009 4492 quod
1025 4355 1220 4475 Manichacus
1235 4430 1276 4474 ex
1291 4415 1393 4476 altera
1411 4415 1591 4475 substantia
1611 4414 1751 4492 quadam
1770 4415 1837 4475 Deo
1858 4425 2015 4478 coeterna
2039 4417 2234 4494 permixtum

598 4496 691 4557 nobis
706 4494 864 4555 deliravit.
883 4493 918 4553 ln
934 4496 1051 4569 quarto
1071 4491 1162 4553 docet
1181 4492 1315 4553 virtutes
1338 4492 1515 4554 infidelium
1529 4508 1623 4553 veras
1640 4509 1705 4552 non
1719 4511 1790 4554 esse
1803 4513 1810 4552 :
1822 4500 1920 4572 atque
1942 4495 2026 4556 inter
2045 4496 2109 4557 alia
2128 4495 2234 4556 obiter

597 4572 735 4635 ostendit
748 4571 910 4650 quomodo
924 4572 1028 4651 gratia
1041 4588 1106 4631 non
1121 4570 1295 4631 secundum
1318 4571 1432 4634 merita
1449 4570 1560 4642 detur,
1583 4588 1642 4632 nec
1664 4576 1770 4633 tamen
1786 4573 1820 4632 in
1835 4573 1934 4633 latum
1948 4574 1989 4634 sit
2002 4573 2180 4635 reserenda.
2198 4575 2235 4635 lu

597 4651 711 4728 quinto
726 4652 890 4722 observat,
905 4650 1141 4711 multitudinem
1156 4649 1366 4710 christianam
1381 4649 1475 4720 sciro,
1491 4650 1614 4727 peccati
1626 4651 1741 4710 merito
1752 4650 1821 4713 lieri
1836 4658 1874 4711 ut
1886 4652 1994 4731 imago
2006 4653 2063 4713 Dei
2081 4656 2113 4713 et
2126 4657 2234 4713 tantos

597 4729 650 4791 hic
664 4731 696 4790 in
713 4731 855 4808 parvulis
871 4731 1012 4808 patiatur
1026 4729 1199 4801 cruciatus,
1217 4734 1249 4790 et
1263 4728 1289 4789 si
1300 4729 1424 4806 absque
1435 4728 1599 4806 Baptismo
1614 4729 1709 4789 iidem
1722 4729 1893 4803 intereant,
1907 4747 1926 4791 a
1939 4748 2040 4809 regno
2053 4732 2111 4790 ilci
2124 4734 2236 4792 exclu-

596 4809 726 4870 dantur.
742 4809 862 4870 Deinde
884 4811 997 4887 probat
1018 4809 1215 4887 perizomata
1230 4824 1249 4869 a
1264 4808 1452 4886 parentibus
1472 4807 1583 4887 primis
1603 4808 1645 4868 ab
1666 4807 1821 4886 pudorem
1840 4827 1881 4869 ex
1903 4816 2033 4887 peceato
2051 4811 2235 4871 venientem

596 4893 774 4966 assumpta.
790 4889 957 4950 Peccatum
971 4887 1179 4965 praecedentis
1196 4886 1318 4965 peccati
1332 4903 1460 4963 poenam
1478 4903 1549 4947 esse
1568 4903 1674 4965 posse.
1694 4887 1743 4948 Ex
1758 4887 1868 4949 eadem
1888 4904 1997 4951 massa
2019 4889 2235 4951 damnationis

596 4965 679 5027 alios
694 4983 765 5027 esse
779 4966 878 5044 gratis
894 4967 1023 5038 electos,
1039 4967 1120 5026 alios
1134 4983 1212 5026 vasa
1225 4966 1282 5027 irai
1296 4964 1408 5026 tactos.
1422 4964 1722 5042 Concupiscentiam
1737 4983 1865 5044 semper
1878 4985 1949 5029 esse
1962 4967 2098 5039 malam,
2120 4968 2154 5027 in
2171 4969 2236 5030 illis

597 5044 693 5111 etiam
709 5043 763 5122 qui
779 5045 807 5105 ei
824 5061 889 5103 non
904 5045 1120 5106 consentiunt.
1136 5044 1256 5104 Verum
1271 5044 1340 5104 sine
1354 5045 1527 5105 concubitu
1543 5061 1615 5104 esse
1634 5044 1831 5123 conjugium.
1847 5043 1983 5106 Carnem
1998 5045 2115 5107 Christi
2133 5063 2238 5108 acae-

596 5127 740 5184 terorum
760 5122 925 5182 hominum
950 5139 1046 5184 carne
1067 5123 1186 5200 peccati
1211 5121 1354 5194 ditierre,
1377 5126 1438 5184 ctc.
1460 5122 1496 5182 ln
1512 5127 1603 5183 sexto
1618 5122 1701 5183 libro
1716 5128 1881 5200 peecatum
1904 5125 2062 5203 originale
2078 5131 2237 5187 monstrat

597 5219 639 5262 ex
653 5202 815 5280 baptismo
827 5201 1049 5280 parvulorum,
1065 5219 1107 5262 ex
1121 5201 1228 5262 verbis
1244 5201 1401 5278 Apostoli,
1417 5219 1456 5261 ex
1475 5200 1741 5280 baptizandorum
1754 5203 1937 5264 exorcismo
1952 5208 1984 5263 et
1996 5203 2234 5265 exsulllationc.

596 5280 683 5343 Olera
704 5296 743 5342 ac
764 5280 894 5341 oleastri
917 5281 1066 5358 exemplo
1090 5282 1319 5341 convenienter
1340 5279 1516 5358 explicari,
1539 5279 1700 5356 quomodo
1722 5298 1763 5342 cx
1786 5283 1973 5360 parentibus
1989 5284 2187 5362 regeneratis
2205 5287 2237 5344 et

595 5361 690 5440 justis
711 5362 887 5421 nascantur
910 5358 966 5418 tilii
989 5362 1173 5435 peccatores
1193 5364 1224 5420 ct
1245 5358 1467 5438 regenerandi.
1485 5359 1652 5420 Peccatum
1675 5360 1834 5439 originale
1857 5361 1890 5421 in
1913 5361 2025 5439 primis
2047 5362 2236 5439 parentibus

598 5439 827 5509 voluntarium,
842 5454 880 5499 ac
891 5439 983 5499 nobis
994 5438 1123 5517 quidem
1133 5437 1275 5500 alienum
1285 5439 1478 5516 proprietate
1493 5436 1646 5514 actionis,
1667 5444 1813 5500 nostrum
1837 5444 1943 5501 tamen
1957 5457 2028 5500 esse
2042 5442 2236 5519 contagione

621 5535 656 5578 ro
680 5535 698 5579 a
722 5517 797 5582 inis..
813 5521 873 5577 elo.
1200 5529 1240 5563 ‘-

597 5537 617 5597 p
637 5536 721 5658 Hlirig
734 5595 824 5673 operi
842 5612 904 5657 suo
919 5596 1066 5675 proxime
1080 5595 1246 5676 subjungit
1260 5595 1469 5658 Enchiridion
1484 5596 1523 5657 ad
1545 5597 1772 5669 Laurentium,
1788 5601 2010 5674 postmortem
2026 5596 2236 5676 Hieronymi,
2253 5594 2255 5596 ’

596 5693 695 5756 quem
710 5674 753 5736 ibi
768 5676 871 5736 heatae
883 5675 1046 5736 memoriae
1058 5680 1196 5736 exornat
1214 5675 1338 5753 elogio,
1362 5691 1381 5737 a
1395 5693 1430 5737 se
1443 5676 1657 5751 compositum
1669 5695 1677 5734 ε
1689 5675 1782 5756 cujus
1801 5676 1874 5736 libri
1888 5676 2035 5753 quamvis
2052 5677 2239 5754 generalio-

596 5772 662 5817 rem
679 5753 807 5815 titulum
826 5754 869 5814 Dc
886 5754 978 5823 Fide,
994 5755 1073 5833 Spe,
1090 5762 1118 5814 et
1132 5753 1306 5822 charitati,
1320 5772 1391 5816 essa
1408 5754 1561 5829 voluerit3
1583 5755 1616 5814 in
1641 5754 1793 5816 tradenda
1808 5760 1915 5817 tamen
1930 5755 2039 5834 gratiae
2053 5754 2238 5817 christianae

596 5833 743 5896 doctrina
756 5833 930 5896 maximam
944 5838 1067 5912 partem
1081 5833 1244 5912 impendit.

599 5913 715 5976 xxiv.
731 5911 897 5990 Pelagiani
909 5932 995 5974 emsa
1016 5921 1131 5974 conatu
1146 5911 1310 5973 orientales
1332 5909 1494 5973 Ecclesiae
1506 5918 1686 5991 pertentant
1712 5911 1860 5991 Pelagine
1876 5913 1909 5974 in
1923 5912 2028 5991 Syria.
2044 5919 2072 5972 et
2086 5911 2238 5973 Julianus

749 5993 784 6053 in
798 5991 924 6061 Cilicia,
940 5993 1139 6053 decernantur.
1155 5992 1296 6068 Quanam
1308 5990 1437 6072 {octiosi
1448 5989 1548 6052 adhue
1563 5991 1597 6052 in
1610 5990 1717 6050 herren
1729 5993 1904 6070 pertinaces
1915 5991 2079 6052 camerini.

639 6071 790 6165 aggressi
815 6087 899 6149 saepe
922 6077 999 6132 sunt
1018 6071 1198 6149 Pelagiani,
1223 6070 1386 6132 Orientem
1410 6086 1475 6129 non
1499 6087 1592 6131 secus
1617 6073 1714 6146 atque
1734 6069 1935 6132 Occidentem
1958 6070 2061 6129 turbis
2080 6070 2234 6131 miscere:

598 6168 736 6214 riraxnue
753 6167 827 6210 vcro
852 6153 923 6227 post
937 6149 1053 6221 Zosimi
1069 6150 1240 6229 iudicium,
1256 6166 1275 6210 a
1290 6167 1356 6227 quo
1372 6165 1549 6227 provocare
1564 6147 1604 6208 ad
1622 6151 1803 6226 generalem
1819 6149 1992 6229 synodum,
2013 6166 2181 6226 nunquam
2197 6149 2235 6209 ad

597 6249 718 6292 cinnum
735 6247 838 6306 iisqne
856 6228 1207 6308 quadringentesimum
1220 6229 1419 6308 trigesimum
1431 6228 1570 6306 primum
1589 6228 1789 6289 destiterunt.
1803 6229 1973 6288 lineorum
1987 6244 2077 6305 ergo,
2090 6228 2146 6304 qui
2163 6228 2236 6288 sede

594 6310 759 6370 erlrrrbati
786 6308 928 6378 lucrant,
950 6309 1175 6386 episcoporum
1197 6325 1332 6369 suorum
1353 6323 1504 6376 numero,
1526 6306 1682 6386 quosdam
1707 6309 1823 6369 misere
1836 6306 2166 6384 Constantinopolim,
2181 6307 2235 6367 uhi

575 6387 704 6448 erraras
715 6390 775 6449 sua·
783 6387 988 6467 ainpietaiem
1002 6385 1264 6465 dissimulantes,
1288 6405 1323 6450 sc
1344 6401 1541 6472 causamque
1555 6404 1648 6450 suam
1661 6385 1741 6451 lalsa
1756 6386 1862 6469 specie
1876 6385 2094 6449 obduxerunt.
2114 6386 2238 6449 Verum

1252 6518 1264 6557 t
