5592 7350
592 856 644 912 bid

596 972 667 1026 enim
686 968 720 1024 de
737 967 815 1033 rcile,
830 981 878 1021 nee
896 963 930 1019 de
947 976 1017 1027 esse,
1039 958 1087 1015 sed
1105 955 1288 1013 tantummodo
1309 952 1340 1009 de
1357 968 1389 1007 eo

595 1059 667 1131 qarod
687 1068 775 1128 potest
797 1071 872 1120 esse,
893 1040 1070 1109 disseritur.»

628 1148 742 1205 carba
758 1145 788 1202 ι’.
802 1176 836 1186 -
850 1145 876 1200 d.
894 1144 962 1199 [icoc
979 1151 1019 1197 cst
1035 1149 1119 1195 toturn
1135 1138 1230 1207 dogma
1248 1134 1348 1205 Pelagii
1364 1134 1390 1186 in

595 1241 665 1298 libro
679 1241 737 1311 ejns
753 1237 830 1294 tertio
845 1251 893 1305 pro
906 1235 1003 1290 bibero
1018 1231 1143 1296 Arbitrio,
1159 1228 1199 1283 bis
1212 1231 1321 1282 outralno
1333 1240 1391 1280 rer-

598 1333 640 1390 bis
650 1333 790 1402 diiigenter
800 1342 966 1400 expressum,
978 1339 1030 1395 quo
1042 1324 1090 1379 tria
1105 1323 1164 1385 ista,
1178 1334 1259 1375 turriam
1270 1316 1341 1388 quoti
1351 1325 1393 1370 cst

596 1440 685 1495 posse,
700 1425 813 1479 alterum
828 1420 898 1491 qared
913 1429 954 1474 cst
968 1416 1046 1480 relic,
1063 1415 1170 1470 tertium
1185 1410 1256 1481 quod
1267 1417 1309 1463 cst
1320 1421 1390 1472 esse,

595 1515 683 1580 idest,
696 1512 914 1583 possibilitatem,
926 1509 1097 1569 voluntatem,
1110 1504 1253 1566 actionem,
1264 1505 1337 1553 tarrta
1346 1512 1393 1550 eu·

594 1601 664 1657 rasit
674 1588 1392 1669 subtilitatedistinguerc,utgarandocumqnelegimus,

595 1693 638 1748 trel
652 1692 785 1757 audimus,
798 1691 895 1745 dirimo
908 1691 999 1758 gratim
1013 1684 1172 1753 adjutorium
1187 1680 1319 1742 confiteri,
1335 1688 1364 1731 ut
1378 1692 1392 1729 a

597 1785 668 1837 rnalo
679 1782 846 1836 declinemus
859 1779 1012 1847 bonumque
1025 1776 1163 1840 briannus,
1174 1774 1230 1827 sire
1245 1773 1270 1824 in
1284 1771 1341 1841 lege
1354 1776 1394 1823 at-

596 1888 649 1945 guc
667 1872 806 1938 doctrina,
822 1870 878 1925 sive
895 1868 1008 1922 ubilibet
1025 1865 1183 1928 constituat,
1199 1863 1315 1917 sciamus
1331 1859 1394 1931 qraid

597 1964 729 2034 loquitnr3
745 1978 794 2016 nec
808 1973 946 2022 erremus,
961 1957 1038 2011 aliter
1054 1972 1114 2011 eum
1131 1951 1301 2021 intelligendo
1315 1966 1394 2021 quami

597 2055 689 2110 scirtii.
710 2054 785 2108 Scire
801 2052 898 2121 quippe
913 2049 1058 2112 debemus,
1073 2046 1144 2117 quod
1163 2060 1213 2101 nec
1231 2044 1395 2098 uoluntatem

598 2155 731 2207 nostram,
752 2157 802 2197 nec
822 2141 955 2197 actionem
973 2138 1063 2193 divino
1080 2136 1198 2206 adjurari
1217 2134 1302 2190 credit
1318 2132 1395 2187 auri-

600 2236 646 2300 lin,
662 2235 708 2290 sed
724 2234 809 2290 solam
824 2231 1027 2303 possibilitatem
1046 2229 1189 2285 voluntatis
1203 2236 1283 2298 atque
1296 2226 1393 2296 operis,

598 2341 679 2395 quam
692 2325 776 2379 solam
793 2324 820 2377 iu
834 2322 875 2377 bis
890 2322 973 2376 tribus
986 2335 1034 2375 nos
1047 2319 1146 2375 babere
1158 2318 1271 2372 aibrrnat
1284 2332 1317 2371 ex
1331 2316 1395 2379 Deo,

601 2421 727 2485 tanquam
744 2414 795 2468 boe
808 2413 842 2467 sit
858 2409 1009 2475 initimum,
1025 2409 1095 2480 quod
1112 2410 1181 2466 Deus
1196 2410 1252 2478 ipse
1267 2406 1355 2476 posuit
1370 2404 1396 2460 in

602 2514 714 2571 natura;
729 2517 825 2559 caetera
845 2519 908 2558 rero
923 2502 976 2557 duo
991 2518 1050 2573 ipram
1068 2510 1157 2555 nistra
1173 2514 1232 2554 esse
1247 2498 1346 2564 rolnit,
1361 2497 1397 2552 ita

600 2595 656 2651 sint
671 2595 757 2663 firma,
773 2603 799 2649 ct
814 2593 901 2657 sertia,
916 2602 943 2647 et
957 2592 1007 2647 sibi
1022 2591 1190 2654 sui'licientia,
1206 2598 1233 2643 tt
1246 2589 1318 2643 trullo
1331 2587 1398 2641 indi-

601 2694 682 2757 geant
700 2685 758 2756 ejus
772 2684 888 2748 aurilio;
906 2692 932 2738 et
951 2682 1011 2737 ideo
1031 2697 1083 2736 non
1101 2680 1208 2750 adiuret
1226 2687 1254 2733 ut
1268 2678 1396 2743 velimus,

600 2793 654 2833 non
668 2777 774 2848 adjuret
793 2785 822 2831 ut
840 2790 962 2847 agamus.
980 2773 1027 2829 scd
1048 2771 1230 2828 tantummodo
1245 2769 1352 2842 arljuret
1369 2771 1399 2823 ni

602 2869 670 2925 relic
680 2877 707 2924 ct
717 2883 795 2938 agere
805 2867 949 2922 talentinus.
961 2866 1059 2921 Contra
1072 2874 1160 2919 autem
1172 2863 1323 2933 Apostolus,
1336 2862 1399 2914 darn

604 2960 708 3025 limare,
724 2958 823 3027 inquit,
838 2967 861 3013 et
879 2967 986 3011 tremore
1002 2965 1110 3009 uestram
1128 2957 1240 3025 ipsorum
1260 2947 1400 3024 operamini

604 3047 721 3104 salutern.
737 3049 770 3103 Et
787 3055 815 3102 ut
835 3048 950 3110 scirent,
968 3046 1029 3115 guia
1050 3061 1101 3099 non
1118 3053 1219 3099 tantum
1237 3044 1261 3097 in
1280 3060 1312 3098 eo
1329 3042 1399 3113 qttod

603 3140 708 3209 operari
724 3139 826 3208 possint
836 3138 898 3209 (lanc
910 3137 981 3191 enirn
995 3137 1020 3189 in
1035 3144 1127 3191 natura
1139 3146 1166 3190 ct
1177 3136 1203 3189 in
1216 3134 1334 3189 doctrina
1344 3135 1398 3204 jam

602 3230 788 3302 acceperant),
805 3229 851 3285 sed
866 3228 947 3284 ctiam
963 3227 987 3282 in
1002 3243 1034 3282 co
1050 3226 1119 3297 qarod
1134 3233 1289 3297 operantur,
1304 3225 1400 3280 dictal-

604 3333 646 3377 tus
661 3322 828 3393 aaijravantur,
846 3337 899 3375 rann
915 3321 966 3386 ait,
982 3320 1052 3374 Deus
1066 3329 1107 3374 est
1125 3320 1195 3374 enim
1214 3318 1258 3389 spui
1276 3329 1401 3388 operatur

604 3411 631 3470 in
645 3415 719 3469 robis
732 3429 827 3484 posse,
843 3424 965 3483 talamum
986 3413 1035 3482 ipsi
1050 3412 1104 3482 jam
1121 3421 1147 3467 ει
1163 3412 1232 3467 selle
1249 3423 1276 3466 ct
1294 3413 1400 3482 operari

604 3518 653 3574 per
665 3518 695 3561 sc
708 3505 780 3574 ipsos
793 3504 917 3566 babeant,
931 3519 980 3557 nec
994 3504 1020 3558 in
1034 3503 1075 3558 bis
1085 3504 1187 3559 dnobus
1199 3504 1331 3573 adjutorio
1342 3505 1400 3576 ejus

586 3619 591 3626 ·
605 3598 757 3668 indigeant;
773 3598 820 3652 scd
835 3598 881 3660 ait,
897 3595 965 3649 Dens
981 3597 1047 3650 erint
1061 3608 1095 3650 est
1109 3598 1151 3667 qrti
1163 3606 1281 3666 operatur
1294 3598 1320 3651 in
1333 3600 1401 3651 robis

605 3700 629 3745 ει
641 3689 736 3743 eeiieet
749 3689 869 3761 perlicere
885 3685 1014 3759 (Plriiipp.
1026 3704 1055 3754 rr,
1072 3688 1106 3742 {⁵2
1118 3697 1141 3741 et
1157 3686 1218 3757 15);
1234 3689 1274 3742 tei
1290 3690 1359 3743 sieut
1373 3690 1400 3744 in

605 3779 664 3835 aliis
682 3788 711 3833 ct
731 3778 845 3832 maxime
865 3777 958 3846 graecis
979 3776 1114 3832 codicibus
1135 3777 1240 3846 legitur,
1256 3788 1279 3831 et
1299 3779 1360 3833 relic
1377 3789 1400 3833 et

605 3869 705 3940 operari
714 3867 763 3939 (a).
772 3867 866 3922 t'tdete
880 3867 903 3921 si
917 3883 969 3922 non
979 3866 1122 3936 Apostolus
1134 3869 1226 3937 gratian
1236 3868 1283 3924 Dei
1298 3871 1401 3926 staturos

606 3961 773 4017 adversarios
786 3967 880 4014 saneto
893 3959 993 4029 Spiritu
1005 3967 1077 4012 tanto
1089 3968 1150 4013 ante
1162 3958 1292 4030 praeridit,
1305 3970 1332 4015 ct
1344 3961 1401 4017 linc

606 4053 676 4119 duo,
693 4052 718 4107 id
732 4059 790 4118 est,
804 4060 831 4105 ει
846 4050 913 4106 velle
930 4040 957 4105 et
973 4049 1094 4119 operari,
1109 4065 1168 4119 qum
1187 4051 1236 4105 iste
1257 4050 1292 4104 ita
1310 4058 1401 4105 nostra

606 4158 667 4200 csse
680 4143 774 4209 soluit,
789 4149 913 4211 braquam
928 4143 983 4211 ipsa
997 4140 1093 4195 dirinrc
1105 4140 1197 4211 gratiae
1210 4155 1262 4195 raon
1276 4140 1403 4210 adjuren-

503 4298 508 4305 ,
607 4243 651 4290 tur
665 4234 773 4298 auxilio,
789 4234 871 4289 Deum
888 4233 914 4287 in
929 4232 1006 4288 nubis
1020 4232 1087 4286 dixit
1100 4234 1214 4302 operari.

643 4323 755 4381 carot
765 4323 807 4378 l’l.
818 4353 851 4365 -·
859 4323 886 4379 l.
896 4322 988 4392 Negare
999 4323 1060 4378 irinc
1068 4323 1188 4393 Pelagius
1199 4323 1319 4379 incautos
1329 4323 1403 4379 sallat

607 4430 634 4477 et
649 4420 792 4490 simplices,
808 4419 849 4474 rel
864 4420 942 4472 etimn
958 4434 987 4474 sc
1003 4419 1099 4487 ipsum,
1112 4418 1237 4487 quoniam
1250 4433 1309 4474 cum
1322 4418 1404 4473 diris·

608 4524 660 4582 set,
679 4532 689 4566 r
707 4513 778 4583 lirgo
795 4514 820 4565 in
836 4512 971 4565 rolnrrtate
985 4518 1012 4564 et
1026 4525 1106 4579 opere
1126 4510 1195 4564 bono
1210 4509 1268 4564 laus
1288 4509 1403 4564 bominis

608 4614 668 4673 cst,
687 4623 697 4658 r
713 4605 786 4660 reiut
801 4603 916 4659 correxit
929 4612 1009 4672 atquc
1021 4602 1133 4668 addidit,
1151 4621 1159 4653 r
1177 4602 1233 4656 lmo
1248 4610 1275 4656 ct
1288 4602 1404 4658 bominis

609 4703 637 4752 et
651 4696 708 4751 bei.
729 4713 739 4746 r
757 4693 814 4749 lion
830 4694 900 4747 cuim
917 4691 968 4747 boc
983 4701 1121 4762 propterea
1136 4691 1218 4755 dixit,
1232 4691 1293 4762 quia
1308 4706 1404 4746 sccun-

609 4785 778 4841 dumsanam
790 4774 938 4840 doctrinam
952 4782 1060 4854 intelligi
1075 4783 1167 4850 voluit,
1178 4783 1249 4854 ‹pirod
1262 4794 1289 4838 et
1299 4756 1367 4838 ville
1378 4791 1405 4838 et

609 4878 714 4948 operari
730 4878 799 4932 Deus
812 4887 937 4946 operetur
950 4877 976 4931 in
991 4876 1067 4930 nobis
1083 4893 1089 4929 :
1105 4876 1152 4930 sed
1167 4892 1214 4931 eur
1228 4874 1280 4931 boc
1293 4877 1404 4943 dixerit,

610 4969 675 5023 satis
690 4959 829 5023 evidenter
842 4968 967 5034 ostendit,
984 4969 1109 5022 continuo
1122 4968 1315 5039 subjungendo,
1333 4987 1342 5020 a
1360 4968 1405 5039 qui

611 5061 695 5131 ipsias
707 5060 849 5118 voluntatis
859 5069 886 5115 et
898 5062 986 5130 operis
996 5061 1196 5129 possibilitatem
1208 5061 1291 5116 dedit.
1309 5080 1319 5113 r
1333 5061 1406 5116 lianc

611 5161 700 5206 autem
712 5151 913 5221 possibilitatem
928 5151 953 5204 in
967 5161 1059 5204 natura
1073 5166 1133 5205 cum
1150 5168 1258 5220 ponere,
1273 5153 1306 5208 de
1318 5154 1406 5208 serbis

611 5244 671 5313 ejus
684 5240 865 5312 superioribus
880 5241 979 5295 clariana
994 5250 1044 5295 est.
1061 5239 1113 5295 Sed
1134 5257 1167 5296 ne
1187 5240 1251 5295 nibil
1271 5242 1304 5298 dc
1322 5243 1406 5313 gratia

611 5332 711 5389 dixisse
724 5333 867 5395 rideretur,
881 5330 1018 5400 adjunxit,
1038 5348 1047 5382 t
1065 5331 1161 5402 qtaiqne
1177 5332 1259 5401 ipsam
1273 5335 1407 5404 possibili·

612 5433 694 5482 tatem
704 5425 796 5496 gratiae
807 5439 862 5478 suae
873 5423 980 5492 adjurat
998 5437 1103 5492 semper
1118 5425 1216 5478 auxilio
1231 5443 1238 5478 :
1258 5443 1267 5475 r
1285 5441 1336 5479 non
1351 5427 1405 5500 ait,

611 5516 698 5587 ipsam
712 5516 891 5574 rtrluntatcm.
908 5512 967 5578 sel,
985 5511 1070 5582 ipsam
1087 5514 1286 5583 operationum
1301 5515 1369 5584 qtaod
1384 5512 1408 5572 si

611 5610 727 5673 diecret,
743 5623 796 5662 nnn
812 5606 956 5661 abliorrere
973 5621 987 5658 a
1003 5604 1123 5659 doctriua
1140 5607 1286 5676 apostoliea
1300 5608 1406 5663 ridere-

613 5710 655 5756 tur
670 5719 677 5755 :
693 5700 803 5764 sedarit,
821 5717 831 5751 r
851 5698 935 5768 ipsam
949 5695 1167 5767 possibilitatem,
1185 5717 1194 5749 r
1209 5697 1272 5752 iilud
1286 5698 1408 5753 videlieet

612 5806 645 5846 cx
660 5790 744 5846 tribus
760 5789 830 5860 rpttod
846 5791 981 5844 intratura
1001 5787 1111 5853 locarit,
1127 5805 1137 5839 r
1154 5788 1246 5858 gratiae
1260 5803 1316 5843 suae
1330 5789 1407 5858 ailjat·

525 5882 529 5887 ’
615 5891 659 5936 rat
670 5897 775 5949 seraper
785 5881 901 5935 ararilio:
917 5899 926 5933 a
940 5887 969 5959 ut
978 5880 1079 5934 scilicet
1088 5879 1114 5934 in
1125 5878 1258 5933 voluntate
1268 5886 1295 5933 et
1305 5883 1408 5933 actione

615 5987 667 6029 nan
679 5972 739 6026 idm
750 5972 806 6025 laus
819 5973 853 6026 sit
863 5981 889 6027 et
902 5972 946 6026 bei
957 5979 984 6026 et
993 5970 1119 6038 bominis,
1130 5971 1190 6041 traria
1201 5971 1240 6026 sio
1249 5971 1305 6024 rrrlt
1318 5971 1405 6038 itolllo,

614 6071 643 6119 ut
655 6074 742 6116 tamen
758 6063 826 6115 licus
842 6060 970 6116 voluntati
983 6061 1041 6130 ejus
1057 6061 1179 6117 ardorem
1198 6061 1349 6117 dilectionis
1366 6061 1408 6115 in-

613 6153 713 6223 s'piret;
729 6160 755 6204 et
768 6151 807 6204 sic
820 6160 944 6220 operatur
957 6150 1055 6219 laomo,
1072 6162 1101 6207 ut
1115 6163 1203 6209 tamen
1223 6152 1293 6209 beas
1309 6167 1408 6222 coope-

644 6266 683 6332 (tt)
697 6272 792 6326 Graece,
803 6270 827 6314 to
836 6262 954 6329 magari.

1217 842 1246 899 S.
1263 836 1447 898 auttsrm't
1468 833 1621 895 calscort

2187 833 2241 893 ddi

1446 962 1531 1017 retur,
1546 949 1606 1005 sine
1618 948 1695 1019 cuijus
1710 946 1841 1018 adiutorio
1859 947 1922 1018 garld
1941 952 1983 1004 est
1996 945 2096 1004 bomol
2113 945 2161 1003 scd
2180 947 2243 1003 ideo

1444 1040 1476 1093 ad
1491 1039 1560 1095 banc
1573 1038 1677 1093 laudem
1692 1037 1811 1110 adjunxit
1829 1047 1856 1095 ct
1876 1038 1977 1103 Deum,
1992 1037 2053 1109 quia
2076 1038 2125 1093 nisi
2146 1048 2239 1094 natura

1444 1143 1516 1186 esset
1528 1131 1554 1185 in
1568 1146 1619 1202 qm
1636 1146 1684 1186 nos
1697 1130 1832 1196 condidit,
1847 1146 1899 1201 qua
1916 1130 1985 1187 relic
2001 1138 2028 1187 et
2046 1145 2126 1201 agero
2145 1144 2242 1200 posse-

1445 1235 1515 1282 mns,
1531 1236 1580 1275 nec
1593 1221 1733 1286 vellemus,
1749 1235 1799 1275 nec
1812 1235 1962 1290 ageremus.

1481 1311 1506 1365 8.
1525 1310 1598 1367 lianc
1611 1320 1700 1366 autem
1719 1311 1868 1366 naturalem
1884 1309 2085 1380 possibilitatem
2104 1312 2176 1382 quand
2193 1312 2242 1366 ad·

1443 1401 1530 1471 jurari
1545 1402 1591 1455 Dei
1606 1402 1689 1472 gratia
1702 1401 1853 1469 confitetur,
1869 1418 1921 1457 uon
1938 1411 1979 1459 εει
2000 1404 2043 1459 bic
2062 1413 2185 1475 apertum
2202 1408 2243 1461 rel
2286 1399 2289 1404 ’

1446 1509 1524 1562 agnam
1538 1493 1609 1549 dicat
1622 1495 1748 1564 gratiam,
1764 1494 1806 1549 rei
1821 1504 1952 1564 quatenus
1964 1511 1994 1551 ca
2010 1505 2131 1552 naturam
2145 1501 2242 1557 sentiat

1445 1586 1564 1653 adjuvari
1579 1603 1585 1638 ε
1599 1586 1646 1640 sed
1659 1588 1726 1640 sicut
1738 1587 1796 1641 aliis
1809 1587 1885 1655 locis,
1899 1589 1924 1643 in
1936 1590 2032 1658 quibus
2043 1591 2193 1649 evidentius
2204 1595 2243 1651 lo·

1447 1676 1547 1746 quitur,
1563 1676 1670 1746 intelligi
1686 1684 1781 1746 potest,
1797 1694 1848 1732 uon
1863 1679 1920 1734 suit
1930 1680 2002 1736 aliud
2014 1683 2097 1753 accipi
2109 1699 2190 1754 quam
2204 1686 2244 1743 le·

1447 1781 1505 1837 gem
1520 1775 1599 1837 atque
1613 1767 1771 1835 doctrinam,
1786 1784 1837 1840 qua
1850 1772 1980 1826 naturalis
1992 1774 2152 1843 possibilitas
2166 1777 2245 1849 adju·

1448 1867 1533 1914 retur.

1482 1947 1595 2005 CAPUT
1606 1948 1769 2005 Vlla-Nam
1780 1951 1894 2023 quodam
1908 1952 2032 2011 locauit:
2047 1975 2057 2010 ι
2071 1957 2121 2015 llic
2131 1974 2181 2017 nos
2192 1965 2244 2016 im·

1448 2037 1601 2109 peritissimi
1622 2038 1758 2095 bominum
1778 2051 1872 2112 putant
1890 2043 2014 2115 injuriam
2033 2047 2132 2104 divinae
2150 2054 2244 2121 gratim

1449 2126 1550 2199 lacere,
1559 2130 1620 2200 qrria
1630 2129 1742 2187 dicimus
1752 2147 1811 2187 eam
1822 2133 1880 2190 siue
1891 2136 2027 2193 voluntate
2039 2148 2129 2195 nostra
2143 2155 2246 2212 nequa·

1448 2233 1527 2288 quarn
1539 2221 1566 2274 in
1580 2220 1657 2276 nobis
1669 2221 1799 2292 perdcere
1812 2227 1979 2284 sanctitatem
1992 2245 1999 2283 :
2012 2232 2086 2300 quasi
2100 2234 2170 2288 licus
2181 2250 2245 2304 gra·

1449 2308 1493 2363 tite
1506 2324 1561 2364 snrc
1575 2310 1673 2382 aliquid
1688 2312 1865 2383 impemrerit,
1878 2327 1969 2372 staron
1983 2319 2035 2373 iliis
2049 2322 2145 2391 quibus
2159 2325 2245 2393 irnpe-

1450 2399 1526 2463 ravit,
1536 2400 1616 2456 ctiam
1626 2403 1718 2471 gratiae
1727 2419 1782 2459 sarm
1791 2405 1919 2462 auxilinm
1930 2409 2121 2480 subministret,
2134 2425 2162 2469 ut
2172 2416 2244 2485 qarod

1450 2503 1499 2558 per
1511 2488 1623 2545 liberum
1644 2490 1766 2549 bomincs
1777 2493 1865 2552 faeere
1876 2497 2003 2567 jubentur
2016 2502 2166 2571 arbitrium,
2181 2506 2245 2562 iaci·

1451 2578 1501 2633 lius
1515 2590 1622 2649 possent
1634 2583 1744 2653 implere
1759 2602 1806 2656 per
1818 2590 1940 2656 gratiam.
1956 2609 1966 2644 r
1982 2590 2015 2668 iit
2025 2602 2150 2664 ungriam
2160 2598 2245 2667 expli-

1451 2680 1557 2725 caturus
1567 2689 1645 2743 quam
1656 2674 1724 2731 dicat
1736 2679 1859 2747 gratiam,
1873 2689 1980 2737 secutus
1988 2682 2118 2753 adjunxit,
2129 2686 2223 2743 dicens
2235 2707 2242 2744 ε
2308 2663 2314 2673 ¹

1455 2779 1464 2815 t
1480 2762 1564 2831 Qaram
1580 2779 1628 2821 uos
1643 2783 1713 2834 non,
1729 2777 1757 2823 ut
1776 2778 1803 2825 tu
1821 2781 1914 2840 putas,
1929 2773 1957 2827 in
1972 2773 2030 2845 lege
2045 2780 2242 2848 tantummodo,

1451 2852 1498 2906 scd
1518 2861 1545 2908 et
1564 2853 1589 2907 io
1608 2855 1654 2910 liei
1671 2872 1730 2912 esse
1749 2857 1881 2930 arljutorio
1899 2863 2068 2920 eonfitemur.
2086 2867 2176 2936 »Qrais
2191 2887 2244 2926 nrm

1453 2940 1495 2997 bic
1504 2943 1638 3001 desideret
1651 2955 1680 3001 ut
1691 2951 1814 3005 ostendat
1826 2967 1904 3021 quam
1917 2955 1981 3009 relit
1993 2956 2102 3028 intelligi
2114 2960 2245 3030 gratiarnl

1452 3031 2244 3121 Propterboccnimnaaximcdcilloeaspeetaredebemus,

1452 3134 1481 3181 ut
1492 3125 1563 3182 dicat
1577 3129 1628 3184 boc
1640 3129 1711 3200 quod
1724 3131 1789 3187 dicit
1799 3134 1819 3200 ¹,
1835 3150 1887 3189 non
1903 3136 1929 3191 in
1945 3137 2003 3207 lege
2018 3143 2203 3198 tantummodo
2217 3159 2246 3199 sc
2270 3180 2276 3188 -

1451 3217 1562 3286 gratiam
1572 3219 1703 3276 corrdteri.
1718 3222 1770 3277 Sed
1782 3224 1858 3279 nobis
1868 3226 1917 3282 lrac
1927 3231 2125 3297 exspectatione
2133 3247 2247 3304 snspen-

1451 3308 1506 3375 sis,
1524 3309 1586 3378 quid
1604 3311 1735 3367 addiderit
1755 3314 1893 3369 intuemini
1914 3335 1921 3371 :
1941 3335 1951 3368 t
1971 3318 2085 3389 Adjurat
2103 3322 2174 3377 enirn
2197 3340 2246 3379 nos

1453 3397 1533 3466 Deus,
1550 3401 1668 3471 riarqnit,
1682 3421 1692 3455 r
1707 3420 1754 3474 per
1764 3405 1910 3463 doctrinam
1920 3418 1948 3465 et
1958 3412 2148 3469 revelationem
2157 3430 2244 3484 sarain,

1452 3490 1514 3546 darm
1528 3495 1616 3549 cordis
1631 3499 1715 3551 nostri
1728 3500 1820 3554 oeulos
1832 3502 1934 3570 aperit;
1950 3505 2012 3560 dum
2028 3506 2114 3572 ratabis,
2130 3524 2163 3564 ne
2178 3524 2247 3578 prae-

1451 3586 1573 3640 sentibus
1586 3602 1759 3658 occupemur,
1774 3590 1862 3647 interra
1876 3593 2056 3662 demonstrat;
2070 3598 2132 3654 dum
2147 3600 2246 3656 diaboli

1451 3680 1544 3750 pandit
1557 3682 1678 3748 insidias;
1692 3683 1756 3738 dum
1772 3701 1820 3740 nos
1833 3687 1988 3743 multiformi
2001 3701 2028 3745 ct
2040 3691 2163 3746 inadibili
2174 3693 2246 3748 dotto

1451 3772 1543 3840 gratiae
1560 3774 1677 3828 eoelestis
1697 3775 1837 3832 illuminat.
1854 3797 1864 3831 r
1883 3779 1981 3835 Deinde
1997 3783 2155 3836 sententiam
2170 3800 2245 3837 snam

1452 3864 1565 3933 quadam
1580 3866 1651 3920 reiut
1663 3867 1827 3924 absolutionc
1840 3871 2002 3927 concludens
2017 3891 2023 3925 :
2043 3891 2053 3924 ι
2071 3872 2121 3939 Qui
2137 3876 2194 3930 trac
2206 3876 2246 3929 di-

1452 3955 1498 4022 cit,
1515 3972 1526 4006 r
1542 3954 1638 4025 inquit,
1653 3974 1663 4008 r
1681 3960 1792 4028 gratiam
1808 3961 1854 4015 tibi
1869 3961 1974 4017 ridetur
1987 3964 2100 4034 negarei
2115 3966 2156 4019 rin
2171 3974 2198 4020 et
2213 3966 2245 4019 li-

1453 4043 1547 4101 berum
1560 4045 1675 4104 bominis
1686 4050 1835 4120 arbitrium,
1847 4062 1873 4108 ct
1885 4055 1929 4110 Dei
1939 4056 2051 4127 gratiam
2063 4057 2243 4112 coraliteturir

1452 4133 1482 4190 ln
1504 4135 1545 4191 bis
1564 4139 1686 4194 omnibus
1703 4156 1756 4196 non
1777 4143 1915 4199 recessita
1930 4146 2162 4203 eonunendationc
2182 4148 2246 4216 legis

1453 4235 1533 4299 atnoe
1547 4229 1689 4300 doetrinae,
1705 4231 1774 4289 banc
1790 4250 1849 4291 esse
1866 4237 2034 4307 adjurantem
2053 4238 2164 4309 gratiam
2184 4239 2247 4294 dili-

1453 4332 1546 4393 gcnter
1560 4325 1704 4394 inculcans,
1719 4338 1745 4384 ct
1757 4329 1807 4386 boc
1819 4347 1968 4403 exsequens
1978 4333 2048 4403 qatod
2060 4344 2245 4404 proposuerat,

1454 4429 1514 4469 curn
1527 4416 1636 4486 diceret,
1651 4438 1661 4472 r
1677 4421 1723 4478 sed
1740 4423 1765 4477 in
1781 4423 1825 4476 ilci
1840 4437 1899 4479 csse
1911 4424 2042 4494 adjutorio
2053 4425 2220 4481 contuemur.
2235 4446 2245 4478 r

1455 4504 1574 4579 benique
1585 4510 1631 4566 Dei
1643 4513 1802 4582 adiutorium
1814 4515 1992 4584 multipliciter
2002 4516 2189 4572 insinuandum
2202 4533 2249 4584 pn-

1455 4602 1535 4669 tarit,
1549 4605 1784 4660 commemorando
1797 4606 1944 4662 doctrinam
1958 4615 1985 4662 ct
1998 4607 2206 4674 revelationem,
2221 4617 2248 4661 et

1456 4691 1593 4746 oculorum
1613 4694 1701 4748 cordis
1718 4693 1932 4764 atiapcrtionem,
1948 4705 1975 4751 et
1992 4695 2248 4751 demonstrationem

1456 4779 1615 4850 futurarum,
1627 4793 1654 4840 et
1666 4787 1829 4855 apertionem
1841 4787 2029 4842 diabolicarum
2043 4788 2210 4852 insidiarum,
2223 4797 2250 4842 ct

1456 4875 1611 4932 multiiormi
1622 4886 1700 4948 atque
1711 4878 1835 4933 laetabili
1846 4882 1856 4911 ¹
1870 4879 1941 4934 dono
1954 4880 2046 4951 gratiae
2057 4880 2175 4935 coelestis
2189 4879 2251 4933 ille·

1457 4966 1629 5022 minationem
1650 4987 1657 5024 ε
1677 4969 1711 5024 ad
1731 4970 1892 5040 boeotique
1913 4980 1942 5026 ut
1962 4970 2050 5025 divina
2072 4979 2204 5040 praecepta
2224 4979 2252 5025 et

1458 5060 1585 5128 promissa
1599 5061 1743 5117 diseamus.
1760 5062 1817 5118 lloc
1830 5071 1872 5119 est
1884 5077 1948 5134 crgo
1962 5063 2073 5134 gratiam
2087 5062 2133 5118 uel
2149 5078 2253 5134 ponere

1458 5149 1485 5204 in
1498 5150 1556 5222 lege
1567 5163 1647 5222 atque
1659 5152 1788 5207 doctrina.

1498 5244 1611 5300 CAPUT
1631 5242 1697 5299 l'tll.
1709 5273 1747 5284 -
1757 5244 1783 5300 9.
1796 5243 1864 5299 ilinc
1876 5244 1964 5313 itaque
1976 5250 2096 5313 apparet,
2108 5242 2178 5298 bano
2189 5257 2254 5298 euin

1458 5339 1569 5411 gratiam
1583 5335 1713 5400 confiteri,
1724 5349 1775 5404 qua
1786 5334 1949 5389 demonstrat
1960 5342 1986 5387 ct
1997 5333 2097 5387 revelat
2109 5333 2179 5389 Deus
2187 5335 2255 5404 qrrid

1459 5447 1538 5504 agere
1550 5429 1709 5492 debeamus;
1721 5444 1773 5482 non
1786 5442 1837 5498 qaia
1848 5425 1930 5481 donat
1941 5435 2019 5497 atque
2029 5425 2136 5496 adjurat
2146 5435 2177 5482 ut
2188 5443 2256 5498 aga-

1460 5539 1519 5581 mus
1532 5541 1538 5578 :
1550 5538 1610 5578 cunr
1624 5522 1656 5576 ad
1668 5522 1719 5576 boc
1730 5521 1817 5593 potius
1829 5521 1916 5575 raleat
1928 5519 1992 5590 legis
2005 5520 2113 5588 agnitio,
2125 5519 2147 5573 si
2161 5521 2257 5590 gratie

1460 5614 1529 5670 desit
1539 5613 1687 5682 opitulatio,
1699 5621 1727 5666 ut
1737 5613 1782 5665 dat
1794 5609 1909 5664 mandati
1923 5608 2113 5679 praevaricatio.
2126 5606 2176 5663 bat
2185 5611 2258 5664 eninr

1460 5723 1510 5760 non
1524 5713 1559 5759 est
1573 5703 1624 5770 icc,
1639 5702 1676 5757 ait
1688 5702 1839 5773 Apostolus,
1856 5716 1901 5754 nee
1916 5697 2088 5769 prevaricatio
2103 5696 2198 5768 (Rom.
2215 5715 2256 5766 tr,

1461 5796 1512 5867 ib)
1530 5813 1536 5848 ι
1552 5803 1593 5861 ει,
1609 5794 1840 5864 Concupiscenticnt
1854 5791 2007 5857 nesciebam,
2023 5790 2071 5844 niti
2086 5791 2128 5843 lex
2143 5790 2255 5857 dicerei,

1462 5886 1522 5942 Non
1544 5887 1704 5958 concupiscet
1716 5885 1770 5957 (td.
1786 5900 1833 5947 rra,
1847 5883 1887 5956 t).
1901 5884 1940 5937 Ae
1954 5898 2002 5952 per
2013 5880 2074 5948 boc,
2087 5896 2173 5951 usque
2186 5881 2256 5937 adeo

1460 5980 1530 6036 alind
1544 5988 1586 6035 cst
1600 5981 1656 6042 lex,
1670 5977 1741 6034 alind
1755 5987 1796 6032 cst
1807 5977 1906 6046 gratia,
1921 5984 1951 6029 ut
1965 5974 2006 6030 lcx
2021 5988 2073 6028 non
2088 5972 2174 6027 salum
2189 5973 2256 6030 nibil

1460 6070 1554 6143 prosit,
1566 6070 1746 6123 verumetiam
1761 6067 1903 6136 plurimum
1916 6064 1995 6131 obsit,
2010 6063 2061 6119 nisi
2075 6062 2183 6133 adiuvet
2195 6079 2256 6134 gra·

1494 6200 1762 6271 tcrgnauaenstsus,
1774 6196 1833 6262 maid
1844 6196 1913 6267 dicit.
1972 6254 1978 6267 ,

1492 6266 1504 6297 ¹
1515 6271 1566 6311 tan.
1578 6267 1626 6322 Er„
1638 6266 1661 6314 et
1672 6261 1841 6324 naubrsorntcm
1849 6265 1871 6310 et
1882 6255 2035 6322 rrwprbrbrn.
