5592 7350
662 928 715 987 sts

662 1045 715 1099 suh
729 1039 851 1111 ambigua
874 1036 1049 1109 generalitate
1061 1031 1125 1105 quid
1144 1030 1256 1087 sentiret
1267 1026 1451 1093 abscondens,

663 1135 755 1203 gratim
769 1142 856 1186 tamen
874 1127 1003 1184 uocabulo
1026 1126 1151 1195 frangens
1171 1120 1316 1187 invidiam,
1331 1118 1458 1174 ollensio·

664 1239 777 1296 ncrrrque
791 1223 937 1279 declinans.
961 1219 1027 1274 Nam
1048 1219 1073 1272 in
1090 1217 1173 1286 ipsius
1187 1212 1329 1284 principio,
1344 1212 1389 1265 uhi
1410 1211 1457 1277 ait,

666 1336 675 1369 ι
693 1316 834 1385 Proposito
847 1313 1002 1369 insudemus
1011 1310 1098 1381 operi,
1117 1323 1166 1363 nec
1181 1304 1356 1361 mediocritati
1366 1304 1375 1335 ¹
1385 1300 1457 1357 dilit-

663 1408 758 1462 dannrs
772 1405 887 1476 ingenii,
902 1403 973 1475 quod
990 1401 1123 1457 credimus
1135 1398 1187 1454 lide
1207 1396 1299 1451 matris
1314 1401 1341 1449 et
1361 1394 1458 1448 merito

663 1498 773 1569 uirginis
792 1496 928 1568 adiurari;
944 1513 953 1547 r
978 1492 1090 1564 gratiam
1111 1505 1162 1561 qua
1184 1488 1340 1560 adjuvamur
1359 1485 1393 1541 ad
1407 1485 1457 1539 ali·

663 1589 727 1660 quid
742 1588 883 1659 agendum,
898 1585 963 1640 mihi
975 1586 1047 1638 risus
1063 1582 1147 1636 lucrat
1161 1578 1292 1644 confiteri,
1306 1591 1356 1632 nee
1370 1584 1458 1630 atten-

663 1679 755 1735 deram
769 1680 839 1734 hanc
852 1692 912 1735 eum
925 1689 1025 1745 ponere
1036 1672 1153 1743 potuisse
1173 1671 1199 1726 in
1219 1669 1275 1725 sola
1290 1666 1457 1723 revelatione

664 1769 801 1825 doctrinm.

699 1859 744 1914 dl.
760 1860 824 1914 ltem
850 1857 876 1910 in
896 1855 990 1913 eodem
1012 1868 1093 1924 opere
1117 1851 1170 1907 alio
1196 1851 1282 1904 inco:
1308 1845 1408 1916 «Quod
1434 1845 1458 1902 sl

665 1952 744 2007 etiarn
758 1950 816 2005 sine
831 1950 896 2011 Deo,
911 1965 921 1998 r
939 1945 1043 2017 iuquit,
1061 1964 1070 1995 r
1086 1943 1208 1997 homines
1222 1939 1374 2001 ostendant,
1389 1952 1458 2007 qua-

665 2041 704 2096 les
718 2055 732 2093 a
745 2041 801 2095 lleo
814 2038 874 2093 laeti
887 2045 947 2091 som
959 2052 966 2100 ;
980 2035 1041 2089 ride
1055 2033 1116 2103 qnid
1129 2031 1271 2086 Christiani
1292 2029 1379 2083 lacere
1393 2042 1458 2098 pus·

663 2131 734 2196 sint,
764 2143 876 2200 qnorum
898 2128 926 2181 in
953 2126 1049 2182 melius
1074 2139 1121 2194 per
1149 2122 1285 2176 Christum
1313 2119 1458 2173 instaurata

666 2231 760 2276 natura
784 2228 844 2283 est,
860 2227 886 2274 et
902 2217 945 2288 qui
966 2216 1063 2271 dirimo
1086 2229 1192 2286 quoquc
1219 2214 1311 2282 gratiae
1332 2211 1459 2279 jurantur

664 2314 789 2368 auxilio.»
800 2311 925 2365 Naturam
940 2308 966 2363 in
976 2308 1260 2367 meliusinstauratarn,
1274 2301 1459 2357 remissionem

665 2403 722 2458 rult
733 2401 843 2471 intelligi
860 2409 1028 2471 peccatorum
1044 2415 1051 2450 :
1070 2396 1141 2467 quod
1153 2397 1206 2451 elio
1221 2395 1280 2450 loeo
1294 2395 1320 2448 in
1337 2394 1387 2448 hoe
1401 2394 1459 2461 ipso

664 2494 733 2548 lihro
747 2493 811 2547 satis
823 2490 1027 2555 demonstrarit,
1040 2488 1085 2543 uhi
1097 2487 1144 2554 ait,
1161 2505 1171 2538 r
1191 2485 1275 2541 Etiam
1292 2483 1329 2539 illi
1345 2483 1389 2553 qui
1402 2484 1460 2538 lon·

666 2601 701 2657 go
715 2584 842 2657 peccandi
854 2599 904 2639 usu
918 2581 1033 2653 quodam
1048 2578 1128 2634 ruodo
1140 2578 1301 2643 nhdurucre,
1317 2575 1459 2631 instaurari

665 2692 714 2747 per
733 2676 916 2747 penitentiam
936 2680 1059 2743 possunt.
1085 2690 1095 2723 ι
1114 2670 1249 2725 Auxilium
1275 2682 1340 2723 reru
1363 2667 1460 2721 dirime

664 2768 757 2837 gratia
782 2773 871 2838 potest
901 2772 928 2820 ct
959 2762 1002 2818 hic
1033 2776 1132 2833 ponere
1162 2761 1189 2814 in
1222 2758 1384 2815 revelatione
1408 2756 1460 2811 do·

664 2860 768 2916 ctrinoe.

699 2950 811 3007 caret
829 2949 972 3005 xxxiiii.
984 2978 1023 2990 -
1033 2947 1078 3003 te.
1092 2945 1156 3002 ltcm
1169 2945 1231 3000 alihi
1245 2946 1270 3000 iu
1285 2944 1379 3001 eadem
1402 2943 1460 3014 epi·

665 3040 754 3096 stola:
773 3058 783 3093 r
804 3040 869 3094 Nam
894 3040 916 3093 si
938 3040 1018 3093 etiam
1040 3047 1102 3091 aute
1124 3036 1226 3107 legem,
1249 3034 1379 3103 sinque,
1408 3040 1462 3087 rut

664 3131 796 3196 diximus,
808 3145 839 3184 ae
853 3130 937 3185 multo
957 3138 1019 3182 ante
1037 3126 1140 3181 Domini
1165 3124 1250 3180 nostri
1266 3134 1293 3181 et
1314 3124 1462 3180 salvatoris

664 3201 900 3290 adventumjnste
912 3218 1019 3290 quid-un
1035 3227 1062 3273 et
1071 3226 1162 3273 sancte
1173 3218 1273 3272 uixisse
1288 3216 1460 3285 reseruntur3

664 3310 867 3382 quantomagis
888 3319 947 3380 post
962 3308 1166 3364 illustrationem
1188 3307 1318 3362 adrentus
1340 3306 1398 3377 ejus
1412 3322 1462 3364 nos

666 3401 694 3456 id
715 3415 792 3472 posse
815 3398 978 3456 credendum
1001 3407 1052 3464 cst,
1069 3398 1116 3467 qui
1134 3397 1272 3452 instaurati
1297 3412 1345 3467 per
1362 3395 1462 3452 Christi

665 3492 776 3563 gratiam
790 3501 816 3546 et
837 3492 862 3544 in
885 3490 1023 3546 meliorem
1038 3489 1172 3544 honrinem
1188 3489 1274 3544 renati
1289 3503 1397 3555 sumus,
1413 3489 1460 3557 qui

665 3583 793 3652 sanguine
807 3581 864 3649 ejus
876 3580 976 3649 expiati
991 3588 1069 3648 atque
1078 3578 1206 3638 mundati,
1219 3578 1354 3647 ipsiusque
1365 3593 1458 3633 exeru-

666 3676 711 3747 plo
730 3673 763 3729 ad
785 3673 976 3744 perlectionem
996 3671 1096 3725 incitati
1111 3670 1239 3741 iustitiae,
1260 3669 1384 3724 meliores
1408 3668 1462 3725 ttttr

667 3782 727 3823 esse
740 3766 878 3830 dehemus,
892 3766 938 3835 qui
951 3771 1014 3819 ante
1027 3764 1111 3834 legem
1126 3762 1221 3818 lucre?
1238 3780 1248 3816 r
1263 3761 1359 3818 Videte
1369 3778 1463 3834 queru-

668 3859 811 3916 admodum
822 3869 849 3915 et
863 3857 906 3912 hic
915 3857 976 3914 aliis
989 3856 1096 3927 quidem
1106 3856 1204 3921 uerbis,
1216 3859 1263 3913 scd
1275 3865 1362 3911 tamen
1374 3856 1400 3910 in
1415 3870 1461 3912 re·

670 3953 799 4007 missione
822 3957 990 4021 pcccatorum
1007 3956 1034 4002 et
1051 3946 1211 4016 incrernplo
1232 3945 1333 4003 Christi
1359 3945 1463 4014 adjuto-

668 4044 737 4099 rium
750 4040 843 4113 gratim
864 4038 1043 4096 constituerit.
1064 4036 1165 4095 Deinde
1177 4035 1312 4106 sulq‘ungit
1333 4044 1361 4090 ct
1374 4034 1439 4089 dicit
1453 4051 1461 4089 a

672 4155 681 4189 r
695 4135 816 4190 llcliores
825 4134 905 4188 etiarn
919 4147 998 4202 quam
1012 4130 1120 4186 luerunt
1134 4128 1262 4200 sublege,
1274 4129 1379 4184 dicente
1391 4129 1464 4197 Apo-

669 4226 747 4288 stolo,
762 4224 897 4278 Peccatum
909 4222 978 4277 nohis
996 4239 1048 4276 uon
1068 4221 1317 4283 dontinuhitnr,·non
1336 4219 1402 4273 eninr
1416 4217 1463 4273 arth

668 4320 722 4387 iege
737 4315 795 4371 ertia
806 4355 814 4381 ,
825 4314 869 4368 red
889 4313 933 4368 enh
946 4313 1029 4383 prurio
1044 4311 1131 4384 (llum.
1151 4327 1187 4373 rr,
1206 4310 1261 4381 tt).
1280 4310 1314 4365 Et
1334 4308 1461 4379 quoniam

670 4413 743 4478 hinc,
759 4429 769 4464 r
786 4410 881 4480 inquit,
899 4427 909 4460 r
925 4407 1098 4470 sullicicnter,
1114 4413 1144 4459 ut
1159 4413 1231 4473 putu,
1246 4402 1379 4468 diximus,
1392 4415 1464 4456 nrrne

670 4501 812 4569 perlectam
827 4499 995 4553 instituamus
1009 4495 1149 4562 uirginem,
1161 4509 1219 4562 quae
1230 4508 1263 4548 cx
1275 4502 1465 4561 utruqucsemr

669 4606 717 4660 per
729 4604 852 4655 accensa,
862 4596 889 4643 ct
901 4598 1001 4641 naturae
1015 4585 1093 4640 simul
1108 4593 1133 4639 ct
1146 4583 1238 4654 gratim
1250 4583 1346 4638 hunum
1358 4596 1462 4636 urorum

669 4680 808 4736 sanctitate
826 4687 945 4734 testetur.
962 4696 972 4730 ι
987 4676 1021 4730 Et
1040 4675 1066 4730 in
1090 4676 1130 4729 his
1146 4673 1233 4729 verbis
1247 4673 1349 4728 dehetis
1366 4673 1463 4728 adrer-

671 4782 737 4834 terc,
749 4769 809 4826 ideo
822 4770 894 4824 illum
906 4768 976 4838 qnod
986 4766 1101 4830 dicebat,
1115 4766 1156 4820 sie
1169 4763 1283 4820 voluisse
1291 4761 1463 4828 concludere,

669 4874 698 4918 ιιι
710 4871 811 4917 naturae
823 4861 922 4917 bonurn
938 4858 1130 4928 intelligamus,
1145 4854 1289 4926 quodcum
1307 4868 1465 4910 crearemur

670 4953 839 5023 accepirnus;
863 4951 956 5021 gratiae
981 4958 1088 5013 autern,
1109 4963 1169 5002 cum
1186 4945 1285 5001 Christi
1307 4945 1463 5002 intuemur¹

671 5042 823 5111 cacurplum
837 5056 845 5096 r
860 5049 985 5109 tanquam
1010 5037 1070 5093 idco
1091 5047 1230 5105 peccatum
1254 5049 1307 5088 non
1332 5032 1465 5089 indultum

671 5132 754 5188 luerit
765 5131 805 5187 cis
818 5130 864 5202 qui
884 5129 934 5184 suh
945 5127 1004 5197 lege
1025 5125 1133 5181 luerunt
1148 5124 1189 5180 rel
1202 5132 1282 5191 sunt,
1296 5123 1356 5194 quia
1372 5139 1465 5179 exem·

673 5227 746 5296 plum
760 5221 860 5279 Christi
873 5220 929 5276 sire
944 5234 996 5274 non
1011 5217 1171 5280 hahuerunt,
1186 5217 1242 5271 sire
1256 5230 1308 5269 non
1323 5215 1445 5271 creduut.

706 5313 821 5371 CAPUT
839 5311 962 5368 xxxix.
991 5311 1085 5365 -lr'n
1114 5308 1169 5363 lloc
1189 5317 1277 5364 autem
1294 5308 1466 5376 istnmsapcss

673 5424 718 5472 re,
734 5416 760 5462 ct
773 5405 824 5460 alia
839 5405 898 5473 ejus
918 5402 998 5458 rerba
1021 5399 1182 5465 ostendunt,
1197 5414 1252 5453 non
1274 5398 1299 5453 in
1316 5399 1366 5453 hue
1379 5398 1464 5461 lihro,

673 5498 720 5555 scd
736 5497 762 5551 in
777 5495 855 5550 tertio
864 5508 912 5564 pro
925 5492 1021 5547 Libero
1035 5489 1161 5556 helritrio,
1174 5488 1217 5543 uhi
1231 5486 1265 5542 ad
1279 5502 1340 5543 eum
1354 5488 1466 5558 loquens

673 5598 766 5645 contra
784 5601 865 5658 quern
892 5583 1023 5655 disputat,
1043 5582 1166 5652 neroniani
1185 5580 1229 5635 ille
1246 5587 1370 5649 posuerat
1386 5578 1466 5633 rerha

674 5677 793 5748 hpustoli
808 5674 931 5741 dicentis,
945 5671 1006 5728 Non
1019 5672 1087 5743 qnod
1099 5671 1156 5725 eolo
1168 5684 1216 5741 nqo
1226 5685 1236 5733 ,·
1246 5677 1283 5734 ct,
1300 5667 1378 5722 Video
1388 5668 1467 5723 olium

674 5774 754 5843 legent
766 5771 793 5824 in
812 5767 929 5823 nrenrhris
944 5766 1005 5820 meir
1019 5772 1200 5835 repugnantem
1216 5760 1266 5830 legi
1282 5761 1372 5815 ruentis
1386 5775 1464 5825 nreoe,

674 5870 702 5916 ct
713 5871 809 5917 caetera
820 5874 880 5929 qum
892 5858 929 5912 ihi
941 5857 1080 5920 dicuntur;
1096 5854 1147 5911 iste
1159 5850 1308 5924 respondit,
1322 5860 1401 5923 atquc
1410 5851 1447 5905 ait
1459 5868 1476 5924 :-

679 5973 688 6009 r
706 5954 762 6010 lloc
778 5954 849 6009 enirn
871 5951 941 6023 quod
955 5959 983 6006 tu
1003 5949 1037 6004 de
1059 5947 1188 6019 llpnstolo
1209 5944 1356 6015 intelligere
1374 5943 1466 6013 cupis,

675 6060 769 6105 trmnes
781 6042 955 6101 ecelesiastici
975 6023 1036 6098 riri*
1045 6042 1070 6096 in
1086 6039 1231 6111 peccaturis
1244 6045 1271 6093 et
1285 6036 1334 6092 sub
1349 6035 1407 6105 lege
1421 6033 1467 6089 ad·

710 6222 718 6252 ¹
733 6225 784 6268 am.
803 6226 914 6282 ethes..
935 6218 1106 6273 madianitam.
1122 6221 1151 6288 ⁸tn
1170 6214 1270 6286 epistola
1291 6209 1320 6262 ad
1336 6211 1469 6263 uenrctrta

679 6281 748 6347 dem,
767 6284 872 6346 append.
892 6287 949 6330 tom.
969 6282 999 6337 2,
1016 6281 1045 6333 de
1066 6282 1236 6330 arceantur.

679 6340 689 6360 ⁸
710 6354 790 6411 farri..
803 6343 932 6399 irrrr'trnrnr.
946 6350 994 6399 tlr..

1293 916 1322 974 S.
1343 915 1528 973 AUGUSTLSI
1549 917 1698 976 tetscuet

2254 920 2307 978 038⁰

1516 1029 1567 1085 huc
1584 1031 1661 1100 positi
1676 1040 1799 1086 asserunt
1818 1047 1879 1087 curn
1895 1033 1994 1088 dhisse
2012 1047 2143 1104 persona,
2156 1032 2203 1103 qui
2223 1033 2307 1092 nimii
2344 1075 2346 1084 ·

1510 1122 1634 1176 vitiorum
1647 1122 1840 1179 consuetudine
1854 1123 1927 1178 velut
1938 1124 2050 1193 quadam
2063 1132 2199 1180 teneretur
2209 1140 2308 1181 neccs-

1509 1211 1587 1266 sitatc
1601 1212 1745 1282 peccandi,
1757 1223 1784 1268 et
1796 1213 1918 1283 quamuis
1930 1214 2030 1269 honum
2048 1226 2187 1285 appeteret
2206 1216 2304 1271 rolon-

1511 1312 1580 1370 tate,
1594 1318 1644 1359 usu
1656 1312 1744 1360 tamen
1758 1306 1967 1375 precipitaretur
1979 1307 2005 1361 in
2020 1308 2131 1363 malum.
2145 1309 2174 1363 lu
2190 1325 2306 1379 persam

1509 1404 1610 1462 autern,
1625 1415 1634 1448 r
1650 1397 1746 1468 inquit,
1764 1415 1773 1449 r
1789 1397 1905 1452 hominis
1919 1400 2016 1467 unius,
2032 1400 2154 1472 designat
2175 1403 2303 1474 populum

1509 1488 1560 1542 suh
1573 1497 1663 1542 vetere
1676 1488 1763 1543 adhue
1778 1489 1836 1559 lege
1850 1501 2020 1559 peccantem
2034 1507 2112 1559 quern
2126 1492 2160 1548 alr
2173 1492 2224 1548 hoc
2237 1509 2304 1549 eon·

1509 1577 1657 1632 suetudinis
1676 1583 1747 1634 melo
1765 1579 1828 1634 dicit
1845 1580 2011 1637 liherandunr
2024 1597 2084 1638 esse
2098 1598 2146 1652 per
2158 1584 2303 1653 Christum,

1509 1669 1555 1739 qni
1576 1670 1747 1725 credentibus
1770 1671 1821 1726 sihi
1845 1673 1933 1742 primo
1953 1673 2043 1728 omnia
2067 1690 2115 1744 per
2142 1676 2304 1745 Baptismmn

1511 1770 1618 1829 peccata
1633 1760 1758 1829 dimittit,
1771 1761 1868 1818 deinde
1882 1763 2028 1819 imitatione
2042 1765 2082 1820 sui
2101 1766 2135 1820 ad
2160 1766 2306 1837 perlectam

1510 1851 1601 1905 incitat
1615 1853 1793 1919 sanctitatem,
1810 1865 1837 1909 ct
1850 1855 1973 1911 citiarum
1988 1856 2210 1913 consuetudinem
2224 1858 2308 1914 rirtu·

1510 1950 1565 1997 tum
1585 1943 1666 1998 vincit
1685 1945 1845 2014 camapio.»
1870 1947 1938 2002 Ecce
1960 1948 2095 2016 quornodo
2119 1949 2176 2003 rnlt
2198 1949 2306 2019 intelligi

1509 2034 1628 2103 adjuvari
1649 2049 1697 2089 cos
1719 2036 1764 2104 qui
1785 2036 1834 2091 suh
1858 2037 1915 2106 lege
1939 2048 2059 2108 peccant,
2078 2048 2106 2093 nt
2128 2041 2306 2109 pergratiam

1509 2125 1753 2197 Clrristijustiheati
1767 2127 1924 2192 lilrcrcntur,
1939 2139 2062 2199 tanquam
2075 2130 2115 2183 cis
2127 2144 2181 2184 uon
2194 2130 2307 2184 sulliciat

1510 2218 1565 2273 sola
1587 2218 1638 2285 lcr,
1661 2228 1770 2290 propter
1792 2220 1900 2275 nimiam
1924 2222 2050 2290 peccandi
2074 2223 2305 2291 consuetudinem,

1509 2307 1560 2363 nisi
1574 2306 1671 2363 Christi
1683 2309 1803 2376 accedat,
1818 2327 1870 2365 non
1887 2312 2024 2380 inspiratio
2038 2312 2176 2368 charitatis
2188 2329 2236 2383 pcr
2245 2314 2307 2385 Spi-

1511 2401 1590 2456 ritum
1604 2411 1743 2470 sanctum,
1759 2403 1804 2458 sed
1826 2403 1981 2459 intuendum
1996 2415 2024 2460 et
2037 2405 2194 2461 inritarrdum
2214 2409 2242 2461 in
2256 2406 2304 2461 do-

1510 2493 1595 2547 ctrina
1616 2494 1767 2564 evangelica
1787 2494 1893 2549 virtutis
1911 2496 1969 2565 cjns
1987 2498 2151 2567 exemplum.
2178 2498 2213 2553 Et
2234 2507 2305 2555 certe

1510 2574 1693 2639 araxima'hic
1711 2593 1770 2640 erat
1791 2601 1870 2641 causa
1893 2587 2081 2656 exprimendi,
2105 2602 2185 2658 quam
2207 2589 2305 2646 diecret

1510 2675 1633 2742 gratiam,
1647 2675 1691 2730 uhi
1706 2677 1792 2732 lucum
1807 2677 1894 2746 ipsum
1906 2677 1939 2732 dc
1953 2693 2005 2747 quo
2018 2677 2173 2749 respondet,
2184 2679 2225 2734 sic
2239 2695 2302 2734 cou-

1511 2764 1589 2819 elusit
1603 2767 1763 2835 Apostolus,
1779 2776 1808 2822 ut
1821 2767 1922 2823 diceret
1938 2786 1945 2819 ε
1966 2766 2063 2839 infelix
2075 2784 2121 2839 eqo
2145 2769 2231 2837 hemo,
2251 2770 2304 2841 qrrir

1512 2872 1551 2909 me
1563 2855 1676 2910 liberabit
1697 2857 1729 2912 de
1746 2875 1851 2928 corpore
1864 2860 1951 2914 nrortir
1965 2859 2062 2930 lrnjrrr?
2083 2860 2172 2916 Gratia
2192 2860 2242 2915 Dei
2263 2877 2305 2932 prr

1511 2946 1600 3001 Jernrrr
1614 2947 1741 3002 Christum
1755 2948 1892 3003 Deurinrnn
1907 2961 2020 3005 rrortrunr
2032 2950 2119 3022 (llum.
2136 2966 2182 3014 ru,
2197 2952 2241 3014 ts,
2255 2950 2304 3006 ἰδ-

1511 3036 1568 3107 25).
1585 3038 1659 3093 lianc
1679 3039 1728 3094 iste
1742 3054 1803 3094 cum
1824 3041 1987 3105 constituat,
2004 3056 2055 3095 non
2077 3041 2103 3095 in
2126 3043 2230 3095 uirtutis
2250 3041 2305 3111 ejas

1513 3127 1622 3193 auxilio,
1638 3129 1685 3184 sed
1701 3129 1856 3184 imitationis
1870 3131 2001 3200 exemplo,
2018 3130 2081 3201 qnid
2095 3130 2209 3200 anrplius
2219 3130 2306 3186 dcillo

1514 3233 1623 3288 sperare
1636 3218 1776 3287 dehemus,
1790 3220 1949 3290 ubicumque
1962 3222 2054 3292 gratia·
2066 3237 2165 3276 nornen
2184 3223 2234 3277 sair
2251 3235 2306 3277 ate·

1513 3308 1590 3378 higna
1605 3310 1777 3377 generalitate
1788 3311 1997 3366 corruncnroratl

1549 3396 1662 3455 carm
1677 3399 1733 3455 att.
1748 3430 1785 3439 -
1797 3400 1842 3455 dd.
1858 3401 1923 3457 item
1940 3401 2075 3457 incudem
2097 3401 2166 3457 lihro
2180 3402 2213 3457 ad
2226 3404 2306 3474 virgi·

1513 3504 1575 3545 nem
1589 3504 1712 3557 sacrant,
1728 3490 1799 3546 unde
1807 3491 1863 3561 jam
1876 3492 1956 3548 ctiam
1972 3507 2051 3562 supra
2064 3490 2248 3560 disseruimus,
2263 3495 2309 3551 uhi

1513 3580 1550 3634 ait
1562 3597 1568 3631 :
1584 3580 1701 3635 rSuhditi
1711 3582 1793 3635 simus
1804 3583 1869 3648 lieo,
1881 3582 1990 3652 ejusque
2001 3582 2122 3639 iaciendo
2132 3584 2310 3655 uoluntatem,

1513 3669 1629 3724 divinant
1642 3686 1792 3726 mereamur
1804 3673 1926 3741 gratiam,
1940 3682 1967 3728 et
1983 3673 2088 3730 lucilius
2100 3690 2213 3746 nmquam
2227 3677 2310 3746 spiri·

1514 3762 1563 3825 tui,
1579 3761 1664 3816 sancti
1680 3762 1796 3832 Spiritus
1816 3764 1925 3830 auxilio,
1949 3765 2141 3822 resistamus.»
2163 3766 2191 3821 ln
2214 3768 2312 3838 quihus

1513 3852 1572 3922 ejus
1584 3852 1673 3907 vcrhis
1687 3861 1759 3908 certe
1773 3851 1942 3910 manifestum
1955 3863 2007 3921 est,
2031 3856 2066 3911 ita
2085 3872 2146 3912 eum
2170 3858 2238 3914 velle
2260 3874 2310 3916 tros

1514 3943 1633 4014 arlJrrrari
1654 3947 1737 4015 gratia
1762 3946 1877 4016 Spiritus
1902 3949 1996 4012 sancti,
2018 3965 2072 4004 nou
2098 3950 2160 4020 quia
2183 3950 2241 4007 sine
2265 3952 2312 4008 illo

1514 4035 1595 4089 ctiam
1606 4049 1653 4103 per
1667 4036 1751 4091 solam
1766 4045 1868 4092 naturae
1883 4038 2085 4108 possibilitatem
2099 4055 2152 4096 noa
2168 4056 2311 4111 possumus

1515 4127 1642 4182 resistere
1657 4128 1780 4183 tentaturi
1792 4169 1799 4193 ,
1812 4129 1861 4184 scd
1876 4138 1905 4184 ut
1927 4129 2030 4186 lacilius
2043 4132 2209 4188 resistamns.
2232 4133 2310 4202 Quod

1516 4228 1603 4272 taurea
1617 4218 1808 4288 qualecumque
1820 4227 1847 4275 et
1856 4222 2126 4292 quantulumcumque
2136 4223 2307 4294 adjutorium,

1515 4325 1576 4363 curn
1589 4309 1717 4365 credihile
1732 4320 1773 4365 est
1787 4312 1812 4365 in
1828 4312 1878 4366 hoc
1893 4315 2067 4380 constituere,
2081 4315 2152 4384 quod
2168 4315 2248 4371 nohis
2261 4315 2310 4371 ad·

1515 4402 1586 4457 ditur
1599 4402 1709 4456 scientia
1725 4402 1859 4459 revelante
1873 4401 1974 4474 Spiritu
1992 4419 2040 4474 per
2053 4405 2214 4468 doctrinam,
2229 4421 2309 4476 quam

1515 4492 1557 4547 rel
1572 4507 1624 4546 non
1639 4507 1790 4564 possumus,
1805 4495 1848 4550 rel
1862 4494 1969 4550 dilticile
1980 4495 2077 4552 habere
2099 4511 2241 4566 possumus
2255 4513 2305 4567 per

1517 4589 1651 4641 naturam.
1668 4583 1719 4637 leta
1741 4592 1803 4639 sunt
1822 4600 1882 4653 qum
1903 4584 1931 4641 in
1949 4585 2034 4650 libro,
2058 4602 2137 4655 qrrem
2157 4587 2309 4659 scripsitatl

1516 4674 1645 4744 uirginem
1666 4672 1776 4741 Christi,
1800 4675 1938 4733 sdrertere
1961 4679 2044 4747 potui,
2066 4679 2111 4735 uhi
2124 4680 2231 4737 ridetur
2247 4697 2309 4752 gra·

1518 4764 1582 4819 riam
1594 4764 1715 4832 confiteri
1729 4782 1737 4820 ε
1751 4781 1811 4840 qun
1824 4767 1943 4837 prolecto
1956 4769 2043 4840 qualia
2057 4771 2128 4837 sint,
2143 4773 2235 4842 utique
2248 4788 2309 4828 cer-

1516 4855 1590 4910 uitis.

1552 4946 1664 5004 CAPUT
1674 4947 1836 5005 tte-ts.
1850 4949 1988 5021 thegani,
2005 4971 2015 5005 r
2032 4952 2131 5022 inquit,
2147 4971 2157 5007 r
2171 4955 2251 5011 etiam
2270 4972 2309 5011 ra-

1517 5051 1581 5093 cens
1593 5053 1683 5093 meram
1695 5038 1868 5110 opusculum,
1890 5039 1961 5111 quod
1974 5056 2023 5111 pro
2041 5040 2138 5100 Lihcro
2160 5059 2247 5114 nuper
2259 5046 2310 5099 ht·-

1517 5128 1596 5184 hircio
1616 5129 1698 5186 edere
1718 5129 1848 5199 compulsi
1870 5145 1981 5198 sumum
2014 5140 2041 5187 et
2061 5145 2205 5202 agnoscent
2232 5151 2309 5206 quam

1518 5221 1606 5290 inique
1627 5234 1675 5275 nos
1693 5220 1835 5290 negatione
1848 5221 1940 5291 gratie
1954 5220 2083 5277 infamare
2096 5223 2253 5292 gestierint,
2266 5225 2310 5295 qui

1518 5329 1566 5382 pcr
1578 5320 1660 5367 totum
1680 5327 1749 5382 pene
1764 5313 1847 5381 ipsius
1869 5320 1968 5368 textum
1983 5314 2072 5384 operis
2093 5313 2212 5384 perlecto
2228 5325 2311 5388 ,atque

1519 5403 1621 5472 integre
1634 5409 1662 5456 et
1675 5402 1787 5457 liberum
1802 5401 1941 5459 arbitrium
1953 5404 2111 5461 conliteruur
2123 5414 2152 5460 et
2161 5406 2282 5475 gratiam.
2298 5425 2309 5460 ι

1519 5493 1640 5561 Quatuor
1653 5502 1714 5547 sunt
1726 5491 1787 5548 lihri
1799 5494 1887 5564 operis
1900 5492 1989 5564 huius,
2003 5504 2030 5551 et
2040 5495 2088 5551 hos
2099 5495 2163 5566 legi,
2176 5507 2204 5554 et
2216 5513 2248 5552 ex
2262 5498 2314 5553 illis

1519 5586 1620 5655 sumpsi
1634 5600 1694 5656 quc
1709 5585 1845 5640 tractanda
1859 5595 1887 5640 et
1898 5587 2064 5642 discutienda
2083 5590 2229 5657 proposui,
2244 5598 2271 5644 et
2286 5595 2316 5649 nt

1519 5675 1592 5746 patui
1609 5674 1777 5744 pertractari,
1791 5682 1934 5745 antequam
1947 5676 1980 5731 ad
1994 5677 2051 5746 ejas
2066 5676 2115 5732 has
2128 5677 2242 5745 litteras,
2254 5694 2316 5748 quae

1520 5766 1632 5820 llrrmam
1657 5766 1745 5821 missae
1768 5776 1847 5834 sunt,
1872 5768 2032 5823 veniremus.
2053 5769 2106 5824 Sed
2127 5770 2153 5823 in
2176 5771 2217 5826 hir
2234 5769 2317 5827 etiam

1520 5869 1634 5932 quatuor
1645 5860 1720 5916 lihris
1741 5876 1916 5932 quecumque
1936 5876 1985 5932 pro
1996 5862 2081 5933 gratia
2095 5861 2201 5918 videtur
2213 5863 2317 5929 dicere,

1522 5968 1571 6024 qna
1583 5953 1707 6023 jur'amur
1726 5961 1754 6008 ut
1772 5954 1938 6009 declinemus
1952 5968 1967 6008 a
1982 5954 2052 6009 malo
2069 5954 2221 6024 honunrque
2234 5952 2318 6012 lacia-

1522 6059 1591 6110 ntus,
1605 6047 1639 6099 ita
1652 6044 1725 6108 dicit,
1741 6052 1770 6099 ut
1782 6044 1855 6100 nullo
1868 6045 1948 6101 modo
1961 6060 1975 6099 a
1990 6045 2130 6100 rerhorum
2143 6043 2321 6117 ambiguitate

1522 6134 1650 6202 discedat,
1664 6152 1741 6204 quam
1758 6137 1893 6207 discipulis
1908 6137 1947 6192 sic
1962 6137 2044 6208 possit
2057 6151 2201 6207 exponere,
2217 6145 2246 6193 ιιι
2259 6135 2322 6195 nal·

1524 6229 1578 6285 lum
1591 6229 1716 6285 auxilinm
1730 6233 1820 6302 gratie
1834 6231 1953 6299 credant,
1970 6247 2021 6303 qua
2036 6241 2138 6287 naturae
2153 6228 2321 6302 porsthdttas

1524 6322 1672 6393 arljrnetur,
1692 6322 1742 6378 nisi
1767 6324 1793 6379 in
1815 6323 1873 6396 lege
1887 6334 1966 6394 atque
1984 6324 2103 6380 doctrina
2121 6341 2127 6375 z
2143 6323 2179 6378 ita
2195 6331 2224 6378 ut
2245 6321 2320 6392 ipsas
