5592 7350
579 892 629 949 785
646 907 650 916 “

577 1019 695 1072 ιιιιιιιιιια
718 1015 837 1088 perisse
853 1014 1008 1072 trauslerre.
1034 1016 1131 1073 l'emm
1147 1025 1173 1070 et
1186 1014 1228 1070 tue
1250 1014 1270 1069 si
1288 1013 1372 1084 pudor

577 1116 656 1165 adsit.
670 1107 795 1178 aiicujus
804 1107 920 1162 ulllcium
941 1109 1098 1163 vestimenta
1112 1107 1211 1161 asseris
1224 1108 1371 1177 portinere,

577 1213 745 1273 nequaqnam
772 1199 935 1271 persuadere
958 1199 1099 1255 conaberis
1126 1191 1249 1252 limones
1272 1198 1372 1267 primos

577 1304 689 1361 percolo
704 1293 831 1362 magistro
842 1293 892 1347 ista
911 1290 1119 1362 pudorisellicia
1134 1289 1273 1352 didicisse,
1296 1299 1323 1343 ct
1347 1288 1373 1341 iu

577 1385 618 1439 eis
634 1384 708 1453 prim
723 1384 789 1438 duas
811 1382 887 1452 quasi
908 1383 996 1438 socias
1020 1392 1047 1435 et
1066 1381 1167 1434 amiras
1183 1378 1374 1433 errarent-uter

578 1474 714 1536 lsrlritasse
727 1473 906 1528 iturooeutium
917 1481 949 1528 et
957 1471 1159 1541 impudentiam.
1174 1469 1288 1538 erarulo
1300 1470 1371 1524 euim

577 1565 742 1630 audieram,
755 1573 783 1619 et
793 1580 844 1619 mm
855 1563 1096 1624 confundebantur.
1115 1562 1374 1617 irruereeuudierant

577 1658 725 1714 securrdum
738 1667 809 1712 tuam
820 1657 1043 1726 disputationem,
1059 1666 1086 1711 et
1101 1671 1116 1709 a
1135 1655 1247 1710 naturali
1262 1654 1371 1722 pudoris

571 1764 658 1828 senisu
679 1747 881 1803 abborrebaut:
897 1745 945 1801 sed
971 1745 1094 1800 videlieet
1115 1745 1153 1800 ab
1172 1745 1221 1799 ista
1243 1742 1373 1814 pravitate

578 1840 837 1914 pereunducorrceti
852 1847 932 1904 suut,
944 1846 972 1893 et
989 1851 1083 1893 seusus
1098 1839 1228 1906 reprobus
1248 1836 1373 1905 praeuari-

578 1930 693 1984 cationis
707 1928 796 1984 famus
815 1940 857 1984 est
880 1928 907 1981 iu
930 1926 1080 1983 eisdoetur
1102 1926 1221 1995 pudoris.
1239 1925 1373 1981 Pudentis

578 2027 676 2096 quippe
691 2021 754 2078 iecit
765 2023 894 2093 nequitia,
911 2035 979 2091 quos
989 2020 1160 2089 impedentes
1173 2021 1276 2090 justitio
1291 2020 1373 2075 lacie-

578 2113 706 2175 batbno
720 2129 784 2169 vero
805 2120 852 2168 toa
876 2114 927 2168 ista
951 2113 1083 2168 sententia
1106 2114 1142 2168 ita
1160 2122 1202 2167 cst
1218 2112 1372 2168 indecenter

579 2205 720 2276 irupruleus
732 2216 758 2259 et
769 2204 925 2260 deformiter
941 2203 1030 2270 noda,
1054 2215 1082 2258 ιιι
1105 2219 1186 2269 eam,
1209 2205 1373 2274 quantalibet

579 2294 641 2351 idm
653 2295 793 2350 ιιιιιιιιιιιιι
806 2310 921 2350 corrsuas
934 2335 942 2360 ,
956 2295 1064 2365 operire
1083 2312 1135 2349 aon
1151 2296 1247 2365 possis.

613 2387 643 2443 6.
657 2387 678 2441 ll
693 2387 838 2457 pictoribus
856 2402 900 2441 me
913 2384 1038 2441 didicisse
1055 2386 1177 2454 derides,
1197 2387 1268 2457 quod
1287 2387 1373 2441 Adam

578 2487 605 2532 et
620 2478 715 2534 ruolicr
735 2480 794 2548 eires
818 2477 940 2547 pudenda
955 2472 1141 2547 contexerintss
1156 2489 1184 2535 et
1199 2478 1371 2534 lloratiauum

578 2566 643 2621 illud
658 2567 827 2623 decantatam
838 2567 932 2624 autlire
943 2582 988 2623 me
998 2569 1121 2638 prmcipis
1132 2610 1139 2635 ,

1000 2660 1133 2710 uictoribus
1144 2667 1219 2723 atquc
1230 2663 1310 2722 poetis

638 2717 758 2779 Quidlibet
768 2719 873 2771 audendi
888 2732 989 2784 semper
1000 2721 1046 2771 luit
1057 2731 1126 2784 aqna
1141 2730 1254 2782 potestas.

974 2783 1014 2843 (tn
1026 2788 1081 2832 Arte
1092 2782 1199 2847 poetica,
1211 2796 1273 2834 ιιοιι.
1283 2783 1307 2844 e,
1322 2783 1370 2847 to).

576 2864 637 2935 Ego
655 2880 721 2921 uero
736 2880 793 2920 arou
813 2880 828 2919 a
849 2866 953 2936 pictore
972 2866 1091 2920 irraulum
1117 2866 1278 2935 figurarum,
1294 2866 1370 2921 seda

576 2955 708 3025 scriptore
723 2955 871 3010 diuitiarum
884 2955 963 3011 didici
977 2955 1149 3024 Litterarum,
1165 2960 1227 3028 quia
1243 2959 1280 3015 iili
1292 2959 1370 3028 primi

576 3046 699 3099 bomtnes
713 3053 854 3115 autequam
870 3056 1012 3116 peccarent
1025 3045 1088 3101 nudi
1103 3058 1189 3111 erant,
1203 3058 1230 3103 et
1239 3063 1292 3103 uon
1306 3063 1371 3104 eon-

580 3136 768 3192 luodebautor.
785 3137 814 3192 Ιιι
828 3138 923 3208 quibus
937 3138 1005 3193 absit
1021 3148 1050 3193 ut
1063 3147 1133 3194 tanta
1152 3140 1302 3195 innocentio
1316 3150 1368 3196 tam

578 3228 718 3297 impudens
727 3238 813 3284 esset:
823 3229 870 3284 sed
882 3229 999 3285 nondum
1008 3230 1093 3320 iperet
1103 3230 1173 3301 qarod
1181 3232 1300 3299 puderet.
1309 3232 1370 3286 Pee-

578 3329 717 3388 cauerunt,
731 3319 913 3389 attendemut,
925 3324 1098 3388 erubueruut,
1113 3332 1274 3394 operuerunt
1292 3322 1368 3394 (Gra.

575 3520 725 3576 normaque
756 3517 910 3561 senserunt.
934 3523 944 3559 ι
971 3506 1049 3563 lianc
1072 3508 1151 3576 plano
1176 3506 1369 3577 impudentiam

574 3606 647 3654 tuam
669 3599 747 3653 uirtus
766 3598 969 3666 incredibilem,
988 3599 1059 3654 absit
1074 3608 1103 3653 ut
1120 3599 1220 3663 dicatu,
1237 3600 1324 3654 trullus
1340 3610 1368 3654 te

574 3689 712 3760 apiostolus
729 3698 774 3744 aut
796 3690 944 3762 propbeta,
963 3690 1010 3745 scd
1029 3705 1079 3745 uec
1100 3692 1185 3760 pictor
1198 3691 1303 3758 docuit,
1319 3707 1369 3748 aec

574 3789 663 3850 poeto.
679 3779 718 3836 llli
733 3780 832 3851 quippe
847 3780 915 3850 ipsi,
929 3781 1026 3852 quibus
1041 3799 1051 3833 ι
1066 3781 1197 3852 quidlibet
1211 3782 1340 3848 anderadi,
1357 3801 1367 3835 ι

574 3871 643 3925 sicut
667 3871 802 3941 eleganter
815 3871 916 3927 dictum
931 3871 1048 3940 ridetur,
1071 3887 1204 3942 asemper
1223 3874 1272 3929 luit
1293 3888 1369 3944 aequa

574 3968 708 4030 potestas;
728 3978 738 4014 ι
767 3959 995 4017 conlouderentur
1022 3962 1080 4018 tale
1103 3962 1202 4034 aliquid
1227 3962 1368 4018 ridendum

576 4052 693 4122 tingere,
707 4052 787 4123 quale
800 4061 827 4108 te
841 4050 1008 4108 credendum
1023 4067 1077 4107 nou
1091 4052 1264 4108 eorrluuderis
1274 4052 1371 4124 dispu-

576 4155 643 4200 tare.
659 4145 728 4200 boas
742 4145 902 4201 enirusimul
917 4144 1079 4213 habitantes,
1095 4160 1214 4215 quarum⁴
1229 4146 1313 4201 altera
1328 4155 1370 4201 est

574 4238 691 4308 aptitus,
705 4239 788 4294 altera
802 4246 844 4294 eat
855 4239 981 4309 pessima,
992 4239 1065 4294 velut
1077 4239 1147 4293 iuter
1162 4253 1193 4294 se
1206 4239 1369 4294 couvenien-

576 4339 618 4385 tes
630 4338 710 4401 atque
720 4330 884 4401 eorrcordes,
899 4330 1080 4387 innocentiam
1101 4331 1204 4387 scilicet
1218 4340 1298 4401 atque
1317 4332 1368 4386 im·

574 4420 729 4493 praeentiam
743 4462 750 4487 ,
766 4423 855 4478 nullos
866 4423 953 4493 pictor
972 4424 1096 4494 pingere,
1120 4425 1209 4479 nullus
1235 4435 1311 4496 poeta
1324 4441 1368 4480 ca·

575 4513 758 4570 uereaoderet
775 4528 844 4570 :nee
863 4528 957 4570 eorum
979 4515 1119 4585 quisquam
1141 4515 1176 4570 ita
1194 4515 1228 4571 de
1245 4516 1369 4571 sensibus

573 4605 730 4676 desperaret
738 4605 871 4671 lrumauis,
885 4605 1003 4661 utetiam
1014 4606 1065 4660 boc
1074 4605 1123 4659 sibi
1135 4606 1249 4661 audendi
1263 4622 1366 4676 aequam

573 4697 696 4755 crederet
723 4705 899 4770 potestatem,
925 4697 973 4754 sed
1001 4698 1121 4753 insanam
1151 4698 1239 4769 potius
1265 4699 1368 4754 saraita-

574 4799 640 4846 lcum

610 4884 637 4938 i.
650 4882 678 4938 lu
690 4897 724 4937 eo
737 4898 802 4940 vero
822 4883 892 4953 quod
915 4884 993 4951 aisti,
1019 4902 1028 4935 ι
1044 4884 1072 4940 st
1097 4885 1134 4938 illi
1158 4885 1367 4954 interpretationi

572 4989 634 5045 qum
648 4975 818 5045 perimrrmte,
833 4973 933 5041 idest,
960 4976 1146 5044 precinctoria
1170 4980 1276 5045 posuit,
1296 4973 1368 5029 iare-

574 5075 630 5132 tur,
646 5067 826 5137 lateramassls
840 5066 927 5122 dicam
941 5075 1011 5121 tecta
1024 5064 1108 5122 luisse
1127 5081 1206 5136 «qoam
1221 5063 1339 5131 lemom;
1356 5084 1366 5117 ι

573 5160 689 5230 primum
715 5157 811 5226 doleo,
832 5159 872 5214 sic
897 5166 924 5214 te
944 5157 1016 5213 abuti
1042 5173 1135 5213 eorum
1158 5158 1307 5228 ignorantia
1324 5158 1369 5226 qoi

571 5266 662 5324 praee
679 5253 815 5316 nesciunt,
836 5262 865 5305 ιιι
884 5266 975 5306 corum
1000 5251 1044 5321 qui
1066 5251 1152 5305 sciant
1173 5249 1301 5320 judicium
1324 5265 1369 5305 re·

572 5344 675 5398 ueritus
690 5359 742 5398 non
761 5343 808 5398 sis.
824 5341 877 5399 Sed
897 5341 1064 5396 comrrrodius
1078 5341 1191 5405 accidit,
1206 5349 1235 5396 ut
1248 5340 1305 5411 ipsa
1321 5354 1368 5410 pe·

573 5437 702 5491 circinata
726 5449 786 5504 quae
813 5434 936 5504 leguntur
954 5432 981 5487 iu
1001 5431 1138 5487 codicibus
1167 5431 1281 5502 grecis,
1308 5441 1367 5486 tan·

572 5542 653 5598 qaam
669 5527 780 5582 rerlmm
791 5541 847 5580 suae
860 5524 956 5595 lingum
966 5538 1024 5578 mos
1036 5523 1134 5577 latinus
1145 5530 1264 5592 astupet.
1274 5522 1369 5577 Proin-

571 5619 606 5674 de
618 5633 679 5674 eum
700 5620 862 5688 perizomate
875 5616 884 5650 ¹
899 5630 953 5670 nou
967 5615 1080 5680 leruora,
1096 5614 1143 5669 sed
1164 5614 1246 5671 latera
1263 5614 1368 5678 conteri

572 5709 691 5781 potuisse
704 5707 881 5771 asseverasti,
900 5716 964 5776 puto
984 5706 1054 5776 quod
1071 5716 1096 5759 te
1108 5706 1188 5760 etiam
1204 5707 1261 5776 ipse
1275 5705 1366 5759 risisti.

573 5801 638 5868 orris
651 5800 722 5856 euim
743 5799 838 5854 doctus
851 5798 892 5853 uel
915 5796 1038 5851 indoctas
1051 5796 1171 5866 ignoret,
1186 5809 1252 5865 quas
1264 5795 1368 5863 perizo-

572 5901 646 5947 mata
658 5900 801 5962 contegant
816 5889 939 5960 eorporis
953 5887 1063 5959 partes?
1077 5886 1148 5956 ιιιιιιιι
1162 5900 1258 5941 ιιοιιιιιιι
1275 5886 1367 5955 tegmi-

572 5983 616 6037 uis
631 5982 711 6038 ctiam
727 5980 752 6034 iu
774 5980 932 6034 seminarum
947 5979 1054 6034 rlrrtilms
1068 5976 1229 6045 irequeutari
1250 5985 1276 6027 rt
1296 5975 1368 6028 asti·

572 6072 642 6128 tutari
656 6071 735 6136 solet,
748 6085 835 6140 neque
861 6069 891 6123 id·
913 6069 1014 6139 alligari
1036 6067 1085 6121 uisi
1103 6083 1168 6120 ιιιιιιι
1184 6067 1243 6135 quse
1267 6065 1370 6120 luudms

572 6162 666 6229 statuit.
680 6162 825 6231 interroga,
842 6170 867 6215 et
882 6161 972 6238 disee,
987 6159 1056 6229 quod
1070 6168 1096 6212 te
1111 6176 1162 6211 uon
1183 6157 1265 6212 credo
1281 6159 1369 6211 nesei-

608 6301 697 6358 ²ratiti,
710 6300 864 6373 perimitur.
885 6300 1034 6362 castigamur
1052 6295 1080 6346 ad
1099 6297 1223 6346 tztieaoes
1235 6290 1369 6345 otetlttm·

574 6379 619 6417 pus
632 6376 759 6420 roauusctu
768 6370 813 6411 tes.

1251 883 1350 945 libert
1371 888 1528 956 obtutus

2168 909 2220 963 tas

1429 1029 1468 1068 re.
1481 1015 1608 1081 Quamvis
1622 1018 1704 1073 etlam
1716 1020 1854 1077 sluescias
1864 1066 1870 1085 .
1882 1037 1935 1079 aon
1947 1039 2032 1097 usque
2050 1026 2118 1082 adro
2135 1036 2159 1081 te
2173 1042 2217 1081 ar-

1427 1103 1521 1168 bitror,
1538 1122 1599 1162 uon·
1611 1107 1754 1164 lrumauum
1767 1111 1919 1183 eloquium.
1940 1114 1996 1171 sed¹
2012 1116 2156 1172 baruanum
2172 1118 2219 1171 ba·

1430 1196 1513 1251 bitum
1537 1199 1607 1255 velle
1627 1210 1796 1270 pervertere,
1811 1214 1838 1259 ut
1852 1206 2014 1274 perizomata
2037 1209 2117 1263 etiarn
2139 1224 2220 1279 super

1428 1287 1554 1344 itamaros
1564 1291 1654 1347 leuare
1668 1294 1789 1359 coneris3
1802 1303 1850 1349 aot
1859 1297 1898 1350 eis
1909 1297 1944 1350 ita
1958 1297 2157 1354 latera-illorum
2172 1299 2220 1355 lro-

1427 1382 1529 1437 minum
1541 1383 1620 1438 luisse
1639 1394 1772 1452 contecta,
1794 1397 1823 1442 at
1837 1388 1962 1458 genitalia
1986 1399 2101 1461 totaeque
2115 1392 2219 1448 lumbo-

1427 1488 1485 1525 rum
1516 1488 1576 1527 cuna
1606 1473 1750 1531 semoribus
1774 1488 1863 1547 perles
1889 1479 1966 1534 trude
1991 1481 2216 1552 relinquerentur.

1427 1561 1496 1630 Quid
1509 1579 1574 1635 erqo
1593 1574 1619 1620 te
1631 1566 1756 1636 orbarat,
1772 1578 1800 1624 et
1812 1584 1866 1624 non
1882 1585 1925 1625 me
1937 1571 2038 1642 potius,
2056 1588 2089 1627 er·
2104 1582 2218 1643 quantu·

1427 1654 1465 1704 ris
1477 1664 1552 1723 parte
1562 1658 1682 1725 corporis
1695 1658 1833 1726 superiore
1846 1658 1971 1717 iuferiora
1985 1662 2071 1716 relata
2086 1665 2155 1728 situ,
2171 1664 2216 1718 ubi

1427 1740 1468 1796 lea
1481 1744 1505 1796 in
1516 1743 1647 1800 ruerubris
1657 1761 1810 1817 repugnans
1827 1748 1878 1819 legi
1894 1750 1992 1803 mentis
2004 1751 2093 1821 (Reor.
2109 1768 2156 1817 vn,
2167 1753 2216 1817 ‘tet

1425 1832 1522 1888 ellectu
1535 1835 1702 1891 sentiebatur
1721 1837 1873 1904 amborum,
1888 1848 1916 1894 et
1933 1840 2039 1894 alterato
2053 1842 2219 1897 excitabattu

1425 1933 1545 1992 aspectu,
1557 1924 1767 1981 inobedientium
1786 1929 1944 1997 pravitatem
1958 1944 2015 1984 sue
2031 1930 2218 1987 inobedientia·

1427 2016 1545 2072 ueritate
1554 2017 1740 2074 contundens?
1750 2022 1815 2087 Quae
1827 2030 1926 2092 quanto
1938 2022 2117 2079 turbulentius
2128 2040 2219 2081 ature-

1426 2103 1513 2171 batur‚
1529 2115 1603 2163 muto
1625 2109 1802 2165 verecundius
1816 2110 1910 2177 fieret3
1933 2112 1956 2167 si
1973 2128 2038 2168 earo
2060 2116 2138 2183 cujus
2159 2131 2218 2170 eam

1425 2194 1579 2250 stimulabat
1592 2208 1733 2267 aspectus,
1757 2200 1894 2270 aliquanto
1906 2201 2051 2268 spatiosius
2074 2205 2217 2259 relairetur.

1425 2284 1487 2341 Siue
1502 2286 1606 2355 igitura
1622 2288 1737 2354 lumbis,
1760 2290 1817 2346 sire
1839 2306 1854 2345 a
1876 2291 2004 2349 lateribus
2021 2292 2140 2350 demissa
2165 2296 2220 2352 sint

1426 2376 1543 2444 tegmina
1556 2418 1564 2444 ,
1580 2378 1704 2448 pudenda
1717 2390 1780 2437 suut
1795 2391 1864 2438 tecta
1880 2400 1888 2438 ε
1902 2399 1961 2454 quae
1973 2386 2097 2456 pudenda
2110 2404 2163 2442 uon
2176 2404 2220 2444 es-

1424 2477 1501 2533 sent,
1518 2468 1568 2522 nisi
1582 2469 1743 2539 tegimentis
1757 2474 1797 2527 lex
1813 2475 1914 2543 peceati
1923 2475 2012 2531 incide
2022 2491 2185 2548 repugnaret
2197 2483 2217 2533 ¹.

1424 2556 1477 2613 Sed
1492 2558 1535 2613 ubi
1550 2561 1690 2618 manifesta
1705 2578 1750 2620 res
1772 2574 1831 2634 est,
1851 2566 1998 2638 Scriptura·
2011 2568 2109 2625 diviua
2125 2575 2217 2627 sensui
2306 2576 2310 2583 '

1424 2658 1544 2704 uostrruu
1556 2665 1664 2709 seusam
1678 2654 1776 2711 addere
1792 2672 1844 2712 non
1855 2657 2002 2714 debemus:
2013 2676 2065 2716 non
2078 2662 2148 2717 enim
2165 2662 2217 2718 Ιιιιο

1424 2739 1454 2793 ιιι
1468 2738 1582 2794 bumana
1604 2743 1770 2812 ignorantia,
1785 2747 1834 2803 sed
1855 2749 2064 2819 presumptione
2079 2766 2216 2822 peruersa.

1423 2829 1508 2886 Adam
1523 2842 1550 2887 et
1563 2835 1659 2890 mulier
1672 2836 1749 2906 ejus,
1761 2839 1805 2907 qui
1817 2838 1880 2895 uudi
1894 2848 1975 2896 erant
1984 2850 2047 2897 aute
2061 2855 2213 2913 peecatum.

1423 2933 1450 2979 ct
1465 2925 1775 2997 uorrconluudebantur,
1801 2945 1863 2985 mox
1890 2940 1919 2987 ut
1940 2944 2136 3003 peecaverunt,
2152 2936 2229 3007 quas'

1424 3023 1514 3083 partes
1526 3017 1648 3087 eorporis
1661 3019 1828 3088 amicierint,
1845 3021 2039 3091 perizomatum
2053 3028 2163 3081 nornine
2172 3041 2218 3081 sa·

1425 3106 1458 3159 tis
1471 3106 1608 3164 evidenter
1621 3121 1840 3181 expressomest.
1857 3112 1985 3170 Videmus
1998 3115 2063 3186 quid
2077 3116 2210 3172 texerint:

1425 3199 1515 3255 niurias
1529 3200 1688 3270 insipientiae
1709 3212 1752 3260 est
1775 3205 1863 3262 adbuc
1873 3223 2009 3277 quarere,
2024 3211 2114 3266 nimias
2127 3212 2216 3280 impu·

1423 3291 1520 3347 deatlm
1533 3292 1621 3347 adum
1634 3307 1732 3365 negare
1747 3296 1809 3365 quid
1827 3298 1971 3353 senserim.
1987 3298 2053 3353 Nam
2067 3309 2095 3354 ιιι
2107 3316 2214 3371 quoqne

1423 3384 1707 3440 cumobstlnatissime
1720 3386 1898 3454 contradicas,
1917 3389 2080 3459 usqueadeo
2088 3391 2215 3461 judicasti

1424 3472 1488 3530 ιιιιιιι
1499 3474 1570 3529 aliud
1580 3473 1704 3533 buruauis
1713 3491 1855 3534 occurrere
1865 3480 2000 3548 sensibus,
2015 3482 2074 3537 nisi.
2087 3485 2217 3554 concupi·

1422 3566 1578 3621 scerttialem
1592 3576 1693 3622 ιιιιιιιιιιι
1708 3568 1966 3626 erubescentesillos
1974 3570 2095 3628 laoniines
2105 3574 2215 3645 ingrui-

1422 3659 1521 3715 talibus
1540 3666 1631 3730 tepere
1644 3659 1776 3729 tuirrissea
1791 3670 1820 3718 ιιι
1831 3665 1994 3732 perizomata
2007 3665 2111 3735 eripere
2125 3665 2158 3721 ad
2173 3665 2213 3722 la·

1423 3752 1478 3807 t'era
1489 3752 1636 3819 conareris,
1645 3761 1691 3808 aot
1700 3753 1825 3824 operiens
1836 3755 1906 3812 latos
1919 3757 1963 3812 obi
1976 3766 2131 3827 peccatores
2148 3761 2215 3816 ιιιΙιι.Ι

1422 3843 1485 3899 mali
1495 3845 1613 3901 sensisse
1624 3845 1777 3913 corrteudis,
1791 3857 1837 3903 aut
1850 3847 2007 3905 deformiter
2021 3849 2215 3924 nudans,quotl

1422 3938 1507 4010 magis
1519 3938 1662 4008 teqeradum
1676 3955 1735 3997 esse
1749 3943 1906 3999 consentis..

1458 4029 1570 4086 carun
1583 4029 1629 4088 m,
1640 4012 1714 4086 -ιι
1731 4031 1943 4089 rosemanus
1958 4034 2026 4090 ιιιιι
2041 4050 2101 4090 ooo
2115 4037 2213 4102 omo,

1422 4121 1466 4177 obi
1488 4121 1552 4187 dixi,
1570 4140 1579 4173 ι
1594 4123 1683 4178 carnis
1698 4123 1908 4180 inobedientiam
1930 4125 2103 4182 inobedienti,
2114 4128 2216 4185 lroaiioi

1421 4214 1576 4286 dignissime
1584 4215 1739 4271 retributam
1751 4231 1759 4280 ;
1773 4215 1835 4285 quta
1846 4215 2047 4286 injustumerat
2062 4227 2093 4275 ut
2109 4220 2216 4277 obtem·

1422 4313 1561 4376 peraretur
1574 4320 1590 4359 a
1603 4319 1682 4361 seruo
1696 4319 1760 4371 soo,
1782 4306 1808 4362 id
1831 4316 1873 4363 est
1886 4322 1901 4361 a
1915 4322 2030 4378 corpore
2049 4323 2116 4378 suo,
2127 4312 2152 4367 el
2169 4315 2216 4383 qui

1422 4410 1475 4451 auu
1487 4395 1719 4465 obtemperaverat
1727 4395 1837 4451 domino
1849 4411 1900 4452 suo
1917 4397 1983 4467 illle
1996 4396 2103 4468 Nuptiis
2112 4411 2136 4454 rt
2148 4400 2215 4457 Goa-

1421 4489 1590 4558 eupiseeatio,
1612 4488 1657 4543 lit.
1681 4487 1715 4556 l,
1734 4505 1761 4542 ιι.
1786 4489 1814 4559 l)
1840 4506 1847 4544 ι
1872 4489 2026 4545 etoouaris
2051 4489 2215 4559 ostendere,

1425 4581 1521 4635 elranc
1548 4579 1761 4636 inobedientiam.
1786 4581 1875 4636 caruis
1901 4580 1990 4650 potius
2017 4595 2078 4638 esse
2101 4581 2218 4639 laudabi-

1423 4675 1486 4739 lem,
1508 4673 1532 4728 si
1546 4688 1623 4742 poeaa
1639 4674 1742 4743 peccati
1760 4683 1816 4740 est;
1832 4693 1841 4727 ι
1865 4683 1891 4730 et
1907 4681 2032 4744 tanquam
2049 4689 2162 4745 persona
2180 4678 2217 4733 sit

1421 4764 1524 4834 aliqua,
1549 4779 1608 4835 quae
1632 4772 1799 4832 peecatorem
1829 4765 1945 4820 scienter
1964 4762 2075 4835 ailliqat,
2099 4764 2139 4820 sic
2156 4781 2215 4822 earu

1425 4877 1434 4910 ι
1452 4859 1525 4914 relrrt
1537 4857 1660 4913 ultricem
1674 4856 1795 4923 sceleris,
1811 4866 1838 4912 et
1852 4857 1877 4911 iu
1893 4858 1945 4912 ιιοιι
1958 4857 2005 4912 llei
2024 4857 2186 4927 ministram,
2204 4879 2214 4912 ι

1422 4957 1547 5019 tanquam
1563 4962 1686 5017 maguum
1697 4946 1804 5017 aliquod
1818 4947 1917 5003 beurim
1937 4946 2070 5004 cetlrumo
2081 4953 2222 5005 sermonis

1422 5053 1546 5095 exornas.
1560 5037 1616 5093 Nec
1626 5039 1729 5109 cogitas
1746 5052 1825 5107 posse
1840 5047 1866 5093 te
1879 5039 1931 5095 istu
1951 5039 2032 5095 uredo
2044 5039 2215 5098 tardarem..

1421 5130 1497 5202 gelos
1509 5128 1593 5184 malus
1605 5170 1613 5196 ,
1625 5129 1669 5198 qui
1681 5129 1773 5199 utique
1788 5144 1840 5185 nou
1856 5139 1917 5185 sunt
1933 5131 1983 5185 uisi
1995 5133 2215 5203 praevaricatores

1422 5230 1502 5291 atque
1523 5220 1613 5291 impii,
1637 5234 1685 5289 per
1703 5234 1771 5290 quos
1797 5229 1885 5275 tamen
1902 5221 2108 5278 muntinolus
2123 5239 2223 5293 peenas·

1422 5312 1541 5383 irrogare
1555 5311 1737 5382 peccantibus,
1749 5321 1841 5366 salicta
1859 5311 1997 5382 Scriptura
2017 5322 2146 5378 testatur,
2172 5313 2215 5367 tli-

1422 5420 1505 5461 ceus:
1521 5402 1593 5458 diisit
1603 5403 1629 5457 iu
1638 5419 1680 5457 eoa
1694 5402 1759 5458 irum
1773 5403 1956 5475 indiquatiouis
1976 5419 2040 5469 sue,
2062 5403 2220 5474 indiquetio·

1422 5512 1481 5550 uem
1493 5504 1516 5550 et
1530 5494 1596 5549 irum
1607 5503 1630 5549 et
1650 5493 1849 5559 tribulationum,
1859 5493 2043 5550 ,inundationem
2058 5510 2103 5563 per
2114 5493 2223 5564 orrqeios

1422 5586 1503 5641 uruloo
1518 5584 1603 5658 (root.
1618 5601 1717 5648 carru.
1735 5584 1794 5655 tt).
1814 5583 1904 5639 Lauda
1929 5585 2009 5638 etiam
2032 5584 2108 5649 istos,
2134 5585 2211 5640 lauda

1423 5694 1515 5734 coriam
1530 5676 1675 5748 principem
1691 5687 1829 5740 satanam,
1844 5676 1905 5745 quia
1919 5686 1946 5729 et
1967 5676 2024 5746 ipse
2046 5676 2141 5731 riudex
2156 5692 2217 5745 pee-

1422 5772 1474 5823 euti
1495 5770 1562 5836 luit,
1575 5768 1681 5838 quaudo
1707 5768 1731 5822 ei
1756 5766 1864 5821 tradidit
1878 5766 2023 5836 Apostolus
2039 5766 2175 5823 homiuem
2191 5771 2216 5824 iu

1423 5860 1561 5916 iuteritum
1575 5859 1664 5913 earrris
1677 5857 1698 5926 (l
1711 5857 1771 5912 Cor.
1780 5873 1806 5920 s,
1822 5857 1861 5928 5).
1878 5857 1960 5913 Valde
1970 5861 2042 5913 euim
2055 5859 2173 5921 disertus
2187 5878 2222 5920 es,

1423 5952 1639 6021 eriritragratiam
1663 5950 1770 6012 Christi,
1793 5962 1819 6005 et
1843 5950 2057 6007 idoneusdicero
2074 5957 2217 6024 panegyri-

1423 6061 1483 6099 cum
1493 6054 1592 6098 saturne
1602 6052 1628 6097 et
1644 6044 1746 6113 augelis
1760 6042 1828 6112 ejus,
1847 6060 1895 6112 per
1908 6059 1976 6113 quos
1992 6045 2134 6102 multorum
2149 6048 2219 6103 bees

1456 6177 1463 6202 ι
1478 6178 1580 6218 tuamor
1593 6183 1607 6218 e
1621 6170 1736 6219 t'aticauis
1755 6176 1819 6224 uss..
1838 6168 1922 6220 ittdrru
1941 6180 2094 6235 repuquarrt.
2107 6175 2226 6232 Quintus,¹

1423 6231 1528 6283 ilitlrru.
1543 6239 1606 6279 ttnrts
1618 6244 1650 6280 rx
1667 6230 1777 6292 belgicis,
1795 6231 1893 6281 imeae.
1913 6239 1996 6282 ruram
2009 6237 2168 6283 tirirauloasas
2179 6239 2217 6282 rie-

1423 6299 1522 6363 spieerc
1533 6292 1690 6363 trrgrrstiuum
1702 6292 1730 6340 ad
1742 6291 1802 6361 illud
1811 6294 1890 6342 taurini
1903 6304 1935 6354 u,
1947 6295 1978 6345 li:
1993 6296 2029 6345 Ati
2037 6295 2152 6346 ttttrdt'uut
2161 6307 2217 6344 coua

1425 6361 1525 6408 ιιιιιιιιι
1534 6361 1631 6407 ιιιιιιιιιι
1642 6367 1682 6414 qru
1691 6352 1781 6404 ltebttat
1792 6367 1817 6405 ur
1829 6354 1901 6407 sabb.
