<?xml version="1.0" encoding="UTF-8"?>
<!DOCTYPE html PUBLIC "-//W3C//DTD XHTML 1.0 Transitional//EN"
    "http://www.w3.org/TR/xhtml1/DTD/xhtml1-transitional.dtd">
<html xmlns="http://www.w3.org/1999/xhtml" xml:lang="en" lang="en">
 <head>
  <title>
</title>
<meta http-equiv="Content-Type" content="text/html;charset=utf-8" />
  <meta name='ocr-system' content='tesseract 3.04.00' />
  <meta name='ocr-capabilities' content='ocr_page ocr_carea ocr_par ocr_line ocrx_word'/>
</head>
<body>
  <div class='ocr_page' id='page_1' title='image "./patrologiaecurs04goog/patrologiaecurs04goog_0270.png"; bbox 0 0 5592 7350; ppageno 0'>
   <div class='ocr_carea' id='block_1_1' title="bbox 665 909 719 965">
    <p class='ocr_par' dir='ltr' id='par_1_1' title="bbox 665 909 719 965">
     <span class='ocr_line' id='line_1_1' title="bbox 665 909 719 965; baseline -0.037 0"><span class='ocrx_word' id='word_1_1' title='bbox 665 909 719 965; x_wconf 70' lang='lat' dir='ltr'>&#39;ppt</span> 
     </span>
    </p>
   </div>
   <div class='ocr_carea' id='block_1_2' title="bbox 668 994 1471 3618">
    <p class='ocr_par' dir='ltr' id='par_1_2' title="bbox 668 994 1468 2271">
     <span class='ocr_line' id='line_1_2' title="bbox 668 994 1459 1083; baseline -0.035 -7"><span class='ocrx_word' id='word_1_2' title='bbox 668 1026 707 1076; x_wconf 87' lang='lat' dir='ltr'>eis</span> <span class='ocrx_word' id='word_1_3' title='bbox 721 1015 820 1081; x_wconf 79' lang='lat' dir='ltr'>audiri,</span> <span class='ocrx_word' id='word_1_4' title='bbox 834 1012 878 1083; x_wconf 92' lang='lat' dir='ltr'>qui</span> <span class='ocrx_word' id='word_1_5' title='bbox 895 1010 986 1080; x_wconf 89' lang='lat' dir='ltr'>utique</span> <span class='ocrx_word' id='word_1_6' title='bbox 998 1007 1024 1062; x_wconf 93' lang='lat' dir='ltr'>in</span> <span class='ocrx_word' id='word_1_7' title='bbox 1040 1004 1158 1061; x_wconf 77' lang='lat' dir='ltr'>Ecclesia</span> <span class='ocrx_word' id='word_1_8' title='bbox 1173 1000 1302 1057; x_wconf 80' lang='lat' dir='ltr'>ettlnrlica</span> <span class='ocrx_word' id='word_1_9' title='bbox 1323 994 1459 1051; x_wconf 79' lang='lat' dir='ltr'>coristiuui</span> 
     </span>
     <span class='ocr_line' id='line_1_3' title="bbox 668 1086 1461 1180; baseline -0.035 -15"><span class='ocrx_word' id='word_1_10' title='bbox 668 1118 730 1165; x_wconf 86' lang='lat' dir='ltr'>sum</span> <span class='ocrx_word' id='word_1_11' title='bbox 745 1103 902 1180; x_wconf 75' lang='lat' dir='ltr'>presbyteri.</span> <span class='ocrx_word' id='word_1_12' title='bbox 915 1100 1041 1157; x_wconf 78' lang='lat' dir='ltr'>Paulinus</span> <span class='ocrx_word' id='word_1_13' title='bbox 1055 1096 1093 1167; x_wconf 84' lang='lat' dir='ltr'>(u)</span> <span class='ocrx_word' id='word_1_14' title='bbox 1108 1095 1236 1149; x_wconf 90' lang='lat' dir='ltr'>diaconus</span> <span class='ocrx_word' id='word_1_15' title='bbox 1250 1090 1316 1145; x_wconf 81' lang='lat' dir='ltr'>dixit</span> <span class='ocrx_word' id='word_1_16' title='bbox 1333 1086 1400 1143; x_wconf 86' lang='lat' dir='ltr'>:llic</span> <span class='ocrx_word' id='word_1_17' title='bbox 1413 1099 1461 1138; x_wconf 92' lang='lat' dir='ltr'>uo·</span> 
     </span>
     <span class='ocr_line' id='line_1_4' title="bbox 670 1180 1460 1263; baseline -0.033 -9"><span class='ocrx_word' id='word_1_18' title='bbox 670 1203 709 1255; x_wconf 90' lang='lat' dir='ltr'>nis</span> <span class='ocrx_word' id='word_1_19' title='bbox 729 1197 835 1253; x_wconf 84' lang='lat' dir='ltr'>nentina</span> <span class='ocrx_word' id='word_1_20' title='bbox 857 1194 985 1263; x_wconf 83' lang='lat' dir='ltr'>ipsorum.</span> <span class='ocrx_word' id='word_1_21' title='bbox 1004 1187 1145 1244; x_wconf 85' lang='lat' dir='ltr'>Coelestius</span> <span class='ocrx_word' id='word_1_22' title='bbox 1166 1183 1233 1237; x_wconf 88' lang='lat' dir='ltr'>dixit</span> <span class='ocrx_word' id='word_1_23' title='bbox 1247 1198 1254 1233; x_wconf 95' lang='lat'>:</span> <span class='ocrx_word' id='word_1_24' title='bbox 1268 1180 1383 1234; x_wconf 82' lang='lat' dir='ltr'>Sancms</span> <span class='ocrx_word' id='word_1_25' title='bbox 1396 1190 1460 1246; x_wconf 93' lang='lat' dir='ltr'>pre-</span> 
     </span>
     <span class='ocr_line' id='line_1_5' title="bbox 669 1268 1463 1361; baseline -0.034 -17"><span class='ocrx_word' id='word_1_26' title='bbox 669 1292 760 1361; x_wconf 82' lang='lat' dir='ltr'>sbyter</span> <span class='ocrx_word' id='word_1_27' title='bbox 772 1285 883 1340; x_wconf 81' lang='lat' dir='ltr'>iluimus</span> <span class='ocrx_word' id='word_1_28' title='bbox 894 1280 930 1352; x_wconf 82' lang='lat' dir='ltr'>(b)</span> <span class='ocrx_word' id='word_1_29' title='bbox 944 1281 1036 1335; x_wconf 76' lang='lat' dir='ltr'>llomxc</span> <span class='ocrx_word' id='word_1_30' title='bbox 1048 1277 1092 1348; x_wconf 93' lang='lat' dir='ltr'>qui</span> <span class='ocrx_word' id='word_1_31' title='bbox 1107 1273 1203 1329; x_wconf 76' lang='lat' dir='ltr'>:tramit</span> <span class='ocrx_word' id='word_1_32' title='bbox 1216 1285 1275 1326; x_wconf 94' lang='lat' dir='ltr'>cum</span> <span class='ocrx_word' id='word_1_33' title='bbox 1285 1268 1463 1324; x_wconf 78' lang='lat' dir='ltr'>sanctol&#39;mn·</span> 
     </span>
     <span class='ocr_line' id='line_1_6' title="bbox 669 1357 1461 1445; baseline -0.03 -11"><span class='ocrx_word' id='word_1_34' title='bbox 669 1377 775 1434; x_wconf 89' lang='lat' dir='ltr'>maclrio</span> <span class='ocrx_word' id='word_1_35' title='bbox 801 1394 808 1430; x_wconf 92' lang='lat'>:</span> <span class='ocrx_word' id='word_1_36' title='bbox 830 1389 879 1445; x_wconf 91' lang='lat' dir='ltr'>ego</span> <span class='ocrx_word' id='word_1_37' title='bbox 901 1371 989 1428; x_wconf 85' lang='lat' dir='ltr'>audiri</span> <span class='ocrx_word' id='word_1_38' title='bbox 1011 1369 1084 1424; x_wconf 93' lang='lat' dir='ltr'>illum</span> <span class='ocrx_word' id='word_1_39' title='bbox 1108 1365 1261 1429; x_wconf 74' lang='lat' dir='ltr'><strong>dicentem,</strong></span> <span class='ocrx_word' id='word_1_40' title='bbox 1283 1362 1344 1429; x_wconf 86' lang='lat' dir='ltr'>qnia</span> <span class='ocrx_word' id='word_1_41' title='bbox 1366 1357 1461 1414; x_wconf 79' lang='lat' dir='ltr'>tradux</span> 
     </span>
     <span class='ocr_line' id='line_1_7' title="bbox 669 1450 1463 1540; baseline -0.029 -15"><span class='ocrx_word' id='word_1_42' title='bbox 669 1469 771 1540; x_wconf 89' lang='lat' dir='ltr'>pcccati</span> <span class='ocrx_word' id='word_1_43' title='bbox 788 1484 840 1521; x_wconf 91' lang='lat' dir='ltr'>uon</span> <span class='ocrx_word' id='word_1_44' title='bbox 855 1466 899 1520; x_wconf 92' lang='lat' dir='ltr'>sit.</span> <span class='ocrx_word' id='word_1_45' title='bbox 914 1464 1039 1519; x_wconf 85' lang='lat' dir='ltr'>Paulinus</span> <span class='ocrx_word' id='word_1_46' title='bbox 1053 1459 1180 1515; x_wconf 92' lang='lat' dir='ltr'>diaconus</span> <span class='ocrx_word' id='word_1_47' title='bbox 1193 1455 1261 1510; x_wconf 92' lang='lat' dir='ltr'>dixit</span> <span class='ocrx_word' id='word_1_48' title='bbox 1277 1471 1283 1505; x_wconf 91' lang='lat'>:</span> <span class='ocrx_word' id='word_1_49' title='bbox 1306 1452 1353 1506; x_wconf 85' lang='lat' dir='ltr'>Est</span> <span class='ocrx_word' id='word_1_50' title='bbox 1366 1450 1463 1519; x_wconf 89' lang='lat' dir='ltr'>uliquis</span> 
     </span>
     <span class='ocr_line' id='line_1_8' title="bbox 671 1540 1464 1617; baseline -0.03 -2"><span class='ocrx_word' id='word_1_51' title='bbox 671 1561 759 1617; x_wconf 78' lang='lat' dir='ltr'>alius?</span> <span class='ocrx_word' id='word_1_52' title='bbox 773 1558 914 1614; x_wconf 87' lang='lat' dir='ltr'>Coelcstius</span> <span class='ocrx_word' id='word_1_53' title='bbox 926 1554 996 1609; x_wconf 91' lang='lat' dir='ltr'>dixit</span> <span class='ocrx_word' id='word_1_54' title='bbox 1034 1549 1128 1605; x_wconf 75' lang='lat' dir='ltr'>Audiri</span> <span class='ocrx_word' id='word_1_55' title='bbox 1140 1557 1166 1602; x_wconf 92' lang='lat' dir='ltr'>et</span> <span class='ocrx_word' id='word_1_56' title='bbox 1181 1547 1271 1617; x_wconf 87' lang='lat' dir='ltr'>plures</span> <span class='ocrx_word' id='word_1_57' title='bbox 1283 1544 1382 1599; x_wconf 82' lang='lat' dir='ltr'>dicere.</span> <span class='ocrx_word' id='word_1_58' title='bbox 1395 1540 1464 1595; x_wconf 90' lang='lat' dir='ltr'>Pau-</span> 
     </span>
     <span class='ocr_line' id='line_1_9' title="bbox 672 1632 1464 1711; baseline -0.027 -3"><span class='ocrx_word' id='word_1_59' title='bbox 672 1653 743 1708; x_wconf 81' lang='lat' dir='ltr'>linus</span> <span class='ocrx_word' id='word_1_60' title='bbox 757 1651 883 1706; x_wconf 87' lang='lat' dir='ltr'>diacouus</span> <span class='ocrx_word' id='word_1_61' title='bbox 897 1646 984 1701; x_wconf 87' lang='lat' dir='ltr'>dixit:</span> <span class='ocrx_word' id='word_1_62' title='bbox 999 1644 1048 1698; x_wconf 85' lang='lat' dir='ltr'>llic</span> <span class='ocrx_word' id='word_1_63' title='bbox 1060 1642 1165 1696; x_wconf 82' lang='lat' dir='ltr'>nomint</span> <span class='ocrx_word' id='word_1_64' title='bbox 1179 1642 1306 1711; x_wconf 90' lang='lat' dir='ltr'>ipsorum.</span> <span class='ocrx_word' id='word_1_65' title='bbox 1322 1632 1464 1691; x_wconf 86' lang='lat' dir='ltr'>leestius</span> 
     </span>
     <span class='ocr_line' id='line_1_10' title="bbox 673 1724 1464 1801; baseline -0.03 0"><span class='ocrx_word' id='word_1_66' title='bbox 673 1743 740 1801; x_wconf 81' lang='lat' dir='ltr'>dixit</span> <span class='ocrx_word' id='word_1_67' title='bbox 755 1762 762 1799; x_wconf 96' lang='lat'>:</span> <span class='ocrx_word' id='word_1_68' title='bbox 777 1742 834 1797; x_wconf 86' lang='lat' dir='ltr'>Non</span> <span class='ocrx_word' id='word_1_69' title='bbox 850 1739 895 1795; x_wconf 90' lang='lat' dir='ltr'>tibi</span> <span class='ocrx_word' id='word_1_70' title='bbox 906 1736 1005 1793; x_wconf 85' lang='lat' dir='ltr'>suldrit</span> <span class='ocrx_word' id='word_1_71' title='bbox 1020 1748 1087 1788; x_wconf 78' lang='lat' dir='ltr'>ursus</span> <span class='ocrx_word' id='word_1_72' title='bbox 1101 1730 1244 1788; x_wconf 78' lang='lat' dir='ltr'>sacerdos?</span> <span class='ocrx_word' id='word_1_73' title='bbox 1263 1749 1272 1781; x_wconf 80' lang='lat' dir='ltr'>r</span> <span class='ocrx_word' id='word_1_74' title='bbox 1293 1726 1326 1782; x_wconf 84' lang='lat' dir='ltr'>Et</span> <span class='ocrx_word' id='word_1_75' title='bbox 1341 1735 1400 1796; x_wconf 93' lang='lat' dir='ltr'>post</span> <span class='ocrx_word' id='word_1_76' title='bbox 1414 1724 1464 1777; x_wconf 89' lang='lat' dir='ltr'>ali·</span> 
     </span>
     <span class='ocr_line' id='line_1_11' title="bbox 675 1816 1464 1907; baseline -0.032 -16"><span class='ocrx_word' id='word_1_77' title='bbox 675 1853 726 1907; x_wconf 90' lang='lat' dir='ltr'>qua</span> <span class='ocrx_word' id='word_1_78' title='bbox 747 1836 800 1888; x_wconf 93' lang='lat' dir='ltr'>alio</span> <span class='ocrx_word' id='word_1_79' title='bbox 822 1834 881 1886; x_wconf 91' lang='lat' dir='ltr'>luco</span> <span class='ocrx_word' id='word_1_80' title='bbox 900 1848 907 1883; x_wconf 91' lang='lat'>:</span> <span class='ocrx_word' id='word_1_81' title='bbox 931 1828 1081 1883; x_wconf 80' lang='lat' dir='ltr'>«Aurelios</span> <span class='ocrx_word' id='word_1_82' title='bbox 1094 1824 1233 1893; x_wconf 88' lang='lat' dir='ltr'>episeopus</span> <span class='ocrx_word' id='word_1_83' title='bbox 1250 1820 1337 1874; x_wconf 85' lang='lat' dir='ltr'>dixit:</span> <span class='ocrx_word' id='word_1_84' title='bbox 1355 1816 1464 1885; x_wconf 84' lang='lat' dir='ltr'>lleliqua</span> 
     </span>
     <span class='ocr_line' id='line_1_12' title="bbox 674 1904 1465 1996; baseline -0.034 -11"><span class='ocrx_word' id='word_1_85' title='bbox 674 1930 755 1985; x_wconf 87' lang='lat' dir='ltr'>libelli</span> <span class='ocrx_word' id='word_1_86' title='bbox 771 1929 900 1996; x_wconf 87' lang='lat' dir='ltr'>legantur.</span> <span class='ocrx_word' id='word_1_87' title='bbox 918 1923 951 1977; x_wconf 81' lang='lat' dir='ltr'>lit</span> <span class='ocrx_word' id='word_1_88' title='bbox 965 1920 1104 1976; x_wconf 84' lang='lat' dir='ltr'>recitatum</span> <span class='ocrx_word' id='word_1_89' title='bbox 1126 1926 1178 1981; x_wconf 90' lang='lat' dir='ltr'>est,</span> <span class='ocrx_word' id='word_1_90' title='bbox 1195 1912 1270 1982; x_wconf 81' lang='lat' dir='ltr'>Qrtrxl</span> <span class='ocrx_word' id='word_1_91' title='bbox 1287 1909 1401 1964; x_wconf 88' lang='lat' dir='ltr'>iulanlcs</span> <span class='ocrx_word' id='word_1_92' title='bbox 1421 1904 1465 1975; x_wconf 93' lang='lat' dir='ltr'>qui</span> 
     </span>
     <span class='ocr_line' id='line_1_13' title="bbox 675 2000 1467 2082; baseline -0.035 -5"><span class='ocrx_word' id='word_1_93' title='bbox 675 2027 837 2082; x_wconf 85' lang='lat' dir='ltr'>nascrrnu&#39;rr,</span> <span class='ocrx_word' id='word_1_94' title='bbox 860 2016 887 2070; x_wconf 91' lang='lat' dir='ltr'>in</span> <span class='ocrx_word' id='word_1_95' title='bbox 908 2028 940 2068; x_wconf 91' lang='lat' dir='ltr'>eo</span> <span class='ocrx_word' id='word_1_96' title='bbox 961 2018 1031 2065; x_wconf 89' lang='lat' dir='ltr'>statu</span> <span class='ocrx_word' id='word_1_97' title='bbox 1045 2009 1112 2071; x_wconf 92' lang='lat' dir='ltr'>sint,</span> <span class='ocrx_word' id='word_1_98' title='bbox 1128 2006 1155 2060; x_wconf 91' lang='lat' dir='ltr'>in</span> <span class='ocrx_word' id='word_1_99' title='bbox 1170 2019 1222 2075; x_wconf 92' lang='lat' dir='ltr'>quo</span> <span class='ocrx_word' id='word_1_100' title='bbox 1238 2002 1287 2057; x_wconf 89' lang='lat' dir='ltr'>luit</span> <span class='ocrx_word' id='word_1_101' title='bbox 1301 2000 1384 2054; x_wconf 80' lang='lat' dir='ltr'>Adam</span> <span class='ocrx_word' id='word_1_102' title='bbox 1404 2004 1467 2051; x_wconf 90' lang='lat' dir='ltr'>anto</span> 
     </span>
     <span class='ocr_line' id='line_1_14' title="bbox 675 2090 1468 2178; baseline -0.03 -13"><span class='ocrx_word' id='word_1_103' title='bbox 675 2108 912 2178; x_wconf 78' lang='lat' dir='ltr'>transgressionem</span> <span class='ocrx_word' id='word_1_104' title='bbox 929 2120 934 2154; x_wconf 96' lang='lat'>:</span> <span class='ocrx_word' id='word_1_105' title='bbox 951 2115 1034 2171; x_wconf 89' lang='lat' dir='ltr'>usque</span> <span class='ocrx_word' id='word_1_106' title='bbox 1053 2098 1080 2153; x_wconf 92' lang='lat' dir='ltr'>in</span> <span class='ocrx_word' id='word_1_107' title='bbox 1098 2097 1177 2150; x_wconf 88' lang='lat' dir='ltr'>linem</span> <span class='ocrx_word' id='word_1_108' title='bbox 1195 2092 1275 2149; x_wconf 90' lang='lat' dir='ltr'>libelli</span> <span class='ocrx_word' id='word_1_109' title='bbox 1293 2090 1403 2145; x_wconf 88' lang='lat' dir='ltr'>mirmris</span> <span class='ocrx_word' id='word_1_110' title='bbox 1422 2102 1468 2142; x_wconf 90' lang='lat' dir='ltr'>so·</span> 
     </span>
     <span class='ocr_line' id='line_1_15' title="bbox 674 2195 881 2271; baseline -0.034 -17"><span class='ocrx_word' id='word_1_111' title='bbox 674 2202 765 2271; x_wconf 81' lang='lat' dir='ltr'>perius</span> <span class='ocrx_word' id='word_1_112' title='bbox 779 2195 881 2251; x_wconf 87' lang='lat' dir='ltr'>inserti.</span> 
     </span>
    </p>

    <p class='ocr_par' dir='ltr' id='par_1_3' title="bbox 675 2269 1471 3618">
     <span class='ocr_line' id='line_1_16' title="bbox 711 2269 1466 2348; baseline -0.029 -4"><span class='ocrx_word' id='word_1_113' title='bbox 711 2288 822 2344; x_wconf 75' lang='lat' dir='ltr'>Ctl’UT</span> <span class='ocrx_word' id='word_1_114' title='bbox 842 2284 936 2339; x_wconf 48' lang='lat' dir='ltr'>lle«</span> <span class='ocrx_word' id='word_1_115' title='bbox 948 2277 1221 2348; x_wconf 86' lang='lat' dir='ltr'>llurcliusepiscopus</span> <span class='ocrx_word' id='word_1_116' title='bbox 1233 2273 1299 2328; x_wconf 85' lang='lat' dir='ltr'>dixit</span> <span class='ocrx_word' id='word_1_117' title='bbox 1315 2290 1321 2325; x_wconf 93' lang='lat'>:</span> <span class='ocrx_word' id='word_1_118' title='bbox 1339 2269 1466 2337; x_wconf 84' lang='lat' dir='ltr'>llecmsti,</span> 
     </span>
     <span class='ocr_line' id='line_1_17' title="bbox 675 2358 1467 2445; baseline -0.024 -11"><span class='ocrx_word' id='word_1_119' title='bbox 675 2377 793 2445; x_wconf 83' lang='lat' dir='ltr'>Coelcsti,</span> <span class='ocrx_word' id='word_1_120' title='bbox 809 2373 958 2445; x_wconf 85' lang='lat' dir='ltr'>alirpmudo,</span> <span class='ocrx_word' id='word_1_121' title='bbox 975 2379 1004 2425; x_wconf 91' lang='lat' dir='ltr'>ut</span> <span class='ocrx_word' id='word_1_122' title='bbox 1022 2370 1089 2424; x_wconf 80' lang='lat' dir='ltr'>dixit</span> <span class='ocrx_word' id='word_1_123' title='bbox 1101 2368 1227 2423; x_wconf 87' lang='lat' dir='ltr'>diaconus</span> <span class='ocrx_word' id='word_1_124' title='bbox 1247 2364 1381 2427; x_wconf 83' lang='lat' dir='ltr'>Paulinus,</span> <span class='ocrx_word' id='word_1_125' title='bbox 1396 2358 1467 2430; x_wconf 93' lang='lat' dir='ltr'>quod</span> 
     </span>
     <span class='ocr_line' id='line_1_18' title="bbox 676 2449 1469 2537; baseline -0.028 -11"><span class='ocrx_word' id='word_1_126' title='bbox 676 2470 789 2526; x_wconf 88' lang='lat' dir='ltr'>iulautcs</span> <span class='ocrx_word' id='word_1_127' title='bbox 803 2467 847 2537; x_wconf 92' lang='lat' dir='ltr'>qni</span> <span class='ocrx_word' id='word_1_128' title='bbox 867 2470 1026 2527; x_wconf 90' lang='lat' dir='ltr'>naseuntur,</span> <span class='ocrx_word' id='word_1_129' title='bbox 1043 2461 1068 2515; x_wconf 91' lang='lat' dir='ltr'>in</span> <span class='ocrx_word' id='word_1_130' title='bbox 1082 2475 1114 2514; x_wconf 91' lang='lat' dir='ltr'>eo</span> <span class='ocrx_word' id='word_1_131' title='bbox 1129 2466 1198 2513; x_wconf 89' lang='lat' dir='ltr'>statu</span> <span class='ocrx_word' id='word_1_132' title='bbox 1216 2457 1286 2522; x_wconf 92' lang='lat' dir='ltr'>siut,</span> <span class='ocrx_word' id='word_1_133' title='bbox 1309 2455 1334 2507; x_wconf 94' lang='lat' dir='ltr'>in</span> <span class='ocrx_word' id='word_1_134' title='bbox 1352 2467 1405 2522; x_wconf 92' lang='lat' dir='ltr'>quo</span> <span class='ocrx_word' id='word_1_135' title='bbox 1420 2449 1469 2504; x_wconf 87' lang='lat' dir='ltr'>luit</span> 
     </span>
     <span class='ocr_line' id='line_1_19' title="bbox 676 2544 1468 2627; baseline -0.027 -10"><span class='ocrx_word' id='word_1_136' title='bbox 676 2561 761 2617; x_wconf 78' lang='lat' dir='ltr'>Adam</span> <span class='ocrx_word' id='word_1_137' title='bbox 778 2569 840 2614; x_wconf 89' lang='lat' dir='ltr'>ante</span> <span class='ocrx_word' id='word_1_138' title='bbox 852 2545 1107 2627; x_wconf 77' lang='lat' dir='ltr'>transgressionem!</span> <span class='ocrx_word' id='word_1_139' title='bbox 1126 2549 1267 2606; x_wconf 87' lang='lat' dir='ltr'>Coelcstius</span> <span class='ocrx_word' id='word_1_140' title='bbox 1286 2544 1468 2613; x_wconf 74' lang='lat' dir='ltr'>dixit:lixpo-</span> 
     </span>
     <span class='ocr_line' id='line_1_20' title="bbox 676 2633 1469 2721; baseline -0.029 -13"><span class='ocrx_word' id='word_1_141' title='bbox 676 2662 723 2707; x_wconf 89' lang='lat' dir='ltr'>uat</span> <span class='ocrx_word' id='word_1_142' title='bbox 743 2650 805 2721; x_wconf 91' lang='lat' dir='ltr'>quid</span> <span class='ocrx_word' id='word_1_143' title='bbox 819 2648 899 2711; x_wconf 85' lang='lat' dir='ltr'>dixit,</span> <span class='ocrx_word' id='word_1_144' title='bbox 922 2648 992 2701; x_wconf 75' lang='lat' dir='ltr'>Arete</span> <span class='ocrx_word' id='word_1_145' title='bbox 1011 2642 1260 2713; x_wconf 55' lang='lat' dir='ltr'>transgressionem.</span> <span class='ocrx_word' id='word_1_146' title='bbox 1274 2637 1397 2692; x_wconf 78' lang='lat' dir='ltr'>Paulinus</span> <span class='ocrx_word' id='word_1_147' title='bbox 1412 2633 1469 2686; x_wconf 88' lang='lat' dir='ltr'>dia·</span> 
     </span>
     <span class='ocr_line' id='line_1_21' title="bbox 676 2726 1469 2806; baseline -0.02 -10"><span class='ocrx_word' id='word_1_148' title='bbox 676 2757 760 2798; x_wconf 91' lang='lat' dir='ltr'>conus</span> <span class='ocrx_word' id='word_1_149' title='bbox 772 2740 837 2796; x_wconf 83' lang='lat' dir='ltr'>dixit</span> <span class='ocrx_word' id='word_1_150' title='bbox 854 2755 860 2792; x_wconf 93' lang='lat'>:</span> <span class='ocrx_word' id='word_1_151' title='bbox 877 2738 917 2792; x_wconf 85' lang='lat' dir='ltr'>Tu</span> <span class='ocrx_word' id='word_1_152' title='bbox 930 2751 997 2806; x_wconf 91' lang='lat' dir='ltr'>nega</span> <span class='ocrx_word' id='word_1_153' title='bbox 1015 2734 1066 2789; x_wconf 90' lang='lat' dir='ltr'>lmc</span> <span class='ocrx_word' id='word_1_154' title='bbox 1086 2740 1114 2788; x_wconf 89' lang='lat' dir='ltr'>te</span> <span class='ocrx_word' id='word_1_155' title='bbox 1137 2730 1269 2786; x_wconf 87' lang='lat' dir='ltr'>docuisse.</span> <span class='ocrx_word' id='word_1_156' title='bbox 1290 2726 1375 2784; x_wconf 81' lang='lat' dir='ltr'>llnurn</span> <span class='ocrx_word' id='word_1_157' title='bbox 1392 2734 1433 2781; x_wconf 86' lang='lat' dir='ltr'>cst</span> <span class='ocrx_word' id='word_1_158' title='bbox 1452 2739 1469 2780; x_wconf 89' lang='lat' dir='ltr'>e</span> 
     </span>
     <span class='ocr_line' id='line_1_22' title="bbox 676 2816 1467 2900; baseline -0.027 -11"><span class='ocrx_word' id='word_1_159' title='bbox 676 2833 788 2896; x_wconf 83' lang='lat' dir='ltr'>drrobus,</span> <span class='ocrx_word' id='word_1_160' title='bbox 805 2840 848 2886; x_wconf 83' lang='lat' dir='ltr'>cut</span> <span class='ocrx_word' id='word_1_161' title='bbox 864 2837 942 2900; x_wconf 88' lang='lat' dir='ltr'>neget</span> <span class='ocrx_word' id='word_1_162' title='bbox 954 2842 983 2883; x_wconf 89' lang='grc' dir='ltr'>εε</span> <span class='ocrx_word' id='word_1_163' title='bbox 996 2827 1127 2890; x_wconf 89' lang='lat' dir='ltr'>duruisse,</span> <span class='ocrx_word' id='word_1_164' title='bbox 1139 2833 1184 2877; x_wconf 90' lang='lat' dir='ltr'>aut</span> <span class='ocrx_word' id='word_1_165' title='bbox 1196 2824 1250 2892; x_wconf 82' lang='lat' dir='ltr'>jam</span> <span class='ocrx_word' id='word_1_166' title='bbox 1262 2820 1371 2875; x_wconf 88' lang='lat' dir='ltr'>damnet</span> <span class='ocrx_word' id='word_1_167' title='bbox 1385 2816 1467 2871; x_wconf 90' lang='lat' dir='ltr'>istud.</span> 
     </span>
     <span class='ocr_line' id='line_1_23' title="bbox 676 2908 1467 2985; baseline -0.025 -4"><span class='ocrx_word' id='word_1_168' title='bbox 676 2923 816 2981; x_wconf 84' lang='lat' dir='ltr'>Coelestius</span> <span class='ocrx_word' id='word_1_169' title='bbox 829 2920 916 2976; x_wconf 83' lang='lat' dir='ltr'>dixit:</span> <span class='ocrx_word' id='word_1_170' title='bbox 931 2918 989 2973; x_wconf 79' lang='lat' dir='ltr'>lem</span> <span class='ocrx_word' id='word_1_171' title='bbox 1003 2917 1067 2982; x_wconf 91' lang='lat' dir='ltr'>dixi,</span> <span class='ocrx_word' id='word_1_172' title='bbox 1090 2922 1205 2985; x_wconf 85' lang='lat' dir='ltr'>exponat</span> <span class='ocrx_word' id='word_1_173' title='bbox 1225 2910 1358 2981; x_wconf 91' lang='lat' dir='ltr'>quomodo</span> <span class='ocrx_word' id='word_1_174' title='bbox 1379 2908 1467 2976; x_wconf 83' lang='lat' dir='ltr'>dixit,</span> 
     </span>
     <span class='ocr_line' id='line_1_24' title="bbox 677 2999 1468 3082; baseline -0.02 -11"><span class='ocrx_word' id='word_1_175' title='bbox 677 3017 746 3071; x_wconf 74' lang='lat' dir='ltr'>bute</span> <span class='ocrx_word' id='word_1_176' title='bbox 759 3012 1007 3082; x_wconf 85' lang='lat' dir='ltr'>transgressionem.</span> <span class='ocrx_word' id='word_1_177' title='bbox 1022 3007 1149 3063; x_wconf 74' lang='lat' dir='ltr'>l‘aulirros</span> <span class='ocrx_word' id='word_1_178' title='bbox 1163 3005 1290 3059; x_wconf 82' lang='lat' dir='ltr'>diaconus</span> <span class='ocrx_word' id='word_1_179' title='bbox 1299 3001 1369 3057; x_wconf 90' lang='lat' dir='ltr'>dixit</span> <span class='ocrx_word' id='word_1_180' title='bbox 1379 3018 1385 3052; x_wconf 95' lang='lat'>:</span> <span class='ocrx_word' id='word_1_181' title='bbox 1397 2999 1468 3072; x_wconf 72' lang='lat' dir='ltr'>Nega</span> 
     </span>
     <span class='ocr_line' id='line_1_25' title="bbox 676 3092 1468 3165; baseline -0.023 -4"><span class='ocrx_word' id='word_1_182' title='bbox 676 3116 704 3161; x_wconf 89' lang='lat' dir='ltr'>te</span> <span class='ocrx_word' id='word_1_183' title='bbox 725 3105 768 3158; x_wconf 91' lang='lat' dir='ltr'>illa</span> <span class='ocrx_word' id='word_1_184' title='bbox 788 3102 921 3157; x_wconf 86' lang='lat' dir='ltr'>docuisse.</span> <span class='ocrx_word' id='word_1_185' title='bbox 944 3099 1066 3154; x_wconf 80' lang='lat' dir='ltr'>Aurelius</span> <span class='ocrx_word' id='word_1_186' title='bbox 1090 3097 1230 3165; x_wconf 91' lang='lat' dir='ltr'>episcopus</span> <span class='ocrx_word' id='word_1_187' title='bbox 1254 3092 1321 3147; x_wconf 85' lang='lat' dir='ltr'>dixit</span> <span class='ocrx_word' id='word_1_188' title='bbox 1344 3109 1350 3143; x_wconf 93' lang='lat'>:</span> <span class='ocrx_word' id='word_1_189' title='bbox 1375 3092 1468 3161; x_wconf 82' lang='lat' dir='ltr'>llogo,</span> 
     </span>
     <span class='ocr_line' id='line_1_26' title="bbox 677 3177 1468 3265; baseline -0.019 -15"><span class='ocrx_word' id='word_1_190' title='bbox 677 3193 739 3265; x_wconf 93' lang='lat' dir='ltr'>quid</span> <span class='ocrx_word' id='word_1_191' title='bbox 766 3192 917 3260; x_wconf 82' lang='lat' dir='ltr'>collegerim</span> <span class='ocrx_word' id='word_1_192' title='bbox 940 3204 989 3260; x_wconf 88' lang='lat' dir='ltr'>ego</span> <span class='ocrx_word' id='word_1_193' title='bbox 1014 3205 1046 3243; x_wconf 89' lang='lat' dir='ltr'>cx</span> <span class='ocrx_word' id='word_1_194' title='bbox 1070 3187 1148 3256; x_wconf 77' lang='lat' dir='ltr'>lrtrlns</span> <span class='ocrx_word' id='word_1_195' title='bbox 1171 3186 1178 3217; x_wconf 82' lang='lat'><strong>¹</strong></span> <span class='ocrx_word' id='word_1_196' title='bbox 1198 3183 1369 3252; x_wconf 77' lang='lat' dir='ltr'>obiectione,</span> <span class='ocrx_word' id='word_1_197' title='bbox 1390 3177 1468 3248; x_wconf 82' lang='lat' dir='ltr'>dico,</span> 
     </span>
     <span class='ocr_line' id='line_1_27' title="bbox 677 3275 1468 3351; baseline -0.019 -10"><span class='ocrx_word' id='word_1_198' title='bbox 677 3286 761 3342; x_wconf 76' lang='lat' dir='ltr'>Adam</span> <span class='ocrx_word' id='word_1_199' title='bbox 775 3286 935 3339; x_wconf 90' lang='lat' dir='ltr'>constitutus</span> <span class='ocrx_word' id='word_1_200' title='bbox 949 3281 975 3335; x_wconf 92' lang='lat' dir='ltr'>in</span> <span class='ocrx_word' id='word_1_201' title='bbox 988 3280 1130 3351; x_wconf 85' lang='lat' dir='ltr'>paradiso,</span> <span class='ocrx_word' id='word_1_202' title='bbox 1146 3276 1218 3348; x_wconf 92' lang='lat' dir='ltr'>quod</span> <span class='ocrx_word' id='word_1_203' title='bbox 1234 3284 1295 3330; x_wconf 84' lang='lat' dir='ltr'>tute</span> <span class='ocrx_word' id='word_1_204' title='bbox 1309 3276 1411 3330; x_wconf 89' lang='lat' dir='ltr'>dicatur</span> <span class='ocrx_word' id='word_1_205' title='bbox 1426 3275 1468 3327; x_wconf 92' lang='lat' dir='ltr'>iu·</span> 
     </span>
     <span class='ocr_line' id='line_1_28' title="bbox 677 3368 1469 3443; baseline -0.014 -10"><span class='ocrx_word' id='word_1_206' title='bbox 677 3376 885 3434; x_wconf 87' lang='lat' dir='ltr'>exterminabilis</span> <span class='ocrx_word' id='word_1_207' title='bbox 909 3374 1014 3441; x_wconf 89' lang='lat' dir='ltr'>lactus,</span> <span class='ocrx_word' id='word_1_208' title='bbox 1041 3380 1132 3443; x_wconf 91' lang='lat' dir='ltr'>postea</span> <span class='ocrx_word' id='word_1_209' title='bbox 1158 3384 1207 3441; x_wconf 91' lang='lat' dir='ltr'>per</span> <span class='ocrx_word' id='word_1_210' title='bbox 1233 3368 1469 3439; x_wconf 76' lang='lat' dir='ltr'>transgressionem</span> 
     </span>
     <span class='ocr_line' id='line_1_29' title="bbox 677 3460 1471 3541; baseline -0.015 -16"><span class='ocrx_word' id='word_1_211' title='bbox 677 3469 801 3541; x_wconf 72' lang='lat' dir='ltr'>precepti</span> <span class='ocrx_word' id='word_1_212' title='bbox 828 3467 913 3522; x_wconf 78' lang='lat' dir='ltr'>lacteis</span> <span class='ocrx_word' id='word_1_213' title='bbox 936 3467 972 3522; x_wconf 93' lang='lat' dir='ltr'>sit</span> <span class='ocrx_word' id='word_1_214' title='bbox 994 3463 1182 3534; x_wconf 90' lang='lat' dir='ltr'>corruptibilis.</span> <span class='ocrx_word' id='word_1_215' title='bbox 1208 3463 1264 3517; x_wconf 91' lang='lat' dir='ltr'>lloe</span> <span class='ocrx_word' id='word_1_216' title='bbox 1286 3461 1361 3526; x_wconf 89' lang='lat' dir='ltr'>dicis,</span> <span class='ocrx_word' id='word_1_217' title='bbox 1387 3460 1471 3514; x_wconf 84' lang='lat' dir='ltr'>irater</span> 
     </span>
     <span class='ocr_line' id='line_1_30' title="bbox 677 3551 1469 3618; baseline -0.013 -4"><span class='ocrx_word' id='word_1_218' title='bbox 677 3558 804 3614; x_wconf 78' lang='lat' dir='ltr'>l‘auliuel</span> <span class='ocrx_word' id='word_1_219' title='bbox 818 3558 943 3612; x_wconf 74' lang='lat' dir='ltr'>Petelinos</span> <span class='ocrx_word' id='word_1_220' title='bbox 956 3554 1083 3610; x_wconf 90' lang='lat' dir='ltr'>diaconus</span> <span class='ocrx_word' id='word_1_221' title='bbox 1096 3554 1161 3607; x_wconf 90' lang='lat' dir='ltr'>dixit</span> <span class='ocrx_word' id='word_1_222' title='bbox 1178 3571 1184 3607; x_wconf 95' lang='lat'>:</span> <span class='ocrx_word' id='word_1_223' title='bbox 1199 3553 1265 3618; x_wconf 89' lang='lat' dir='ltr'>lloe,</span> <span class='ocrx_word' id='word_1_224' title='bbox 1281 3551 1397 3606; x_wconf 91' lang='lat' dir='ltr'>domiue.</span> <span class='ocrx_word' id='word_1_225' title='bbox 1414 3552 1469 3605; x_wconf 79' lang='lat' dir='ltr'>bu·</span> 
     </span>
    </p>
   </div>
   <div class='ocr_carea' id='block_1_3' title="bbox 676 3639 1470 4068">
    <p class='ocr_par' dir='ltr' id='par_1_4' title="bbox 676 3639 1470 4068">
     <span class='ocr_line' id='line_1_31' title="bbox 676 3639 1470 3718; baseline -0.013 -13"><span class='ocrx_word' id='word_1_226' title='bbox 676 3650 758 3705; x_wconf 87' lang='lat' dir='ltr'>relius</span> <span class='ocrx_word' id='word_1_227' title='bbox 779 3647 919 3718; x_wconf 87' lang='lat' dir='ltr'>episcopus</span> <span class='ocrx_word' id='word_1_228' title='bbox 941 3645 1007 3699; x_wconf 81' lang='lat' dir='ltr'>dixit</span> <span class='ocrx_word' id='word_1_229' title='bbox 1026 3662 1032 3699; x_wconf 90' lang='lat'>:</span> <span class='ocrx_word' id='word_1_230' title='bbox 1051 3644 1142 3698; x_wconf 88' lang='lat' dir='ltr'>Status</span> <span class='ocrx_word' id='word_1_231' title='bbox 1161 3653 1233 3698; x_wconf 88' lang='lat' dir='ltr'>certe</span> <span class='ocrx_word' id='word_1_232' title='bbox 1249 3642 1376 3696; x_wconf 90' lang='lat' dir='ltr'>inlautum</span> <span class='ocrx_word' id='word_1_233' title='bbox 1391 3639 1470 3696; x_wconf 90' lang='lat' dir='ltr'>bodie</span> 
     </span>
     <span class='ocr_line' id='line_1_32' title="bbox 677 3734 1470 3810; baseline -0.01 -15"><span class='ocrx_word' id='word_1_234' title='bbox 677 3739 905 3810; x_wconf 88' lang='lat' dir='ltr'>baptizandorum,</span> <span class='ocrx_word' id='word_1_235' title='bbox 920 3747 1007 3790; x_wconf 86' lang='lat' dir='ltr'>utrum</span> <span class='ocrx_word' id='word_1_236' title='bbox 1022 3737 1082 3789; x_wconf 82' lang='lat' dir='ltr'>talis</span> <span class='ocrx_word' id='word_1_237' title='bbox 1095 3735 1139 3801; x_wconf 89' lang='lat' dir='ltr'>sit,</span> <span class='ocrx_word' id='word_1_238' title='bbox 1154 3736 1240 3804; x_wconf 89' lang='lat' dir='ltr'>qualis</span> <span class='ocrx_word' id='word_1_239' title='bbox 1253 3734 1300 3787; x_wconf 91' lang='lat' dir='ltr'>luit</span> <span class='ocrx_word' id='word_1_240' title='bbox 1311 3744 1372 3788; x_wconf 90' lang='lat' dir='ltr'>aute</span> <span class='ocrx_word' id='word_1_241' title='bbox 1384 3741 1470 3788; x_wconf 88' lang='lat' dir='ltr'>trans·</span> 
     </span>
     <span class='ocr_line' id='line_1_33' title="bbox 677 3825 1466 3904; baseline -0.013 -17"><span class='ocrx_word' id='word_1_242' title='bbox 677 3832 840 3904; x_wconf 89' lang='lat' dir='ltr'>gressionem</span> <span class='ocrx_word' id='word_1_243' title='bbox 852 3829 931 3895; x_wconf 81' lang='lat' dir='ltr'>ddm,</span> <span class='ocrx_word' id='word_1_244' title='bbox 948 3843 980 3881; x_wconf 90' lang='lat' dir='ltr'>an</span> <span class='ocrx_word' id='word_1_245' title='bbox 995 3836 1067 3881; x_wconf 91' lang='lat' dir='ltr'>certe</span> <span class='ocrx_word' id='word_1_246' title='bbox 1082 3825 1115 3881; x_wconf 89' lang='lat' dir='ltr'>de</span> <span class='ocrx_word' id='word_1_247' title='bbox 1126 3827 1219 3881; x_wconf 89' lang='lat' dir='ltr'>cadem</span> <span class='ocrx_word' id='word_1_248' title='bbox 1232 3827 1334 3895; x_wconf 90' lang='lat' dir='ltr'>origine</span> <span class='ocrx_word' id='word_1_249' title='bbox 1349 3825 1466 3896; x_wconf 89' lang='lat' dir='ltr'>pcccati,</span> 
     </span>
     <span class='ocr_line' id='line_1_34' title="bbox 677 3917 1470 3993; baseline -0.01 -13"><span class='ocrx_word' id='word_1_250' title='bbox 677 3924 711 3980; x_wconf 91' lang='lat' dir='ltr'>dc</span> <span class='ocrx_word' id='word_1_251' title='bbox 724 3939 774 3993; x_wconf 91' lang='lat' dir='ltr'>qua</span> <span class='ocrx_word' id='word_1_252' title='bbox 787 3921 913 3985; x_wconf 88' lang='lat' dir='ltr'>nascitur,</span> <span class='ocrx_word' id='word_1_253' title='bbox 930 3919 1148 3989; x_wconf 87' lang='lat' dir='ltr'>transgressionis</span> <span class='ocrx_word' id='word_1_254' title='bbox 1168 3918 1272 3986; x_wconf 76' lang='lat' dir='ltr'>culpate</span> <span class='ocrx_word' id='word_1_255' title='bbox 1293 3917 1397 3982; x_wconf 84' lang='lat' dir='ltr'>lraltat;</span> <span class='ocrx_word' id='word_1_256' title='bbox 1419 3917 1470 3972; x_wconf 89' lang='lat' dir='ltr'>boe</span> 
     </span>
     <span class='ocr_line' id='line_1_35' title="bbox 678 4006 1469 4068; baseline -0.008 0"><span class='ocrx_word' id='word_1_257' title='bbox 678 4016 732 4068; x_wconf 83' lang='lat' dir='ltr'>mdl</span> <span class='ocrx_word' id='word_1_258' title='bbox 761 4013 887 4067; x_wconf 92' lang='lat' dir='ltr'>diaconus</span> <span class='ocrx_word' id='word_1_259' title='bbox 909 4010 1035 4064; x_wconf 87' lang='lat' dir='ltr'>Paulinus</span> <span class='ocrx_word' id='word_1_260' title='bbox 1068 4007 1169 4063; x_wconf 89' lang='lat' dir='ltr'>audire.</span> <span class='ocrx_word' id='word_1_261' title='bbox 1195 4008 1319 4063; x_wconf 83' lang='lat' dir='ltr'>Paulinus</span> <span class='ocrx_word' id='word_1_262' title='bbox 1341 4006 1469 4062; x_wconf 85' lang='lat' dir='ltr'>diaconus</span> 
     </span>
    </p>
   </div>
   <div class='ocr_carea' id='block_1_4' title="bbox 675 4098 1471 4899">
    <p class='ocr_par' dir='ltr' id='par_1_5' title="bbox 675 4098 1470 4625">
     <span class='ocr_line' id='line_1_36' title="bbox 677 4098 1469 4168; baseline -0.006 -10"><span class='ocrx_word' id='word_1_263' title='bbox 677 4103 764 4159; x_wconf 87' lang='lat' dir='ltr'>dixit:</span> <span class='ocrx_word' id='word_1_264' title='bbox 781 4101 874 4156; x_wconf 85' lang='lat' dir='ltr'>Utrum</span> <span class='ocrx_word' id='word_1_265' title='bbox 894 4099 984 4155; x_wconf 92' lang='lat' dir='ltr'>docuit</span> <span class='ocrx_word' id='word_1_266' title='bbox 1004 4100 1068 4167; x_wconf 88' lang='lat' dir='ltr'>ltoc,</span> <span class='ocrx_word' id='word_1_267' title='bbox 1092 4113 1126 4152; x_wconf 89' lang='lat' dir='ltr'>an</span> <span class='ocrx_word' id='word_1_268' title='bbox 1141 4112 1195 4152; x_wconf 91' lang='lat' dir='ltr'>non</span> <span class='ocrx_word' id='word_1_269' title='bbox 1210 4099 1308 4168; x_wconf 79' lang='lat' dir='ltr'>neget?</span> <span class='ocrx_word' id='word_1_270' title='bbox 1328 4098 1469 4154; x_wconf 81' lang='lat' dir='ltr'>Coelcstius</span> 
     </span>
     <span class='ocr_line' id='line_1_37' title="bbox 676 4188 1468 4261; baseline -0.009 -12"><span class='ocrx_word' id='word_1_271' title='bbox 676 4195 744 4250; x_wconf 86' lang='lat' dir='ltr'>dixit</span> <span class='ocrx_word' id='word_1_272' title='bbox 759 4211 766 4248; x_wconf 75' lang='grc' dir='ltr'>ε</span> <span class='ocrx_word' id='word_1_273' title='bbox 779 4192 837 4248; x_wconf 88' lang='lat' dir='ltr'>lam</span> <span class='ocrx_word' id='word_1_274' title='bbox 850 4191 884 4246; x_wconf 91' lang='lat' dir='ltr'>de</span> <span class='ocrx_word' id='word_1_275' title='bbox 897 4191 1004 4246; x_wconf 91' lang='lat' dir='ltr'>traduce</span> <span class='ocrx_word' id='word_1_276' title='bbox 1018 4190 1118 4261; x_wconf 91' lang='lat' dir='ltr'>pcccati</span> <span class='ocrx_word' id='word_1_277' title='bbox 1132 4188 1199 4252; x_wconf 85' lang='lat' dir='ltr'>dixl,</span> <span class='ocrx_word' id='word_1_278' title='bbox 1214 4189 1274 4258; x_wconf 83' lang='lat' dir='ltr'>quin</span> <span class='ocrx_word' id='word_1_279' title='bbox 1288 4189 1355 4243; x_wconf 91' lang='lat' dir='ltr'>intra</span> <span class='ocrx_word' id='word_1_280' title='bbox 1369 4188 1468 4243; x_wconf 85' lang='lat' dir='ltr'>Catlro-</span> 
     </span>
     <span class='ocr_line' id='line_1_38' title="bbox 675 4279 1470 4352; baseline -0.006 -12"><span class='ocrx_word' id='word_1_281' title='bbox 675 4284 755 4340; x_wconf 90' lang='lat' dir='ltr'>licam</span> <span class='ocrx_word' id='word_1_282' title='bbox 768 4283 927 4339; x_wconf 78' lang='lat' dir='ltr'>constitutos</span> <span class='ocrx_word' id='word_1_283' title='bbox 940 4282 1030 4352; x_wconf 89' lang='lat' dir='ltr'>plures</span> <span class='ocrx_word' id='word_1_284' title='bbox 1048 4279 1136 4334; x_wconf 80' lang='lat' dir='ltr'>audiri</span> <span class='ocrx_word' id='word_1_285' title='bbox 1158 4280 1312 4346; x_wconf 83' lang='lat' dir='ltr'>destruere,</span> <span class='ocrx_word' id='word_1_286' title='bbox 1328 4295 1431 4335; x_wconf 91' lang='lat' dir='ltr'>necnon</span> <span class='ocrx_word' id='word_1_287' title='bbox 1444 4287 1470 4335; x_wconf 91' lang='lat' dir='ltr'>et</span> 
     </span>
     <span class='ocr_line' id='line_1_39' title="bbox 676 4369 1470 4440; baseline -0.005 -12"><span class='ocrx_word' id='word_1_288' title='bbox 676 4373 743 4429; x_wconf 89' lang='lat' dir='ltr'>alios</span> <span class='ocrx_word' id='word_1_289' title='bbox 762 4381 882 4427; x_wconf 85' lang='lat' dir='ltr'>astruere</span> <span class='ocrx_word' id='word_1_290' title='bbox 898 4388 904 4424; x_wconf 93' lang='lat'>:</span> <span class='ocrx_word' id='word_1_291' title='bbox 920 4372 981 4426; x_wconf 92' lang='lat' dir='ltr'>licet</span> <span class='ocrx_word' id='word_1_292' title='bbox 994 4370 1147 4440; x_wconf 72' lang='lat' dir='ltr'>questionis</span> <span class='ocrx_word' id='word_1_293' title='bbox 1166 4385 1209 4425; x_wconf 91' lang='lat' dir='ltr'>res</span> <span class='ocrx_word' id='word_1_294' title='bbox 1225 4370 1332 4436; x_wconf 87' lang='lat' dir='ltr'>sitista,</span> <span class='ocrx_word' id='word_1_295' title='bbox 1349 4383 1401 4424; x_wconf 90' lang='lat' dir='ltr'>uon</span> <span class='ocrx_word' id='word_1_296' title='bbox 1414 4369 1470 4426; x_wconf 88' lang='lat' dir='ltr'>bae-</span> 
     </span>
     <span class='ocr_line' id='line_1_40' title="bbox 677 4459 1470 4530; baseline -0.005 -10"><span class='ocrx_word' id='word_1_297' title='bbox 677 4464 753 4520; x_wconf 71' lang='lat' dir='ltr'>resis·</span> <span class='ocrx_word' id='word_1_298' title='bbox 767 4462 883 4517; x_wconf 86' lang='lat' dir='ltr'>lulantes</span> <span class='ocrx_word' id='word_1_299' title='bbox 895 4476 1000 4530; x_wconf 90' lang='lat' dir='ltr'>semper</span> <span class='ocrx_word' id='word_1_300' title='bbox 1010 4461 1064 4515; x_wconf 86' lang='lat' dir='ltr'>dixi</span> <span class='ocrx_word' id='word_1_301' title='bbox 1079 4474 1160 4530; x_wconf 87' lang='lat' dir='ltr'>cgere</span> <span class='ocrx_word' id='word_1_302' title='bbox 1173 4459 1318 4529; x_wconf 78' lang='lat' dir='ltr'>baptismo,</span> <span class='ocrx_word' id='word_1_303' title='bbox 1330 4459 1470 4516; x_wconf 79' lang='lat' dir='ltr'>:redebere</span> 
     </span>
     <span class='ocr_line' id='line_1_41' title="bbox 678 4548 1140 4625; baseline -0.017 -15"><span class='ocrx_word' id='word_1_304' title='bbox 678 4554 806 4625; x_wconf 82' lang='lat' dir='ltr'>baptizari</span> <span class='ocrx_word' id='word_1_305' title='bbox 822 4571 828 4607; x_wconf 94' lang='lat'>:</span> <span class='ocrx_word' id='word_1_306' title='bbox 843 4551 905 4623; x_wconf 94' lang='lat' dir='ltr'>quid</span> <span class='ocrx_word' id='word_1_307' title='bbox 919 4550 1014 4622; x_wconf 72' lang='lat' dir='ltr'>querit</span> <span class='ocrx_word' id='word_1_308' title='bbox 1026 4548 1117 4605; x_wconf 77' lang='lat' dir='ltr'>aliud?</span> <span class='ocrx_word' id='word_1_309' title='bbox 1131 4568 1140 4602; x_wconf 82' lang='grc' dir='ltr'>ι</span> 
     </span>
    </p>

    <p class='ocr_par' dir='ltr' id='par_1_6' title="bbox 676 4640 1471 4899">
     <span class='ocr_line' id='line_1_42' title="bbox 712 4640 1471 4712; baseline -0.012 -10"><span class='ocrx_word' id='word_1_310' title='bbox 712 4646 740 4702; x_wconf 75' lang='lat' dir='ltr'>l.</span> <span class='ocrx_word' id='word_1_311' title='bbox 755 4644 857 4712; x_wconf 88' lang='lat' dir='ltr'>Nempe</span> <span class='ocrx_word' id='word_1_312' title='bbox 872 4642 982 4697; x_wconf 88' lang='lat' dir='ltr'>cernitis</span> <span class='ocrx_word' id='word_1_313' title='bbox 1000 4641 1038 4696; x_wconf 90' lang='lat' dir='ltr'>sie</span> <span class='ocrx_word' id='word_1_314' title='bbox 1051 4640 1206 4696; x_wconf 74' lang='lat' dir='ltr'>coelestium</span> <span class='ocrx_word' id='word_1_315' title='bbox 1226 4640 1391 4695; x_wconf 86' lang='lat' dir='ltr'>concessisse</span> <span class='ocrx_word' id='word_1_316' title='bbox 1409 4648 1471 4711; x_wconf 84' lang='lat' dir='ltr'>pat·</span> 
     </span>
     <span class='ocr_line' id='line_1_43' title="bbox 676 4731 1470 4805; baseline -0.009 -12"><span class='ocrx_word' id='word_1_317' title='bbox 676 4737 746 4793; x_wconf 82' lang='lat' dir='ltr'>tulis</span> <span class='ocrx_word' id='word_1_318' title='bbox 759 4736 933 4805; x_wconf 81' lang='lat' dir='ltr'>baptismum,</span> <span class='ocrx_word' id='word_1_319' title='bbox 955 4741 984 4787; x_wconf 92' lang='lat' dir='ltr'>ut</span> <span class='ocrx_word' id='word_1_320' title='bbox 1007 4731 1033 4787; x_wconf 93' lang='lat' dir='ltr'>iu</span> <span class='ocrx_word' id='word_1_321' title='bbox 1057 4747 1103 4786; x_wconf 92' lang='lat' dir='ltr'>cos</span> <span class='ocrx_word' id='word_1_322' title='bbox 1124 4732 1237 4786; x_wconf 86' lang='lat' dir='ltr'>transire</span> <span class='ocrx_word' id='word_1_323' title='bbox 1256 4731 1334 4800; x_wconf 88' lang='lat' dir='ltr'>primi</span> <span class='ocrx_word' id='word_1_324' title='bbox 1353 4731 1470 4787; x_wconf 86' lang='lat' dir='ltr'>bortrinis</span> 
     </span>
     <span class='ocr_line' id='line_1_44' title="bbox 677 4823 1470 4899; baseline -0.005 -15"><span class='ocrx_word' id='word_1_325' title='bbox 677 4837 826 4899; x_wconf 83' lang='lat' dir='ltr'>peccatum,</span> <span class='ocrx_word' id='word_1_326' title='bbox 843 4825 912 4896; x_wconf 92' lang='lat' dir='ltr'>quod</span> <span class='ocrx_word' id='word_1_327' title='bbox 931 4825 1037 4879; x_wconf 81' lang='lat' dir='ltr'>laesero</span> <span class='ocrx_word' id='word_1_328' title='bbox 1057 4823 1266 4893; x_wconf 87' lang='lat' dir='ltr'>regenerationis</span> <span class='ocrx_word' id='word_1_329' title='bbox 1281 4824 1409 4893; x_wconf 79' lang='lat' dir='ltr'>abluitur,</span> <span class='ocrx_word' id='word_1_330' title='bbox 1422 4839 1470 4880; x_wconf 92' lang='lat' dir='ltr'>no-</span> 
     </span>
    </p>
   </div>
   <div class='ocr_carea' id='block_1_5' title="bbox 675 4976 1470 5405">
    <p class='ocr_par' dir='ltr' id='par_1_7' title="bbox 708 4976 1112 5040">
     <span class='ocr_line' id='line_1_45' title="bbox 708 4976 1112 5040; baseline -0.01 -11"><span class='ocrx_word' id='word_1_331' title='bbox 708 4981 718 5014; x_wconf 86' lang='lat'><strong>¹</strong></span> <span class='ocrx_word' id='word_1_332' title='bbox 731 4980 767 5029; x_wconf 83' lang='lat' dir='ltr'>sle</span> <span class='ocrx_word' id='word_1_333' title='bbox 776 4987 831 5029; x_wconf 85' lang='lat' dir='ltr'>tlss.</span> <span class='ocrx_word' id='word_1_334' title='bbox 844 4983 872 5028; x_wconf 83' lang='lat' dir='ltr'>tt</span> <span class='ocrx_word' id='word_1_335' title='bbox 883 4979 951 5037; x_wconf 89' lang='lat' dir='ltr'>editl,</span> <span class='ocrx_word' id='word_1_336' title='bbox 965 4976 1112 5040; x_wconf 76' lang='lat' dir='ltr'>lupunuerlr&#39;.</span> 
     </span>
    </p>

    <p class='ocr_par' dir='ltr' id='par_1_8' title="bbox 675 5039 1470 5405">
     <span class='ocr_line' id='line_1_46' title="bbox 709 5039 1469 5106; baseline 0.005 -16"><span class='ocrx_word' id='word_1_337' title='bbox 709 5041 745 5102; x_wconf 80' lang='lat' dir='ltr'>(ul</span> <span class='ocrx_word' id='word_1_338' title='bbox 763 5039 875 5090; x_wconf 75' lang='lat' dir='ltr'>Paulinus</span> <span class='ocrx_word' id='word_1_339' title='bbox 886 5039 1150 5097; x_wconf 82' lang='lat' dir='ltr'>ille‚testct1ereatorc</span> <span class='ocrx_word' id='word_1_340' title='bbox 1162 5040 1186 5087; x_wconf 92' lang='lat' dir='ltr'>in</span> <span class='ocrx_word' id='word_1_341' title='bbox 1197 5041 1382 5092; x_wconf 83' lang='lat' dir='ltr'>comuxomtorio</span> <span class='ocrx_word' id='word_1_342' title='bbox 1393 5055 1469 5106; x_wconf 84' lang='lat' dir='ltr'>super</span> 
     </span>
     <span class='ocr_line' id='line_1_47' title="bbox 677 5099 1469 5168; baseline 0.004 -17"><span class='ocrx_word' id='word_1_343' title='bbox 677 5102 775 5151; x_wconf 83' lang='lat' dir='ltr'>nonriue</span> <span class='ocrx_word' id='word_1_344' title='bbox 790 5099 903 5158; x_wconf 77' lang='lat' dir='ltr'>oelesttt,</span> <span class='ocrx_word' id='word_1_345' title='bbox 915 5099 1031 5148; x_wconf 80' lang='lat' dir='ltr'>diaconus</span> <span class='ocrx_word' id='word_1_346' title='bbox 1042 5101 1156 5148; x_wconf 74' lang='lat' dir='ltr'>trititrosii</span> <span class='ocrx_word' id='word_1_347' title='bbox 1169 5100 1351 5152; x_wconf 82' lang='lat' dir='ltr'>mediolanensis</span> <span class='ocrx_word' id='word_1_348' title='bbox 1363 5106 1469 5168; x_wconf 82' lang='lat' dir='ltr'>episcopi</span> 
     </span>
     <span class='ocr_line' id='line_1_48' title="bbox 676 5158 1469 5228; baseline -0.003 -17"><span class='ocrx_word' id='word_1_349' title='bbox 676 5163 730 5218; x_wconf 71' lang='lat' dir='ltr'>ixit,</span> <span class='ocrx_word' id='word_1_350' title='bbox 744 5168 771 5211; x_wconf 89' lang='grc' dir='ltr'>ει</span> <span class='ocrx_word' id='word_1_351' title='bbox 781 5161 840 5209; x_wconf 76' lang='lat' dir='ltr'>vites</span> <span class='ocrx_word' id='word_1_352' title='bbox 852 5158 928 5216; x_wconf 88' lang='lat' dir='ltr'>illius,</span> <span class='ocrx_word' id='word_1_353' title='bbox 949 5161 966 5208; x_wconf 90' lang='lat' dir='ltr'>b</span> <span class='ocrx_word' id='word_1_354' title='bbox 981 5167 1061 5209; x_wconf 86' lang='lat' dir='ltr'>rtante</span> <span class='ocrx_word' id='word_1_355' title='bbox 1076 5161 1223 5222; x_wconf 76' lang='lat' dir='ltr'>Augustino,</span> <span class='ocrx_word' id='word_1_356' title='bbox 1245 5165 1363 5225; x_wconf 87' lang='lat' dir='ltr'>scriptor,</span> <span class='ocrx_word' id='word_1_357' title='bbox 1386 5168 1427 5228; x_wconf 87' lang='lat' dir='ltr'>qut</span> <span class='ocrx_word' id='word_1_358' title='bbox 1440 5180 1469 5216; x_wconf 77' lang='lat' dir='ltr'>se</span> 
     </span>
     <span class='ocr_line' id='line_1_49' title="bbox 676 5219 1470 5286; baseline 0.006 -13"><span class='ocrx_word' id='word_1_359' title='bbox 676 5229 800 5274; x_wconf 72' lang='lat' dir='ltr'>uersatum</span> <span class='ocrx_word' id='word_1_360' title='bbox 812 5232 868 5270; x_wconf 87' lang='lat' dir='ltr'>esse</span> <span class='ocrx_word' id='word_1_361' title='bbox 879 5221 903 5269; x_wconf 95' lang='lat' dir='ltr'>iu</span> <span class='ocrx_word' id='word_1_362' title='bbox 915 5219 1107 5281; x_wconf 76' lang='lat' dir='ltr'>telmessum,</span> <span class='ocrx_word' id='word_1_363' title='bbox 1121 5229 1147 5271; x_wconf 90' lang='lat' dir='ltr'>et</span> <span class='ocrx_word' id='word_1_364' title='bbox 1159 5223 1231 5271; x_wconf 82' lang='lat' dir='ltr'>t&#39;itmu</span> <span class='ocrx_word' id='word_1_365' title='bbox 1242 5225 1367 5286; x_wconf 82' lang='lat' dir='ltr'>scripsisse</span> <span class='ocrx_word' id='word_1_366' title='bbox 1378 5233 1470 5278; x_wconf 85' lang='lat' dir='ltr'>toauue</span> 
     </span>
     <span class='ocr_line' id='line_1_50' title="bbox 678 5281 1469 5348; baseline 0.006 -16"><span class='ocrx_word' id='word_1_367' title='bbox 678 5286 795 5348; x_wconf 75' lang='lat' dir='ltr'>preelecto</span> <span class='ocrx_word' id='word_1_368' title='bbox 811 5282 939 5345; x_wconf 74' lang='lat' dir='ltr'>pretorio,</span> <span class='ocrx_word' id='word_1_369' title='bbox 956 5281 979 5330; x_wconf 93' lang='lat' dir='ltr'>id</span> <span class='ocrx_word' id='word_1_370' title='bbox 990 5289 1037 5339; x_wconf 83' lang='lat' dir='ltr'>est,</span> <span class='ocrx_word' id='word_1_371' title='bbox 1049 5295 1112 5331; x_wconf 89' lang='lat' dir='ltr'>amm</span> <span class='ocrx_word' id='word_1_372' title='bbox 1123 5281 1177 5340; x_wconf 79' lang='lat' dir='ltr'>us,</span> <span class='ocrx_word' id='word_1_373' title='bbox 1189 5291 1230 5333; x_wconf 92' lang='lat' dir='ltr'>aut</span> <span class='ocrx_word' id='word_1_374' title='bbox 1241 5284 1295 5343; x_wconf 74' lang='grc'>415,</span> <span class='ocrx_word' id='word_1_375' title='bbox 1308 5295 1350 5336; x_wconf 88' lang='lat' dir='ltr'>aut</span> <span class='ocrx_word' id='word_1_376' title='bbox 1360 5286 1414 5336; x_wconf 69' lang='lat' dir='ltr'>les.</span> <span class='ocrx_word' id='word_1_377' title='bbox 1427 5297 1469 5338; x_wconf 84' lang='lat' dir='ltr'>tu·</span> 
     </span>
     <span class='ocr_line' id='line_1_51' title="bbox 675 5342 1470 5405; baseline 0.005 -10"><span class='ocrx_word' id='word_1_378' title='bbox 675 5346 765 5395; x_wconf 79' lang='lat' dir='ltr'>tliclnm</span> <span class='ocrx_word' id='word_1_379' title='bbox 777 5355 849 5405; x_wconf 90' lang='lat' dir='ltr'>porro</span> <span class='ocrx_word' id='word_1_380' title='bbox 860 5342 892 5392; x_wconf 90' lang='lat' dir='ltr'>de</span> <span class='ocrx_word' id='word_1_381' title='bbox 908 5355 957 5405; x_wconf 93' lang='lat' dir='ltr'>quo</span> <span class='ocrx_word' id='word_1_382' title='bbox 975 5345 1069 5405; x_wconf 85' lang='lat' dir='ltr'>egitur,</span> <span class='ocrx_word' id='word_1_383' title='bbox 1081 5344 1224 5405; x_wconf 78' lang='lat' dir='ltr'>cartilagine</span> <span class='ocrx_word' id='word_1_384' title='bbox 1240 5346 1347 5396; x_wconf 72' lang='lat' dir='ltr'>bullitum</span> <span class='ocrx_word' id='word_1_385' title='bbox 1359 5350 1405 5398; x_wconf 95' lang='lat' dir='ltr'>luit</span> <span class='ocrx_word' id='word_1_386' title='bbox 1423 5352 1470 5399; x_wconf 92' lang='lat' dir='ltr'>sub</span> 
     </span>
    </p>
   </div>
   <div class='ocr_carea' id='block_1_6' title="bbox 577 5403 1470 5475">
    <p class='ocr_par' dir='ltr' id='par_1_9' title="bbox 577 5403 1470 5475">
     <span class='ocr_line' id='line_1_52' title="bbox 577 5403 1470 5475; baseline 0.004 -19"><span class='ocrx_word' id='word_1_387' title='bbox 577 5428 585 5438; x_wconf 64' lang='lat'>¹</span> <span class='ocrx_word' id='word_1_388' title='bbox 676 5408 773 5457; x_wconf 92' lang='lat' dir='ltr'>lultlum</span> <span class='ocrx_word' id='word_1_389' title='bbox 782 5406 838 5454; x_wconf 92' lang='lat' dir='ltr'>anui</span> <span class='ocrx_word' id='word_1_390' title='bbox 849 5403 910 5465; x_wconf 73' lang='lat' dir='ltr'>tte,</span> <span class='ocrx_word' id='word_1_391' title='bbox 926 5417 958 5454; x_wconf 89' lang='lat' dir='ltr'>ex</span> <span class='ocrx_word' id='word_1_392' title='bbox 968 5403 1069 5466; x_wconf 83' lang='lat' dir='ltr'>cpismla</span> <span class='ocrx_word' id='word_1_393' title='bbox 1080 5405 1110 5455; x_wconf 92' lang='lat' dir='ltr'>ad</span> <span class='ocrx_word' id='word_1_394' title='bbox 1120 5409 1301 5467; x_wconf 89' lang='lat' dir='ltr'>luuocentium,</span> <span class='ocrx_word' id='word_1_395' title='bbox 1314 5409 1378 5460; x_wconf 91' lang='lat' dir='ltr'>iuter</span> <span class='ocrx_word' id='word_1_396' title='bbox 1390 5419 1470 5475; x_wconf 81' lang='lat' dir='ltr'>Augu·</span> 
     </span>
    </p>
   </div>
   <div class='ocr_carea' id='block_1_7' title="bbox 675 5464 1469 6324">
    <p class='ocr_par' dir='ltr' id='par_1_10' title="bbox 675 5464 1469 5585">
     <span class='ocr_line' id='line_1_53' title="bbox 676 5464 1469 5577; baseline 0.008 -60"><span class='ocrx_word' id='word_1_397' title='bbox 676 5470 793 5576; x_wconf 60' lang='grc' dir='ltr'>ειιίιίειιεε</span> <span class='ocrx_word' id='word_1_398' title='bbox 803 5466 863 5577; x_wconf 48' lang='lat' dir='ltr'>lig,</span> <span class='ocrx_word' id='word_1_399' title='bbox 876 5479 917 5515; x_wconf 89' lang='lat' dir='ltr'>ou.</span> <span class='ocrx_word' id='word_1_400' title='bbox 930 5464 941 5515; x_wconf 93' lang='lat' dir='ltr'>l</span> <span class='ocrx_word' id='word_1_401' title='bbox 956 5474 982 5516; x_wconf 91' lang='lat' dir='ltr'>ct</span> <span class='ocrx_word' id='word_1_402' title='bbox 991 5466 1015 5514; x_wconf 83' lang='lat' dir='ltr'>ll.</span> <span class='ocrx_word' id='word_1_403' title='bbox 1028 5467 1113 5517; x_wconf 83' lang='lat' dir='ltr'>conl&#39;er</span> <span class='ocrx_word' id='word_1_404' title='bbox 1124 5479 1215 5530; x_wconf 87' lang='lat' dir='ltr'>supra,</span> <span class='ocrx_word' id='word_1_405' title='bbox 1238 5469 1327 5519; x_wconf 88' lang='lat' dir='ltr'>librum</span> <span class='ocrx_word' id='word_1_406' title='bbox 1347 5472 1379 5522; x_wconf 94' lang='lat' dir='ltr'>de</span> <span class='ocrx_word' id='word_1_407' title='bbox 1389 5475 1469 5523; x_wconf 80' lang='lat' dir='ltr'>Gestis</span> 
     </span>
     <span class='ocr_line' id='line_1_54' title="bbox 675 5536 937 5585; baseline 0.011 -10"><span class='ocrx_word' id='word_1_408' title='bbox 675 5536 708 5579; x_wconf 86' lang='lat' dir='ltr'>re</span> <span class='ocrx_word' id='word_1_409' title='bbox 733 5541 811 5585; x_wconf 74' lang='lat' dir='ltr'>rn,n.</span> <span class='ocrx_word' id='word_1_410' title='bbox 857 5564 863 5575; x_wconf 88' lang='lat'><strong><em>.</em></strong></span> <span class='ocrx_word' id='word_1_411' title='bbox 934 5567 937 5571; x_wconf 91' lang='lat'>.</span> 
     </span>
    </p>

    <p class='ocr_par' dir='ltr' id='par_1_11' title="bbox 675 5589 1469 6324">
     <span class='ocr_line' id='line_1_55' title="bbox 708 5589 1468 5659; baseline 0.011 -21"><span class='ocrx_word' id='word_1_412' title='bbox 708 5589 734 5651; x_wconf 82' lang='lat' dir='ltr'>(lr</span> <span class='ocrx_word' id='word_1_413' title='bbox 761 5595 876 5639; x_wconf 79' lang='lat' dir='ltr'>tlercmor</span> <span class='ocrx_word' id='word_1_414' title='bbox 895 5589 920 5638; x_wconf 87' lang='lat' dir='ltr'>iu</span> <span class='ocrx_word' id='word_1_415' title='bbox 930 5590 1111 5640; x_wconf 87' lang='lat' dir='ltr'>commonitorio</span> <span class='ocrx_word' id='word_1_416' title='bbox 1127 5591 1244 5641; x_wconf 83' lang='lat' dir='ltr'>adsersus</span> <span class='ocrx_word' id='word_1_417' title='bbox 1253 5592 1367 5643; x_wconf 82' lang='lat' dir='ltr'>baeresim</span> <span class='ocrx_word' id='word_1_418' title='bbox 1379 5596 1468 5659; x_wconf 83' lang='lat' dir='ltr'>rclagil</span> 
     </span>
     <span class='ocr_line' id='line_1_56' title="bbox 675 5649 1468 5716; baseline 0.009 -16"><span class='ocrx_word' id='word_1_419' title='bbox 675 5652 775 5710; x_wconf 90' lang='lat' dir='ltr'>scribit,</span> <span class='ocrx_word' id='word_1_420' title='bbox 799 5649 905 5699; x_wconf 78' lang='lat' dir='ltr'>nudorum</span> <span class='ocrx_word' id='word_1_421' title='bbox 924 5652 1052 5714; x_wconf 84' lang='lat' dir='ltr'>quemdam</span> <span class='ocrx_word' id='word_1_422' title='bbox 1072 5653 1169 5702; x_wconf 91' lang='lat' dir='ltr'>natione</span> <span class='ocrx_word' id='word_1_423' title='bbox 1189 5660 1270 5716; x_wconf 72' lang='lat' dir='ltr'>syrum</span> <span class='ocrx_word' id='word_1_424' title='bbox 1288 5656 1334 5703; x_wconf 90' lang='lat' dir='ltr'>sub</span> <span class='ocrx_word' id='word_1_425' title='bbox 1353 5659 1468 5708; x_wconf 77' lang='lat' dir='ltr'>anastasii</span> 
     </span>
     <span class='ocr_line' id='line_1_57' title="bbox 675 5711 1468 5774; baseline 0.009 -12"><span class='ocrx_word' id='word_1_426' title='bbox 675 5711 812 5774; x_wconf 86' lang='lat' dir='ltr'>poetilleatu</span> <span class='ocrx_word' id='word_1_427' title='bbox 824 5718 918 5762; x_wconf 84' lang='lat' dir='ltr'>nontam</span> <span class='ocrx_word' id='word_1_428' title='bbox 937 5713 1041 5774; x_wconf 91' lang='lat' dir='ltr'>primum</span> <span class='ocrx_word' id='word_1_429' title='bbox 1061 5712 1185 5763; x_wconf 80' lang='lat' dir='ltr'>invexisse</span> <span class='ocrx_word' id='word_1_430' title='bbox 1230 5718 1367 5767; x_wconf 82' lang='lat' dir='ltr'>xestlonem</span> <span class='ocrx_word' id='word_1_431' title='bbox 1385 5727 1468 5769; x_wconf 87' lang='lat' dir='ltr'>contra</span> 
     </span>
     <span class='ocr_line' id='line_1_58' title="bbox 675 5773 1467 5843; baseline 0.008 -20"><span class='ocrx_word' id='word_1_432' title='bbox 675 5773 800 5824; x_wconf 88' lang='lat' dir='ltr'>traducem</span> <span class='ocrx_word' id='word_1_433' title='bbox 808 5775 908 5835; x_wconf 77' lang='lat' dir='ltr'>peccati</span> <span class='ocrx_word' id='word_1_434' title='bbox 920 5780 941 5823; x_wconf 88' lang='lat' dir='ltr'>ts</span> <span class='ocrx_word' id='word_1_435' title='bbox 950 5781 996 5834; x_wconf 86' lang='lat' dir='ltr'>est,</span> <span class='ocrx_word' id='word_1_436' title='bbox 1004 5774 1059 5823; x_wconf 82' lang='lat' dir='ltr'>eliis</span> <span class='ocrx_word' id='word_1_437' title='bbox 1065 5775 1164 5837; x_wconf 90' lang='lat' dir='ltr'>quidem</span> <span class='ocrx_word' id='word_1_438' title='bbox 1176 5782 1206 5823; x_wconf 89' lang='lat' dir='ltr'>nu</span> <span class='ocrx_word' id='word_1_439' title='bbox 1242 5790 1271 5825; x_wconf 91' lang='lat' dir='ltr'>us</span> <span class='ocrx_word' id='word_1_440' title='bbox 1280 5778 1467 5843; x_wconf 81' lang='lat' dir='ltr'>squilcgieusis,</span> 
     </span>
     <span class='ocr_line' id='line_1_59' title="bbox 675 5833 1467 5902; baseline 0.014 -20"><span class='ocrx_word' id='word_1_441' title='bbox 675 5837 717 5898; x_wconf 90' lang='lat' dir='ltr'>qui</span> <span class='ocrx_word' id='word_1_442' title='bbox 740 5833 852 5895; x_wconf 76' lang='lat' dir='ltr'>uelum,</span> <span class='ocrx_word' id='word_1_443' title='bbox 876 5837 955 5899; x_wconf 89' lang='lat' dir='ltr'>quoad</span> <span class='ocrx_word' id='word_1_444' title='bbox 979 5837 1319 5901; x_wconf 72' lang='lat' dir='ltr'>errrrremdeuumumtdst‘u,</span> <span class='ocrx_word' id='word_1_445' title='bbox 1343 5842 1467 5902; x_wconf 72' lang='lat' dir='ltr'>permisisse</span> 
     </span>
     <span class='ocr_line' id='line_1_60' title="bbox 676 5897 1469 5963; baseline 0.01 -18"><span class='ocrx_word' id='word_1_446' title='bbox 676 5904 772 5945; x_wconf 84' lang='lat' dir='ltr'>notetur</span> <span class='ocrx_word' id='word_1_447' title='bbox 788 5909 802 5946; x_wconf 82' lang='lat' dir='ltr'>s</span> <span class='ocrx_word' id='word_1_448' title='bbox 837 5897 981 5961; x_wconf 81' lang='lat' dir='ltr'>tliemuymo</span> <span class='ocrx_word' id='word_1_449' title='bbox 1002 5898 1026 5946; x_wconf 92' lang='lat' dir='ltr'>lu</span> <span class='ocrx_word' id='word_1_450' title='bbox 1045 5897 1147 5961; x_wconf 90' lang='lat' dir='ltr'>epistola</span> <span class='ocrx_word' id='word_1_451' title='bbox 1158 5900 1188 5948; x_wconf 93' lang='lat' dir='ltr'>ad</span> <span class='ocrx_word' id='word_1_452' title='bbox 1205 5901 1402 5963; x_wconf 83' lang='lat' dir='ltr'>ctesiphontem:</span> <span class='ocrx_word' id='word_1_453' title='bbox 1415 5902 1469 5953; x_wconf 87' lang='lat' dir='ltr'>aliis</span> 
     </span>
     <span class='ocr_line' id='line_1_61' title="bbox 676 5958 1468 6023; baseline 0.013 -19"><span class='ocrx_word' id='word_1_454' title='bbox 676 5964 735 6006; x_wconf 84' lang='lat' dir='ltr'>tero</span> <span class='ocrx_word' id='word_1_455' title='bbox 746 5958 840 6007; x_wconf 86' lang='lat' dir='ltr'>ttulluus</span> <span class='ocrx_word' id='word_1_456' title='bbox 849 5959 928 6017; x_wconf 67' lang='lat' dir='ltr'>alter,</span> <span class='ocrx_word' id='word_1_457' title='bbox 941 5972 973 6009; x_wconf 88' lang='lat' dir='ltr'>ex</span> <span class='ocrx_word' id='word_1_458' title='bbox 992 5958 1171 6022; x_wconf 73' lang='lat' dir='ltr'>mutaremus</span> <span class='ocrx_word' id='word_1_459' title='bbox 1184 5961 1284 6023; x_wconf 86' lang='lat' dir='ltr'>epistola</span> <span class='ocrx_word' id='word_1_460' title='bbox 1298 5971 1385 6022; x_wconf 79' lang='lat' dir='ltr'>notris,</span> <span class='ocrx_word' id='word_1_461' title='bbox 1403 5965 1468 6014; x_wconf 90' lang='lat' dir='ltr'>idem</span> 
     </span>
     <span class='ocr_line' id='line_1_62' title="bbox 676 6015 1467 6127; baseline 0.016 -65"><span class='ocrx_word' id='word_1_462' title='bbox 676 6015 718 6065; x_wconf 90' lang='lat' dir='ltr'>ille</span> <span class='ocrx_word' id='word_1_463' title='bbox 730 6017 791 6068; x_wconf 80' lang='lat' dir='ltr'>lecte</span> <span class='ocrx_word' id='word_1_464' title='bbox 803 6021 844 6127; x_wconf 61' lang='lat' dir='ltr'>qul</span> <span class='ocrx_word' id='word_1_465' title='bbox 858 6021 949 6081; x_wconf 83' lang='lat' dir='ltr'>peceati</span> <span class='ocrx_word' id='word_1_466' title='bbox 961 6020 1085 6072; x_wconf 74' lang='lat' dir='ltr'>maduccm</span> <span class='ocrx_word' id='word_1_467' title='bbox 1099 6023 1178 6086; x_wconf 82' lang='lat' dir='ltr'>rejicit</span> <span class='ocrx_word' id='word_1_468' title='bbox 1196 6024 1219 6072; x_wconf 91' lang='lat' dir='ltr'>iu</span> <span class='ocrx_word' id='word_1_469' title='bbox 1232 6036 1262 6073; x_wconf 90' lang='lat' dir='ltr'>eo</span> <span class='ocrx_word' id='word_1_470' title='bbox 1277 6025 1340 6076; x_wconf 92' lang='lat' dir='ltr'>libro</span> <span class='ocrx_word' id='word_1_471' title='bbox 1351 6025 1383 6075; x_wconf 88' lang='lat' dir='ltr'>de</span> <span class='ocrx_word' id='word_1_472' title='bbox 1395 6025 1467 6086; x_wconf 83' lang='lat' dir='ltr'>tide,</span> 
     </span>
     <span class='ocr_line' id='line_1_63' title="bbox 675 6082 1468 6152; baseline 0.016 -28"><span class='ocrx_word' id='word_1_473' title='bbox 675 6089 751 6148; x_wconf 85' lang='lat' dir='ltr'>quem</span> <span class='ocrx_word' id='word_1_474' title='bbox 761 6085 817 6128; x_wconf 85' lang='lat' dir='ltr'>taoo</span> <span class='ocrx_word' id='word_1_475' title='bbox 827 6082 1011 6152; x_wconf 74' lang='lat' dir='ltr'>»ussirmomlus</span> <span class='ocrx_word' id='word_1_476' title='bbox 1030 6085 1128 6133; x_wconf 89' lang='lat' dir='ltr'>nomine</span> <span class='ocrx_word' id='word_1_477' title='bbox 1140 6083 1214 6151; x_wconf 83' lang='lat' dir='ltr'>unllni</span> <span class='ocrx_word' id='word_1_478' title='bbox 1226 6085 1358 6138; x_wconf 80' lang='lat' dir='ltr'>rataesnnae</span> <span class='ocrx_word' id='word_1_479' title='bbox 1369 6087 1468 6150; x_wconf 82' lang='lat' dir='ltr'>provin·</span> 
     </span>
     <span class='ocr_line' id='line_1_64' title="bbox 675 6140 1468 6211; baseline 0.015 -25"><span class='ocrx_word' id='word_1_480' title='bbox 675 6150 720 6209; x_wconf 70' lang='lat' dir='ltr'>ctas</span> <span class='ocrx_word' id='word_1_481' title='bbox 737 6140 872 6211; x_wconf 72' lang='lat' dir='ltr'>presbyten</span> <span class='ocrx_word' id='word_1_482' title='bbox 900 6142 1027 6193; x_wconf 74' lang='lat' dir='ltr'>»ublrcavit</span> <span class='ocrx_word' id='word_1_483' title='bbox 1039 6151 1110 6196; x_wconf 88' lang='lat' dir='ltr'>certe</span> <span class='ocrx_word' id='word_1_484' title='bbox 1128 6148 1356 6209; x_wconf 71' lang='lat' dir='ltr'>aquiregiensisulx</span> <span class='ocrx_word' id='word_1_485' title='bbox 1367 6185 1374 6207; x_wconf 98' lang='lat'>,</span> <span class='ocrx_word' id='word_1_486' title='bbox 1387 6161 1415 6198; x_wconf 80' lang='lat' dir='ltr'>sc</span> <span class='ocrx_word' id='word_1_487' title='bbox 1436 6161 1468 6198; x_wconf 89' lang='lat' dir='ltr'>oe</span> 
     </span>
     <span class='ocr_line' id='line_1_65' title="bbox 675 6199 1467 6272; baseline 0.019 -25"><span class='ocrx_word' id='word_1_488' title='bbox 675 6205 716 6248; x_wconf 83' lang='lat' dir='ltr'>ux</span> <span class='ocrx_word' id='word_1_489' title='bbox 729 6199 865 6272; x_wconf 82' lang='lat' dir='ltr'>quideme·</span> <span class='ocrx_word' id='word_1_490' title='bbox 899 6204 905 6250; x_wconf 91' lang='lat' dir='ltr'>i</span> <span class='ocrx_word' id='word_1_491' title='bbox 922 6205 1013 6265; x_wconf 85' lang='lat' dir='ltr'>possit,</span> <span class='ocrx_word' id='word_1_492' title='bbox 1025 6213 1066 6255; x_wconf 90' lang='lat' dir='ltr'>aut</span> <span class='ocrx_word' id='word_1_493' title='bbox 1078 6214 1171 6258; x_wconf 86' lang='lat' dir='ltr'>nomam</span> <span class='ocrx_word' id='word_1_494' title='bbox 1187 6209 1259 6261; x_wconf 80' lang='lat' dir='ltr'>ivisse</span> <span class='ocrx_word' id='word_1_495' title='bbox 1276 6210 1389 6263; x_wconf 84' lang='lat' dir='ltr'>oontilicc</span> <span class='ocrx_word' id='word_1_496' title='bbox 1406 6218 1467 6261; x_wconf 80' lang='lat' dir='ltr'>tna·</span> 
     </span>
     <span class='ocr_line' id='line_1_66' title="bbox 676 6263 1286 6324; baseline 0.018 -12"><span class='ocrx_word' id='word_1_497' title='bbox 676 6267 761 6324; x_wconf 75' lang='lat' dir='ltr'>ussto,</span> <span class='ocrx_word' id='word_1_498' title='bbox 773 6270 814 6311; x_wconf 80' lang='lat' dir='ltr'>tut</span> <span class='ocrx_word' id='word_1_499' title='bbox 826 6263 1081 6316; x_wconf 72' lang='lat' dir='ltr'>dilcrmwanuuacbio</span> <span class='ocrx_word' id='word_1_500' title='bbox 1092 6271 1213 6322; x_wconf 83' lang='lat' dir='ltr'>mansisse.</span> <span class='ocrx_word' id='word_1_501' title='bbox 1280 6268 1286 6276; x_wconf 87' lang='grc'><strong><em>’</em></strong></span> 
     </span>
    </p>
   </div>
   <div class='ocr_carea' id='block_1_8' title="bbox 1282 861 1687 941">
    <p class='ocr_par' dir='ltr' id='par_1_12' title="bbox 1282 861 1687 941">
     <span class='ocr_line' id='line_1_67' title="bbox 1282 861 1687 941; baseline -0.032 0"><span class='ocrx_word' id='word_1_502' title='bbox 1282 884 1301 941; x_wconf 71' lang='grc' dir='ltr'>ἱ·-</span> <span class='ocrx_word' id='word_1_503' title='bbox 1330 877 1516 939; x_wconf 77' lang='lat' dir='ltr'>tooos‘tlxt</span> <span class='ocrx_word' id='word_1_504' title='bbox 1537 861 1687 932; x_wconf 78' lang='lat' dir='ltr'>eetscoel</span> 
     </span>
    </p>
   </div>
   <div class='ocr_carea' id='block_1_9' title="bbox 1511 860 2310 1331">
    <p class='ocr_par' dir='ltr' id='par_1_13' title="bbox 1511 860 2310 1331">
     <span class='ocr_line' id='line_1_68' title="bbox 2259 860 2306 921; baseline 0.021 -1"><span class='ocrx_word' id='word_1_505' title='bbox 2259 860 2306 921; x_wconf 69' lang='lat' dir='ltr'>iti</span> 
     </span>
     <span class='ocr_line' id='line_1_69' title="bbox 1511 969 2309 1055; baseline -0.011 -10"><span class='ocrx_word' id='word_1_506' title='bbox 1511 990 1590 1045; x_wconf 92' lang='lat' dir='ltr'>luerit</span> <span class='ocrx_word' id='word_1_507' title='bbox 1602 986 1722 1042; x_wconf 88' lang='lat' dir='ltr'>conlueri</span> <span class='ocrx_word' id='word_1_508' title='bbox 1735 1026 1743 1052; x_wconf 94' lang='lat'>,</span> <span class='ocrx_word' id='word_1_509' title='bbox 1763 982 1884 1055; x_wconf 82' lang='lat' dir='ltr'>quamuis</span> <span class='ocrx_word' id='word_1_510' title='bbox 1898 991 1925 1038; x_wconf 91' lang='lat' dir='ltr'>et</span> <span class='ocrx_word' id='word_1_511' title='bbox 1939 969 2038 1055; x_wconf 85' lang='lat' dir='ltr'>negare</span> <span class='ocrx_word' id='word_1_512' title='bbox 2049 995 2102 1038; x_wconf 91' lang='lat' dir='ltr'>non</span> <span class='ocrx_word' id='word_1_513' title='bbox 2115 996 2199 1038; x_wconf 87' lang='lat' dir='ltr'>ausus</span> <span class='ocrx_word' id='word_1_514' title='bbox 2214 983 2251 1037; x_wconf 89' lang='lat' dir='ltr'>sit</span> <span class='ocrx_word' id='word_1_515' title='bbox 2264 1001 2271 1037; x_wconf 94' lang='lat'>:</span> <span class='ocrx_word' id='word_1_516' title='bbox 2284 994 2309 1038; x_wconf 88' lang='lat' dir='ltr'>et</span> 
     </span>
     <span class='ocr_line' id='line_1_70' title="bbox 1512 1074 2309 1151; baseline -0.003 -17"><span class='ocrx_word' id='word_1_517' title='bbox 1512 1089 1621 1151; x_wconf 88' lang='lat' dir='ltr'>propter</span> <span class='ocrx_word' id='word_1_518' title='bbox 1636 1077 1704 1131; x_wconf 82' lang='lat' dir='ltr'>lianc</span> <span class='ocrx_word' id='word_1_519' title='bbox 1716 1075 1906 1131; x_wconf 80' lang='lat' dir='ltr'>dubitationem</span> <span class='ocrx_word' id='word_1_520' title='bbox 1919 1089 1994 1130; x_wconf 92' lang='lat' dir='ltr'>suam</span> <span class='ocrx_word' id='word_1_521' title='bbox 2008 1090 2062 1129; x_wconf 93' lang='lat' dir='ltr'>non</span> <span class='ocrx_word' id='word_1_522' title='bbox 2074 1074 2247 1132; x_wconf 81' lang='lat' dir='ltr'>damnauerit</span> <span class='ocrx_word' id='word_1_523' title='bbox 2265 1090 2309 1132; x_wconf 87' lang='lat' dir='ltr'>eos</span> 
     </span>
     <span class='ocr_line' id='line_1_71' title="bbox 1512 1165 2310 1241; baseline 0.001 -18"><span class='ocrx_word' id='word_1_524' title='bbox 1512 1172 1556 1241; x_wconf 91' lang='lat' dir='ltr'>qui</span> <span class='ocrx_word' id='word_1_525' title='bbox 1571 1170 1672 1233; x_wconf 91' lang='lat' dir='ltr'>dicuut,</span> <span class='ocrx_word' id='word_1_526' title='bbox 1691 1187 1700 1220; x_wconf 80' lang='lat' dir='ltr'>x</span> <span class='ocrx_word' id='word_1_527' title='bbox 1718 1166 1794 1234; x_wconf 83' lang='lat' dir='ltr'>Quod</span> <span class='ocrx_word' id='word_1_528' title='bbox 1811 1176 1948 1237; x_wconf 89' lang='lat' dir='ltr'>peccatum</span> <span class='ocrx_word' id='word_1_529' title='bbox 1970 1165 2034 1220; x_wconf 75' lang='lat' dir='ltr'>dds</span> <span class='ocrx_word' id='word_1_530' title='bbox 2054 1166 2142 1237; x_wconf 89' lang='lat' dir='ltr'>ipsum</span> <span class='ocrx_word' id='word_1_531' title='bbox 2155 1166 2246 1224; x_wconf 87' lang='lat' dir='ltr'>solum</span> <span class='ocrx_word' id='word_1_532' title='bbox 2267 1166 2310 1224; x_wconf 80' lang='lat' dir='ltr'>lc·</span> 
     </span>
     <span class='ocr_line' id='line_1_72' title="bbox 1514 1257 2310 1331; baseline 0 -16"><span class='ocrx_word' id='word_1_533' title='bbox 1514 1261 1594 1325; x_wconf 87' lang='lat' dir='ltr'>serit,</span> <span class='ocrx_word' id='word_1_534' title='bbox 1615 1270 1642 1315; x_wconf 89' lang='lat' dir='ltr'>ct</span> <span class='ocrx_word' id='word_1_535' title='bbox 1661 1273 1713 1314; x_wconf 91' lang='lat' dir='ltr'>noo</span> <span class='ocrx_word' id='word_1_536' title='bbox 1733 1257 2031 1330; x_wconf 75' lang='lat' dir='ltr'>gerrusltuurarruo13et</span> <span class='ocrx_word' id='word_1_537' title='bbox 2045 1257 2116 1328; x_wconf 92' lang='lat' dir='ltr'>quod</span> <span class='ocrx_word' id='word_1_538' title='bbox 2137 1258 2256 1318; x_wconf 74' lang='lat' dir='ltr'>inientes</span> <span class='ocrx_word' id='word_1_539' title='bbox 2267 1267 2310 1331; x_wconf 89' lang='lat' dir='ltr'>qul</span> 
     </span>
    </p>
   </div>
   <div class='ocr_carea' id='block_1_10' title="bbox 1514 1347 2311 1514">
    <p class='ocr_par' dir='ltr' id='par_1_14' title="bbox 1514 1347 2311 1514">
     <span class='ocr_line' id='line_1_73' title="bbox 1514 1347 2311 1419; baseline 0 -14"><span class='ocrx_word' id='word_1_540' title='bbox 1514 1360 1668 1413; x_wconf 89' lang='lat' dir='ltr'>naseuntur,</span> <span class='ocrx_word' id='word_1_541' title='bbox 1693 1350 1719 1404; x_wconf 93' lang='lat' dir='ltr'>io</span> <span class='ocrx_word' id='word_1_542' title='bbox 1744 1363 1777 1403; x_wconf 92' lang='lat' dir='ltr'>eo</span> <span class='ocrx_word' id='word_1_543' title='bbox 1797 1355 1868 1403; x_wconf 93' lang='lat' dir='ltr'>statu</span> <span class='ocrx_word' id='word_1_544' title='bbox 1888 1348 1958 1415; x_wconf 89' lang='lat' dir='ltr'>siut,</span> <span class='ocrx_word' id='word_1_545' title='bbox 1974 1348 2000 1402; x_wconf 93' lang='lat' dir='ltr'>iu</span> <span class='ocrx_word' id='word_1_546' title='bbox 2015 1347 2167 1419; x_wconf 79' lang='lat' dir='ltr'>quoddam</span> <span class='ocrx_word' id='word_1_547' title='bbox 2187 1349 2238 1405; x_wconf 89' lang='lat' dir='ltr'>luit</span> <span class='ocrx_word' id='word_1_548' title='bbox 2249 1360 2311 1406; x_wconf 88' lang='lat' dir='ltr'>autc</span> 
     </span>
     <span class='ocr_line' id='line_1_74' title="bbox 1515 1444 1799 1514; baseline -0.011 -17"><span class='ocrx_word' id='word_1_549' title='bbox 1515 1444 1769 1514; x_wconf 69' lang='lat' dir='ltr'>prevaricationem.</span> <span class='ocrx_word' id='word_1_550' title='bbox 1789 1457 1799 1494; x_wconf 81' lang='lat' dir='ltr'>t</span> 
     </span>
    </p>
   </div>
   <div class='ocr_carea' id='block_1_11' title="bbox 1516 1553 2326 3262">
    <p class='ocr_par' dir='ltr' id='par_1_15' title="bbox 1516 1553 2326 3262">
     <span class='ocr_line' id='line_1_75' title="bbox 1550 1553 2310 1626; baseline 0.001 -15"><span class='ocrx_word' id='word_1_551' title='bbox 1550 1554 1662 1611; x_wconf 79' lang='lat' dir='ltr'>CAPUT</span> <span class='ocrx_word' id='word_1_552' title='bbox 1681 1554 1715 1609; x_wconf 92' lang='lat' dir='ltr'>ll.</span> <span class='ocrx_word' id='word_1_553' title='bbox 1731 1584 1767 1594; x_wconf 91' lang='lat'><em>-</em></span> <span class='ocrx_word' id='word_1_554' title='bbox 1789 1553 1817 1609; x_wconf 83' lang='grc'>5.</span> <span class='ocrx_word' id='word_1_555' title='bbox 1848 1553 1876 1608; x_wconf 92' lang='lat' dir='ltr'>lu</span> <span class='ocrx_word' id='word_1_556' title='bbox 1902 1553 1994 1610; x_wconf 86' lang='lat' dir='ltr'>libello</span> <span class='ocrx_word' id='word_1_557' title='bbox 2017 1564 2107 1611; x_wconf 87' lang='lat' dir='ltr'>autem</span> <span class='ocrx_word' id='word_1_558' title='bbox 2122 1569 2205 1626; x_wconf 87' lang='lat' dir='ltr'>quem</span> <span class='ocrx_word' id='word_1_559' title='bbox 2217 1554 2310 1612; x_wconf 77' lang='lat' dir='ltr'>domat</span> 
     </span>
     <span class='ocr_line' id='line_1_76' title="bbox 1516 1645 2310 1716; baseline 0.001 -14"><span class='ocrx_word' id='word_1_560' title='bbox 1516 1645 1609 1712; x_wconf 88' lang='lat' dir='ltr'>edidit,</span> <span class='ocrx_word' id='word_1_561' title='bbox 1624 1646 1669 1715; x_wconf 94' lang='lat' dir='ltr'>qni</span> <span class='ocrx_word' id='word_1_562' title='bbox 1681 1646 1763 1716; x_wconf 89' lang='lat' dir='ltr'>gestis</span> <span class='ocrx_word' id='word_1_563' title='bbox 1777 1645 1813 1700; x_wconf 88' lang='lat' dir='ltr'>ibi</span> <span class='ocrx_word' id='word_1_564' title='bbox 1827 1645 2014 1700; x_wconf 89' lang='lat' dir='ltr'>ecclesiasticis</span> <span class='ocrx_word' id='word_1_565' title='bbox 2025 1646 2155 1715; x_wconf 87' lang='lat' dir='ltr'>allegatus</span> <span class='ocrx_word' id='word_1_566' title='bbox 2165 1655 2218 1714; x_wconf 96' lang='grc' dir='ltr'>εει,</span> <span class='ocrx_word' id='word_1_567' title='bbox 2230 1647 2310 1703; x_wconf 85' lang='lat' dir='ltr'>itade</span> 
     </span>
     <span class='ocr_line' id='line_1_77' title="bbox 1517 1734 2311 1806; baseline 0.005 -16"><span class='ocrx_word' id='word_1_568' title='bbox 1517 1736 1567 1791; x_wconf 81' lang='lat' dir='ltr'>liae</span> <span class='ocrx_word' id='word_1_569' title='bbox 1581 1752 1611 1791; x_wconf 90' lang='lat' dir='ltr'>re</span> <span class='ocrx_word' id='word_1_570' title='bbox 1626 1735 1754 1806; x_wconf 90' lang='lat' dir='ltr'>loquitur,</span> <span class='ocrx_word' id='word_1_571' title='bbox 1768 1745 1797 1789; x_wconf 94' lang='lat' dir='ltr'>ut</span> <span class='ocrx_word' id='word_1_572' title='bbox 1811 1734 1862 1790; x_wconf 90' lang='lat' dir='ltr'>lmc</span> <span class='ocrx_word' id='word_1_573' title='bbox 1874 1749 1904 1791; x_wconf 91' lang='lat' dir='ltr'>se</span> <span class='ocrx_word' id='word_1_574' title='bbox 1916 1735 2026 1790; x_wconf 89' lang='lat' dir='ltr'>eredere</span> <span class='ocrx_word' id='word_1_575' title='bbox 2038 1737 2172 1802; x_wconf 88' lang='lat' dir='ltr'>ostendat,</span> <span class='ocrx_word' id='word_1_576' title='bbox 2186 1738 2256 1794; x_wconf 88' lang='lat' dir='ltr'>unde</span> <span class='ocrx_word' id='word_1_577' title='bbox 2266 1737 2311 1794; x_wconf 88' lang='lat' dir='ltr'>bic</span> 
     </span>
     <span class='ocr_line' id='line_1_78' title="bbox 1516 1826 2326 1910; baseline 0.004 -27"><span class='ocrx_word' id='word_1_578' title='bbox 1516 1827 1638 1884; x_wconf 88' lang='lat' dir='ltr'>dubitare</span> <span class='ocrx_word' id='word_1_579' title='bbox 1651 1843 1680 1883; x_wconf 92' lang='lat' dir='ltr'>se</span> <span class='ocrx_word' id='word_1_580' title='bbox 1694 1827 1807 1883; x_wconf 83' lang='lat' dir='ltr'>dixerat.</span> <span class='ocrx_word' id='word_1_581' title='bbox 1820 1827 1886 1881; x_wconf 88' lang='lat' dir='ltr'>Nam</span> <span class='ocrx_word' id='word_1_582' title='bbox 1900 1827 1982 1882; x_wconf 73' lang='lat' dir='ltr'>verba</span> <span class='ocrx_word' id='word_1_583' title='bbox 2001 1828 2059 1895; x_wconf 75' lang='lat' dir='ltr'>cios</span> <span class='ocrx_word' id='word_1_584' title='bbox 2075 1832 2124 1882; x_wconf 92' lang='lat' dir='ltr'>ista</span> <span class='ocrx_word' id='word_1_585' title='bbox 2139 1837 2225 1884; x_wconf 88' lang='lat' dir='ltr'>sunt:</span> <span class='ocrx_word' id='word_1_586' title='bbox 2242 1846 2252 1881; x_wconf 81' lang='lat' dir='ltr'>r</span> <span class='ocrx_word' id='word_1_587' title='bbox 2271 1826 2326 1910; x_wconf 65' lang='lat' dir='ltr'>tna,</span> 
     </span>
     <span class='ocr_line' id='line_1_79' title="bbox 1517 1916 2312 1989; baseline -0.003 -14"><span class='ocrx_word' id='word_1_588' title='bbox 1517 1919 1603 1975; x_wconf 78' lang='lat' dir='ltr'>futiles</span> <span class='ocrx_word' id='word_1_589' title='bbox 1614 1927 1715 1981; x_wconf 80' lang='lat' dir='ltr'>eutem,</span> <span class='ocrx_word' id='word_1_590' title='bbox 1730 1938 1740 1972; x_wconf 87' lang='grc' dir='ltr'>ι</span> <span class='ocrx_word' id='word_1_591' title='bbox 1756 1918 1851 1989; x_wconf 87' lang='lat' dir='ltr'>inquil,</span> <span class='ocrx_word' id='word_1_592' title='bbox 1868 1936 1878 1970; x_wconf 87' lang='grc' dir='ltr'>ι</span> <span class='ocrx_word' id='word_1_593' title='bbox 1894 1919 1993 1973; x_wconf 86' lang='lat' dir='ltr'>debere</span> <span class='ocrx_word' id='word_1_594' title='bbox 2013 1916 2142 1987; x_wconf 82' lang='lat' dir='ltr'>baptizari</span> <span class='ocrx_word' id='word_1_595' title='bbox 2163 1919 2191 1974; x_wconf 87' lang='lat' dir='ltr'>itt</span> <span class='ocrx_word' id='word_1_596' title='bbox 2214 1918 2312 1975; x_wconf 80' lang='lat' dir='ltr'>remis·</span> 
     </span>
     <span class='ocr_line' id='line_1_80' title="bbox 1517 2008 2314 2079; baseline -0.001 -13"><span class='ocrx_word' id='word_1_597' title='bbox 1517 2010 1621 2066; x_wconf 89' lang='lat' dir='ltr'>sionem</span> <span class='ocrx_word' id='word_1_598' title='bbox 1644 2018 1824 2079; x_wconf 87' lang='lat' dir='ltr'>peccatorum,</span> <span class='ocrx_word' id='word_1_599' title='bbox 1849 2008 1997 2063; x_wconf 90' lang='lat' dir='ltr'>secundum</span> <span class='ocrx_word' id='word_1_600' title='bbox 2018 2008 2136 2077; x_wconf 80' lang='lat' dir='ltr'>regulam</span> <span class='ocrx_word' id='word_1_601' title='bbox 2155 2009 2314 2065; x_wconf 80' lang='lat' dir='ltr'>universalis</span> 
     </span>
     <span class='ocr_line' id='line_1_81' title="bbox 1518 2098 2315 2169; baseline 0.001 -14"><span class='ocrx_word' id='word_1_602' title='bbox 1518 2099 1655 2166; x_wconf 79' lang='lat' dir='ltr'>Ecclesiae,</span> <span class='ocrx_word' id='word_1_603' title='bbox 1669 2107 1697 2154; x_wconf 94' lang='lat' dir='ltr'>et</span> <span class='ocrx_word' id='word_1_604' title='bbox 1709 2099 1855 2155; x_wconf 88' lang='lat' dir='ltr'>secundum</span> <span class='ocrx_word' id='word_1_605' title='bbox 1868 2098 2005 2169; x_wconf 78' lang='lat' dir='ltr'>Evangelii</span> <span class='ocrx_word' id='word_1_606' title='bbox 2019 2101 2190 2166; x_wconf 85' lang='lat' dir='ltr'>seutentiam,</span> <span class='ocrx_word' id='word_1_607' title='bbox 2203 2101 2315 2156; x_wconf 84' lang='lat' dir='ltr'>eorrlite·</span> 
     </span>
     <span class='ocr_line' id='line_1_82' title="bbox 1519 2190 2313 2263; baseline 0.003 -17"><span class='ocrx_word' id='word_1_608' title='bbox 1519 2208 1599 2247; x_wconf 93' lang='lat' dir='ltr'>mur:</span> <span class='ocrx_word' id='word_1_609' title='bbox 1614 2194 1676 2263; x_wconf 92' lang='lat' dir='ltr'>quia</span> <span class='ocrx_word' id='word_1_610' title='bbox 1687 2191 1816 2246; x_wconf 88' lang='lat' dir='ltr'>Dominus</span> <span class='ocrx_word' id='word_1_611' title='bbox 1828 2191 1921 2260; x_wconf 88' lang='lat' dir='ltr'>statuit</span> <span class='ocrx_word' id='word_1_612' title='bbox 1935 2206 2045 2260; x_wconf 87' lang='lat' dir='ltr'>regnum</span> <span class='ocrx_word' id='word_1_613' title='bbox 2062 2190 2193 2246; x_wconf 85' lang='lat' dir='ltr'>coelorum</span> <span class='ocrx_word' id='word_1_614' title='bbox 2207 2192 2313 2248; x_wconf 85' lang='lat' dir='ltr'>oontrisl</span> 
     </span>
     <span class='ocr_line' id='line_1_83' title="bbox 1519 2279 2314 2353; baseline 0 -17"><span class='ocrx_word' id='word_1_615' title='bbox 1519 2282 1660 2352; x_wconf 87' lang='lat' dir='ltr'>baptizatis</span> <span class='ocrx_word' id='word_1_616' title='bbox 1670 2296 1749 2351; x_wconf 88' lang='lat' dir='ltr'>posse</span> <span class='ocrx_word' id='word_1_617' title='bbox 1764 2280 1878 2336; x_wconf 89' lang='lat' dir='ltr'>conlerri</span> <span class='ocrx_word' id='word_1_618' title='bbox 1892 2279 2034 2353; x_wconf 68' lang='lat' dir='ltr'>(deornm,</span> <span class='ocrx_word' id='word_1_619' title='bbox 2050 2281 2077 2351; x_wconf 83' lang='lat'>5)</span> <span class='ocrx_word' id='word_1_620' title='bbox 2088 2298 2097 2349; x_wconf 70' lang='grc' dir='ltr'>ι,</span> <span class='ocrx_word' id='word_1_621' title='bbox 2110 2281 2181 2352; x_wconf 92' lang='lat' dir='ltr'>qnod</span> <span class='ocrx_word' id='word_1_622' title='bbox 2200 2281 2262 2352; x_wconf 84' lang='lat' dir='ltr'>quie</span> <span class='ocrx_word' id='word_1_623' title='bbox 2276 2284 2314 2336; x_wconf 84' lang='lat' dir='ltr'>xi·</span> 
     </span>
     <span class='ocr_line' id='line_1_84' title="bbox 1519 2370 2314 2443; baseline 0 -15"><span class='ocrx_word' id='word_1_624' title='bbox 1519 2387 1563 2428; x_wconf 88' lang='lat' dir='ltr'>res</span> <span class='ocrx_word' id='word_1_625' title='bbox 1583 2382 1684 2427; x_wconf 77' lang='lat' dir='ltr'>tratura:</span> <span class='ocrx_word' id='word_1_626' title='bbox 1705 2386 1758 2427; x_wconf 93' lang='lat' dir='ltr'>nou</span> <span class='ocrx_word' id='word_1_627' title='bbox 1783 2370 1892 2436; x_wconf 90' lang='lat' dir='ltr'>babent,</span> <span class='ocrx_word' id='word_1_628' title='bbox 1914 2371 2028 2426; x_wconf 80' lang='lat' dir='ltr'>cottlerri</span> <span class='ocrx_word' id='word_1_629' title='bbox 2047 2373 2056 2403; x_wconf 81' lang='lat'><strong>¹</strong></span> <span class='ocrx_word' id='word_1_630' title='bbox 2074 2385 2184 2428; x_wconf 82' lang='lat' dir='ltr'>necesse</span> <span class='ocrx_word' id='word_1_631' title='bbox 2202 2381 2243 2428; x_wconf 75' lang='lat' dir='ltr'>est</span> <span class='ocrx_word' id='word_1_632' title='bbox 2266 2384 2314 2443; x_wconf 83' lang='lat' dir='ltr'>pet</span> 
     </span>
     <span class='ocr_line' id='line_1_85' title="bbox 1519 2461 2314 2535; baseline 0.003 -20"><span class='ocrx_word' id='word_1_633' title='bbox 1519 2465 1611 2535; x_wconf 73' lang='lat' dir='ltr'>gratiae</span> <span class='ocrx_word' id='word_1_634' title='bbox 1627 2464 1778 2520; x_wconf 88' lang='lat' dir='ltr'>libertatem</span> <span class='ocrx_word' id='word_1_635' title='bbox 1790 2464 1812 2513; x_wconf 79' lang='lat'>&#39;.</span> <span class='ocrx_word' id='word_1_636' title='bbox 1830 2481 1840 2515; x_wconf 83' lang='lat' dir='ltr'>r</span> <span class='ocrx_word' id='word_1_637' title='bbox 1853 2463 1881 2518; x_wconf 87' lang='lat' dir='ltr'>Si</span> <span class='ocrx_word' id='word_1_638' title='bbox 1895 2462 1958 2518; x_wconf 81' lang='lat' dir='ltr'>situl</span> <span class='ocrx_word' id='word_1_639' title='bbox 1974 2462 2007 2518; x_wconf 90' lang='lat' dir='ltr'>dc</span> <span class='ocrx_word' id='word_1_640' title='bbox 2021 2461 2071 2519; x_wconf 89' lang='lat' dir='ltr'>lrac</span> <span class='ocrx_word' id='word_1_641' title='bbox 2087 2478 2116 2519; x_wconf 92' lang='lat' dir='ltr'>re</span> <span class='ocrx_word' id='word_1_642' title='bbox 2135 2463 2262 2534; x_wconf 87' lang='lat' dir='ltr'>deinceps</span> <span class='ocrx_word' id='word_1_643' title='bbox 2271 2462 2314 2518; x_wconf 91' lang='lat' dir='ltr'>di·</span> 
     </span>
     <span class='ocr_line' id='line_1_86' title="bbox 1519 2551 2314 2624; baseline 0 -17"><span class='ocrx_word' id='word_1_644' title='bbox 1519 2561 1613 2620; x_wconf 88' lang='lat' dir='ltr'>cerct,</span> <span class='ocrx_word' id='word_1_645' title='bbox 1634 2552 1694 2624; x_wconf 90' lang='lat' dir='ltr'>quis</span> <span class='ocrx_word' id='word_1_646' title='bbox 1706 2568 1758 2607; x_wconf 93' lang='lat' dir='ltr'>nou</span> <span class='ocrx_word' id='word_1_647' title='bbox 1773 2567 1836 2608; x_wconf 89' lang='lat' dir='ltr'>cum</span> <span class='ocrx_word' id='word_1_648' title='bbox 1850 2552 1972 2608; x_wconf 90' lang='lat' dir='ltr'>crederet</span> <span class='ocrx_word' id='word_1_649' title='bbox 1985 2553 2118 2620; x_wconf 80' lang='lat' dir='ltr'>confiteri,</span> <span class='ocrx_word' id='word_1_650' title='bbox 2132 2554 2212 2609; x_wconf 92' lang='lat' dir='ltr'>ctiam</span> <span class='ocrx_word' id='word_1_651' title='bbox 2227 2551 2314 2608; x_wconf 86' lang='lat' dir='ltr'>iulan-</span> 
     </span>
     <span class='ocr_line' id='line_1_87' title="bbox 1521 2629 2313 2715; baseline -0.001 -16"><span class='ocrx_word' id='word_1_652' title='bbox 1521 2629 1591 2700; x_wconf 69' lang='lat' dir='ltr'>tibus</span> <span class='ocrx_word' id='word_1_653' title='bbox 1608 2645 1635 2700; x_wconf 92' lang='lat' dir='ltr'>in</span> <span class='ocrx_word' id='word_1_654' title='bbox 1655 2644 1791 2714; x_wconf 81' lang='lat' dir='ltr'>baptismo</span> <span class='ocrx_word' id='word_1_655' title='bbox 1805 2644 1943 2715; x_wconf 86' lang='lat' dir='ltr'>originalia</span> <span class='ocrx_word' id='word_1_656' title='bbox 1958 2651 2064 2713; x_wconf 82' lang='lat' dir='ltr'>peccata</span> <span class='ocrx_word' id='word_1_657' title='bbox 2077 2644 2186 2711; x_wconf 92' lang='lat' dir='ltr'>dimitti,</span> <span class='ocrx_word' id='word_1_658' title='bbox 2199 2644 2313 2699; x_wconf 88' lang='lat' dir='ltr'>dicendo</span> 
     </span>
     <span class='ocr_line' id='line_1_88' title="bbox 1520 2736 2314 2806; baseline 0.001 -16"><span class='ocrx_word' id='word_1_659' title='bbox 1520 2750 1567 2791; x_wconf 91' lang='lat' dir='ltr'>cos</span> <span class='ocrx_word' id='word_1_660' title='bbox 1580 2738 1606 2791; x_wconf 92' lang='lat' dir='ltr'>iu</span> <span class='ocrx_word' id='word_1_661' title='bbox 1630 2736 1814 2792; x_wconf 84' lang='lat' dir='ltr'>remissionem</span> <span class='ocrx_word' id='word_1_662' title='bbox 1836 2743 2005 2806; x_wconf 89' lang='lat' dir='ltr'>peccalorum</span> <span class='ocrx_word' id='word_1_663' title='bbox 2028 2736 2156 2804; x_wconf 78' lang='lat' dir='ltr'>baptizari</span> <span class='ocrx_word' id='word_1_664' title='bbox 2170 2737 2314 2805; x_wconf 78' lang='lat' dir='ltr'>oporteret</span> 
     </span>
     <span class='ocr_line' id='line_1_89' title="bbox 1520 2824 2313 2898; baseline 0.001 -14"><span class='ocrx_word' id='word_1_665' title='bbox 1520 2828 1588 2884; x_wconf 91' lang='lat' dir='ltr'>lliuc</span> <span class='ocrx_word' id='word_1_666' title='bbox 1599 2842 1662 2898; x_wconf 88' lang='lat' dir='ltr'>ergo</span> <span class='ocrx_word' id='word_1_667' title='bbox 1675 2836 1715 2884; x_wconf 89' lang='lat' dir='ltr'>cst</span> <span class='ocrx_word' id='word_1_668' title='bbox 1729 2836 1755 2884; x_wconf 91' lang='lat' dir='ltr'>et</span> <span class='ocrx_word' id='word_1_669' title='bbox 1773 2826 1838 2881; x_wconf 91' lang='lat' dir='ltr'>illud</span> <span class='ocrx_word' id='word_1_670' title='bbox 1855 2827 1924 2897; x_wconf 91' lang='lat' dir='ltr'>quod</span> <span class='ocrx_word' id='word_1_671' title='bbox 1941 2824 2095 2895; x_wconf 82' lang='lat' dir='ltr'>scripsistis,</span> <span class='ocrx_word' id='word_1_672' title='bbox 2115 2827 2155 2884; x_wconf 90' lang='lat' dir='ltr'>sic</span> <span class='ocrx_word' id='word_1_673' title='bbox 2175 2825 2254 2882; x_wconf 87' lang='lat' dir='ltr'>vobis</span> <span class='ocrx_word' id='word_1_674' title='bbox 2272 2844 2313 2885; x_wconf 86' lang='lat' dir='ltr'>re·</span> 
     </span>
     <span class='ocr_line' id='line_1_90' title="bbox 1520 2917 2314 2989; baseline 0.001 -17"><span class='ocrx_word' id='word_1_675' title='bbox 1520 2918 1662 2989; x_wconf 78' lang='lat' dir='ltr'>spurmnse</span> <span class='ocrx_word' id='word_1_676' title='bbox 1683 2918 1829 2989; x_wconf 82' lang='lat' dir='ltr'>Pelagium,</span> <span class='ocrx_word' id='word_1_677' title='bbox 1848 2934 1858 2969; x_wconf 84' lang='lat' dir='ltr'>t</span> <span class='ocrx_word' id='word_1_678' title='bbox 1875 2917 1945 2988; x_wconf 92' lang='lat' dir='ltr'>quod</span> <span class='ocrx_word' id='word_1_679' title='bbox 1959 2917 2060 2973; x_wconf 82' lang='lat' dir='ltr'>eisdem</span> <span class='ocrx_word' id='word_1_680' title='bbox 2079 2917 2176 2985; x_wconf 79' lang='lat' dir='ltr'>rprxilms</span> <span class='ocrx_word' id='word_1_681' title='bbox 2188 2928 2219 2973; x_wconf 91' lang='lat' dir='ltr'>et</span> <span class='ocrx_word' id='word_1_682' title='bbox 2233 2918 2314 2989; x_wconf 83' lang='lat' dir='ltr'>majo·</span> 
     </span>
     <span class='ocr_line' id='line_1_91' title="bbox 1521 3007 2313 3079; baseline -0.001 -13"><span class='ocrx_word' id='word_1_683' title='bbox 1521 3024 1565 3066; x_wconf 84' lang='lat' dir='ltr'>res</span> <span class='ocrx_word' id='word_1_684' title='bbox 1580 3007 1744 3065; x_wconf 69' lang='lat' dir='ltr'>Siccamcnti</span> <span class='ocrx_word' id='word_1_685' title='bbox 1756 3008 1845 3063; x_wconf 83' lang='lat' dir='ltr'>serbis</span> <span class='ocrx_word' id='word_1_686' title='bbox 1857 3007 2024 3077; x_wconf 84' lang='lat' dir='ltr'>baptizamur</span> <span class='ocrx_word' id='word_1_687' title='bbox 2036 3007 2169 3075; x_wconf 85' lang='lat' dir='ltr'>irtlantcs;</span> <span class='ocrx_word' id='word_1_688' title='bbox 2186 3027 2200 3061; x_wconf 79' lang='lat' dir='ltr'>s</span> <span class='ocrx_word' id='word_1_689' title='bbox 2216 3023 2313 3079; x_wconf 84' lang='lat' dir='ltr'>rosque</span> 
     </span>
     <span class='ocr_line' id='line_1_92' title="bbox 1521 3099 2312 3171; baseline 0 -16"><span class='ocrx_word' id='word_1_690' title='bbox 1521 3100 1602 3156; x_wconf 84' lang='lat' dir='ltr'>luisse</span> <span class='ocrx_word' id='word_1_691' title='bbox 1616 3102 1728 3165; x_wconf 68' lang='lat' dir='ltr'>lacertos,</span> <span class='ocrx_word' id='word_1_692' title='bbox 1745 3100 1770 3155; x_wconf 92' lang='lat' dir='ltr'>id</span> <span class='ocrx_word' id='word_1_693' title='bbox 1791 3099 1860 3171; x_wconf 92' lang='lat' dir='ltr'>quod</span> <span class='ocrx_word' id='word_1_694' title='bbox 1879 3099 2027 3169; x_wconf 84' lang='lat' dir='ltr'>cupiebatis</span> <span class='ocrx_word' id='word_1_695' title='bbox 2047 3100 2163 3165; x_wconf 80' lang='lat' dir='ltr'>audisse,</span> <span class='ocrx_word' id='word_1_696' title='bbox 2185 3110 2312 3157; x_wconf 89' lang='lat' dir='ltr'>ettamen</span> 
     </span>
     <span class='ocr_line' id='line_1_93' title="bbox 1521 3192 2188 3262; baseline 0.001 -15"><span class='ocrx_word' id='word_1_697' title='bbox 1521 3192 1607 3250; x_wconf 88' lang='lat' dir='ltr'>adhuc</span> <span class='ocrx_word' id='word_1_698' title='bbox 1620 3193 1653 3247; x_wconf 83' lang='lat' dir='ltr'>tle.</span> <span class='ocrx_word' id='word_1_699' title='bbox 1668 3192 1756 3246; x_wconf 77' lang='lat' dir='ltr'>seruis</span> <span class='ocrx_word' id='word_1_700' title='bbox 1770 3193 1828 3262; x_wconf 86' lang='lat' dir='ltr'>ejus</span> <span class='ocrx_word' id='word_1_701' title='bbox 1842 3207 1891 3245; x_wconf 86' lang='lat' dir='ltr'>tros</span> <span class='ocrx_word' id='word_1_702' title='bbox 1904 3193 2028 3248; x_wconf 76' lang='lat' dir='ltr'>rrratutssc</span> <span class='ocrx_word' id='word_1_703' title='bbox 2037 3193 2188 3248; x_wconf 85' lang='lat' dir='ltr'>consulere.</span> 
     </span>
    </p>
   </div>
   <div class='ocr_carea' id='block_1_12' title="bbox 1520 3300 2322 5931">
    <p class='ocr_par' dir='ltr' id='par_1_16' title="bbox 1520 3300 2322 4907">
     <span class='ocr_line' id='line_1_94' title="bbox 1555 3300 2311 3373; baseline 0 -15"><span class='ocrx_word' id='word_1_704' title='bbox 1555 3302 1671 3358; x_wconf 71' lang='lat' dir='ltr'><strong>CAPUT</strong></span> <span class='ocrx_word' id='word_1_705' title='bbox 1691 3302 1736 3358; x_wconf 81' lang='lat' dir='ltr'>tl:</span> <span class='ocrx_word' id='word_1_706' title='bbox 1756 3332 1791 3342; x_wconf 92' lang='lat'>-</span> <span class='ocrx_word' id='word_1_707' title='bbox 1805 3302 1831 3357; x_wconf 79' lang='lat'>6.</span> <span class='ocrx_word' id='word_1_708' title='bbox 1848 3300 1984 3357; x_wconf 83' lang='lat' dir='ltr'>llttcudite</span> <span class='ocrx_word' id='word_1_709' title='bbox 1997 3304 2085 3373; x_wconf 91' lang='lat' dir='ltr'>itaque</span> <span class='ocrx_word' id='word_1_710' title='bbox 2096 3303 2159 3373; x_wconf 91' lang='lat' dir='ltr'>quid</span> <span class='ocrx_word' id='word_1_711' title='bbox 2172 3302 2311 3359; x_wconf 84' lang='lat' dir='ltr'>Coelcstiua</span> 
     </span>
     <span class='ocr_line' id='line_1_95' title="bbox 1520 3393 2312 3465; baseline -0.001 -16"><span class='ocrx_word' id='word_1_712' title='bbox 1520 3395 1689 3465; x_wconf 89' lang='lat' dir='ltr'>apertissime</span> <span class='ocrx_word' id='word_1_713' title='bbox 1705 3393 1813 3460; x_wconf 84' lang='lat' dir='ltr'>dixerit,</span> <span class='ocrx_word' id='word_1_714' title='bbox 1836 3402 1864 3448; x_wconf 90' lang='lat' dir='ltr'>ct</span> <span class='ocrx_word' id='word_1_715' title='bbox 1878 3394 1913 3447; x_wconf 90' lang='lat' dir='ltr'>ibi</span> <span class='ocrx_word' id='word_1_716' title='bbox 1928 3394 2051 3449; x_wconf 87' lang='lat' dir='ltr'>ridebitis</span> <span class='ocrx_word' id='word_1_717' title='bbox 2068 3395 2223 3465; x_wconf 78' lang='lat' dir='ltr'>quidnobis</span> <span class='ocrx_word' id='word_1_718' title='bbox 2239 3395 2312 3450; x_wconf 88' lang='lat' dir='ltr'>Pela·</span> 
     </span>
     <span class='ocr_line' id='line_1_96' title="bbox 1520 3464 2311 3557; baseline 0.004 -20"><span class='ocrx_word' id='word_1_719' title='bbox 1520 3484 1580 3555; x_wconf 90' lang='lat' dir='ltr'>gius</span> <span class='ocrx_word' id='word_1_720' title='bbox 1593 3464 1773 3542; x_wconf 65' lang='lat' dir='ltr'>occultaverit.</span> <span class='ocrx_word' id='word_1_721' title='bbox 1790 3484 1932 3539; x_wconf 79' lang='lat' dir='ltr'>Caelestius</span> <span class='ocrx_word' id='word_1_722' title='bbox 1944 3485 2041 3555; x_wconf 91' lang='lat' dir='ltr'>quippe</span> <span class='ocrx_word' id='word_1_723' title='bbox 2053 3485 2183 3557; x_wconf 80' lang='lat' dir='ltr'>adjungit,</span> <span class='ocrx_word' id='word_1_724' title='bbox 2196 3495 2223 3542; x_wconf 90' lang='lat' dir='ltr'>ct</span> <span class='ocrx_word' id='word_1_725' title='bbox 2232 3485 2311 3541; x_wconf 79' lang='lat' dir='ltr'>dicit&#39;:</span> 
     </span>
     <span class='ocr_line' id='line_1_97' title="bbox 1524 3576 2315 3648; baseline 0.004 -17"><span class='ocrx_word' id='word_1_726' title='bbox 1524 3595 1535 3631; x_wconf 84' lang='grc' dir='ltr'>ι</span> <span class='ocrx_word' id='word_1_727' title='bbox 1551 3576 1777 3632; x_wconf 83' lang='lat' dir='ltr'>inremissionem</span> <span class='ocrx_word' id='word_1_728' title='bbox 1792 3586 1879 3631; x_wconf 89' lang='lat' dir='ltr'>autem</span> <span class='ocrx_word' id='word_1_729' title='bbox 1901 3588 2068 3646; x_wconf 79' lang='lat' dir='ltr'>pcccatorum</span> <span class='ocrx_word' id='word_1_730' title='bbox 2085 3579 2259 3648; x_wconf 83' lang='lat' dir='ltr'>baptizandos</span> <span class='ocrx_word' id='word_1_731' title='bbox 2276 3580 2315 3634; x_wconf 70' lang='lat' dir='ltr'>irs</span> 
     </span>
     <span class='ocr_line' id='line_1_98' title="bbox 1522 3667 2315 3738; baseline 0.005 -16"><span class='ocrx_word' id='word_1_732' title='bbox 1522 3667 1624 3731; x_wconf 79' lang='lat' dir='ltr'>latites,</span> <span class='ocrx_word' id='word_1_733' title='bbox 1641 3682 1692 3721; x_wconf 94' lang='lat' dir='ltr'>nou</span> <span class='ocrx_word' id='word_1_734' title='bbox 1709 3667 1808 3722; x_wconf 88' lang='lat' dir='ltr'>idcireo</span> <span class='ocrx_word' id='word_1_735' title='bbox 1821 3667 1946 3735; x_wconf 85' lang='lat' dir='ltr'>diximus,</span> <span class='ocrx_word' id='word_1_736' title='bbox 1962 3678 1991 3723; x_wconf 91' lang='lat' dir='ltr'>ut</span> <span class='ocrx_word' id='word_1_737' title='bbox 2009 3677 2145 3738; x_wconf 86' lang='lat' dir='ltr'>peecatum</span> <span class='ocrx_word' id='word_1_738' title='bbox 2159 3686 2193 3724; x_wconf 90' lang='lat' dir='ltr'>cx</span> <span class='ocrx_word' id='word_1_739' title='bbox 2208 3669 2315 3726; x_wconf 82' lang='lat' dir='ltr'>traduce</span> 
     </span>
     <span class='ocr_line' id='line_1_99' title="bbox 1522 3757 2314 3828; baseline 0.004 -16"><span class='ocrx_word' id='word_1_740' title='bbox 1522 3758 1628 3812; x_wconf 85' lang='lat' dir='ltr'>llrumre</span> <span class='ocrx_word' id='word_1_741' title='bbox 1639 3757 1776 3812; x_wconf 83' lang='lat' dir='ltr'>uideamur</span> <span class='ocrx_word' id='word_1_742' title='bbox 1791 3775 1797 3810; x_wconf 92' lang='lat'>:</span> <span class='ocrx_word' id='word_1_743' title='bbox 1810 3758 1879 3827; x_wconf 93' lang='lat' dir='ltr'>quod</span> <span class='ocrx_word' id='word_1_744' title='bbox 1893 3758 1970 3828; x_wconf 90' lang='lat' dir='ltr'>longe</span> <span class='ocrx_word' id='word_1_745' title='bbox 1983 3775 1998 3812; x_wconf 90' lang='lat' dir='ltr'>a</span> <span class='ocrx_word' id='word_1_746' title='bbox 2011 3759 2142 3814; x_wconf 90' lang='lat' dir='ltr'>catholieo</span> <span class='ocrx_word' id='word_1_747' title='bbox 2152 3775 2234 3815; x_wconf 90' lang='lat' dir='ltr'>sensu</span> <span class='ocrx_word' id='word_1_748' title='bbox 2248 3761 2314 3816; x_wconf 88' lang='lat' dir='ltr'>alic·</span> 
     </span>
     <span class='ocr_line' id='line_1_100' title="bbox 1521 3848 2314 3920; baseline 0.004 -15"><span class='ocrx_word' id='word_1_749' title='bbox 1521 3865 1584 3905; x_wconf 87' lang='lat' dir='ltr'>num</span> <span class='ocrx_word' id='word_1_750' title='bbox 1605 3859 1655 3904; x_wconf 90' lang='lat' dir='ltr'>cst.</span> <span class='ocrx_word' id='word_1_751' title='bbox 1671 3848 1736 3918; x_wconf 81' lang='lat' dir='ltr'>Quia</span> <span class='ocrx_word' id='word_1_752' title='bbox 1753 3859 1890 3919; x_wconf 90' lang='lat' dir='ltr'>peceatum</span> <span class='ocrx_word' id='word_1_753' title='bbox 1912 3866 1965 3905; x_wconf 94' lang='lat' dir='ltr'>non</span> <span class='ocrx_word' id='word_1_754' title='bbox 1979 3865 2038 3904; x_wconf 92' lang='lat' dir='ltr'>cum</span> <span class='ocrx_word' id='word_1_755' title='bbox 2053 3850 2162 3906; x_wconf 88' lang='lat' dir='ltr'>bomine</span> <span class='ocrx_word' id='word_1_756' title='bbox 2175 3853 2314 3920; x_wconf 71' lang='lat' dir='ltr'>nascitur,</span> 
     </span>
     <span class='ocr_line' id='line_1_101' title="bbox 1521 3941 2316 4012; baseline 0.004 -18"><span class='ocrx_word' id='word_1_757' title='bbox 1521 3941 1592 4010; x_wconf 93' lang='lat' dir='ltr'>quod</span> <span class='ocrx_word' id='word_1_758' title='bbox 1605 3941 1774 4010; x_wconf 89' lang='lat' dir='ltr'>postmodum</span> <span class='ocrx_word' id='word_1_759' title='bbox 1788 3951 1927 3996; x_wconf 89' lang='lat' dir='ltr'>excreetur</span> <span class='ocrx_word' id='word_1_760' title='bbox 1937 3941 1970 3994; x_wconf 91' lang='lat' dir='ltr'>ab</span> <span class='ocrx_word' id='word_1_761' title='bbox 1982 3941 2089 3996; x_wconf 89' lang='lat' dir='ltr'>lroruiuc</span> <span class='ocrx_word' id='word_1_762' title='bbox 2104 3960 2110 3995; x_wconf 92' lang='lat'>:</span> <span class='ocrx_word' id='word_1_763' title='bbox 2126 3944 2187 4012; x_wconf 88' lang='lat' dir='ltr'>quia</span> <span class='ocrx_word' id='word_1_764' title='bbox 2204 3959 2258 3997; x_wconf 78' lang='lat' dir='ltr'>nan</span> <span class='ocrx_word' id='word_1_765' title='bbox 2270 3959 2316 3997; x_wconf 70' lang='lat' dir='ltr'>rra·</span> 
     </span>
     <span class='ocr_line' id='line_1_102' title="bbox 1522 4032 2318 4095; baseline 0.003 -7"><span class='ocrx_word' id='word_1_766' title='bbox 1522 4042 1589 4088; x_wconf 70' lang='lat' dir='ltr'>lurae</span> <span class='ocrx_word' id='word_1_767' title='bbox 1616 4032 1758 4095; x_wconf 90' lang='lat' dir='ltr'>delictum,</span> <span class='ocrx_word' id='word_1_768' title='bbox 1774 4033 1820 4087; x_wconf 90' lang='lat' dir='ltr'>scd</span> <span class='ocrx_word' id='word_1_769' title='bbox 1837 4033 1981 4088; x_wconf 79' lang='lat' dir='ltr'>voluntatis</span> <span class='ocrx_word' id='word_1_770' title='bbox 1999 4049 2058 4089; x_wconf 92' lang='lat' dir='ltr'>cssc</span> <span class='ocrx_word' id='word_1_771' title='bbox 2085 4044 2260 4090; x_wconf 80' lang='lat' dir='ltr'>ritorrstratur.</span> <span class='ocrx_word' id='word_1_772' title='bbox 2285 4036 2318 4090; x_wconf 83' lang='grc' dir='ltr'>Ει</span> 
     </span>
     <span class='ocr_line' id='line_1_103' title="bbox 1522 4122 2316 4196; baseline 0.008 -20"><span class='ocrx_word' id='word_1_773' title='bbox 1522 4122 1585 4178; x_wconf 92' lang='lat' dir='ltr'>illud</span> <span class='ocrx_word' id='word_1_774' title='bbox 1597 4138 1659 4192; x_wconf 90' lang='lat' dir='ltr'>ergo</span> <span class='ocrx_word' id='word_1_775' title='bbox 1672 4124 1793 4178; x_wconf 84' lang='lat' dir='ltr'>conliteri</span> <span class='ocrx_word' id='word_1_776' title='bbox 1806 4139 1963 4194; x_wconf 88' lang='lat' dir='ltr'>congruum,</span> <span class='ocrx_word' id='word_1_777' title='bbox 1978 4140 2012 4179; x_wconf 92' lang='lat' dir='ltr'>ue</span> <span class='ocrx_word' id='word_1_778' title='bbox 2023 4124 2130 4180; x_wconf 81' lang='lat' dir='ltr'>diversa</span> <span class='ocrx_word' id='word_1_779' title='bbox 2143 4126 2316 4196; x_wconf 83' lang='lat' dir='ltr'>baptismatis</span> 
     </span>
     <span class='ocr_line' id='line_1_104' title="bbox 1521 4215 2319 4287; baseline 0.004 -17"><span class='ocrx_word' id='word_1_780' title='bbox 1521 4230 1619 4285; x_wconf 90' lang='lat' dir='ltr'>genera</span> <span class='ocrx_word' id='word_1_781' title='bbox 1640 4215 1726 4272; x_wconf 82' lang='lat' dir='ltr'>lacere</span> <span class='ocrx_word' id='word_1_782' title='bbox 1742 4216 1897 4280; x_wconf 69' lang='lat' dir='ltr'>videamur,</span> <span class='ocrx_word' id='word_1_783' title='bbox 1914 4225 1940 4272; x_wconf 93' lang='lat' dir='ltr'>ct</span> <span class='ocrx_word' id='word_1_784' title='bbox 1954 4217 2005 4272; x_wconf 91' lang='lat' dir='ltr'>hoc</span> <span class='ocrx_word' id='word_1_785' title='bbox 2019 4219 2180 4287; x_wconf 77' lang='lat' dir='ltr'>praenmuicc</span> <span class='ocrx_word' id='word_1_786' title='bbox 2193 4233 2319 4274; x_wconf 87' lang='lat' dir='ltr'>necessa·</span> 
     </span>
     <span class='ocr_line' id='line_1_105' title="bbox 1522 4307 2319 4380; baseline 0.004 -18"><span class='ocrx_word' id='word_1_787' title='bbox 1522 4307 1591 4362; x_wconf 84' lang='lat' dir='ltr'>rium</span> <span class='ocrx_word' id='word_1_788' title='bbox 1608 4318 1658 4373; x_wconf 91' lang='lat' dir='ltr'>est,</span> <span class='ocrx_word' id='word_1_789' title='bbox 1676 4322 1711 4364; x_wconf 92' lang='lat' dir='ltr'>uc</span> <span class='ocrx_word' id='word_1_790' title='bbox 1725 4322 1772 4379; x_wconf 88' lang='lat' dir='ltr'>per</span> <span class='ocrx_word' id='word_1_791' title='bbox 1787 4310 1905 4380; x_wconf 76' lang='lat' dir='ltr'>urpsterii</span> <span class='ocrx_word' id='word_1_792' title='bbox 1928 4309 2108 4376; x_wconf 86' lang='lat' dir='ltr'>occasionem,</span> <span class='ocrx_word' id='word_1_793' title='bbox 2129 4308 2162 4364; x_wconf 92' lang='lat' dir='ltr'>ad</span> <span class='ocrx_word' id='word_1_794' title='bbox 2180 4308 2319 4366; x_wconf 77' lang='lat' dir='ltr'>creatoris</span> 
     </span>
     <span class='ocr_line' id='line_1_106' title="bbox 1523 4397 2322 4470; baseline 0.01 -21"><span class='ocrx_word' id='word_1_795' title='bbox 1523 4397 1644 4466; x_wconf 80' lang='lat' dir='ltr'>injurtam</span> <span class='ocrx_word' id='word_1_796' title='bbox 1660 4398 1756 4452; x_wconf 90' lang='lat' dir='ltr'>malum</span> <span class='ocrx_word' id='word_1_797' title='bbox 1769 4409 1909 4470; x_wconf 88' lang='lat' dir='ltr'>antequam</span> <span class='ocrx_word' id='word_1_798' title='bbox 1924 4400 1970 4455; x_wconf 89' lang='lat' dir='ltr'>liat</span> <span class='ocrx_word' id='word_1_799' title='bbox 1987 4401 2021 4456; x_wconf 90' lang='lat' dir='ltr'>ab</span> <span class='ocrx_word' id='word_1_800' title='bbox 2041 4401 2165 4468; x_wconf 83' lang='lat' dir='ltr'>ltourine,</span> <span class='ocrx_word' id='word_1_801' title='bbox 2188 4402 2257 4456; x_wconf 88' lang='lat' dir='ltr'>tradi</span> <span class='ocrx_word' id='word_1_802' title='bbox 2277 4401 2322 4457; x_wconf 89' lang='lat' dir='ltr'>di··</span> 
     </span>
     <span class='ocr_line' id='line_1_107' title="bbox 1522 4490 2321 4560; baseline 0.006 -17"><span class='ocrx_word' id='word_1_803' title='bbox 1522 4500 1597 4544; x_wconf 88' lang='lat' dir='ltr'>eatur</span> <span class='ocrx_word' id='word_1_804' title='bbox 1612 4490 1711 4544; x_wconf 87' lang='lat' dir='ltr'>lmutiui</span> <span class='ocrx_word' id='word_1_805' title='bbox 1725 4505 1773 4560; x_wconf 92' lang='lat' dir='ltr'>per</span> <span class='ocrx_word' id='word_1_806' title='bbox 1786 4500 1918 4546; x_wconf 90' lang='lat' dir='ltr'>naturam.</span> <span class='ocrx_word' id='word_1_807' title='bbox 1939 4509 1949 4546; x_wconf 83' lang='lat' dir='ltr'>r</span> <span class='ocrx_word' id='word_1_808' title='bbox 1965 4490 2041 4546; x_wconf 89' lang='lat' dir='ltr'>lluuc</span> <span class='ocrx_word' id='word_1_809' title='bbox 2055 4506 2165 4549; x_wconf 88' lang='lat' dir='ltr'>sensum</span> <span class='ocrx_word' id='word_1_810' title='bbox 2178 4506 2257 4548; x_wconf 89' lang='lat' dir='ltr'>suum</span> <span class='ocrx_word' id='word_1_811' title='bbox 2271 4509 2321 4548; x_wconf 86' lang='lat' dir='ltr'>ro·</span> 
     </span>
     <span class='ocr_line' id='line_1_108' title="bbox 1523 4582 2320 4655; baseline 0.006 -19"><span class='ocrx_word' id='word_1_812' title='bbox 1523 4583 1563 4636; x_wconf 86' lang='lat' dir='ltr'>bis</span> <span class='ocrx_word' id='word_1_813' title='bbox 1583 4583 1688 4651; x_wconf 84' lang='lat' dir='ltr'>aperire</span> <span class='ocrx_word' id='word_1_814' title='bbox 1708 4582 1831 4652; x_wconf 88' lang='lat' dir='ltr'>Pelagius</span> <span class='ocrx_word' id='word_1_815' title='bbox 1850 4582 1893 4638; x_wconf 84' lang='lat' dir='ltr'>uel</span> <span class='ocrx_word' id='word_1_816' title='bbox 1914 4583 2018 4649; x_wconf 89' lang='lat' dir='ltr'>timuit,</span> <span class='ocrx_word' id='word_1_817' title='bbox 2035 4584 2074 4638; x_wconf 86' lang='lat' dir='ltr'>rel</span> <span class='ocrx_word' id='word_1_818' title='bbox 2090 4582 2213 4650; x_wconf 84' lang='lat' dir='ltr'>crubuit,</span> <span class='ocrx_word' id='word_1_819' title='bbox 2236 4600 2320 4655; x_wconf 86' lang='lat' dir='ltr'>quem</span> 
     </span>
     <span class='ocr_line' id='line_1_109' title="bbox 1523 4671 2319 4742; baseline 0.004 -16"><span class='ocrx_word' id='word_1_820' title='bbox 1523 4671 1671 4742; x_wconf 90' lang='lat' dir='ltr'>discipulus</span> <span class='ocrx_word' id='word_1_821' title='bbox 1692 4672 1750 4741; x_wconf 74' lang='lat' dir='ltr'>cius</span> <span class='ocrx_word' id='word_1_822' title='bbox 1773 4674 1859 4741; x_wconf 88' lang='lat' dir='ltr'>palam</span> <span class='ocrx_word' id='word_1_823' title='bbox 1874 4673 1932 4728; x_wconf 90' lang='lat' dir='ltr'>sinc</span> <span class='ocrx_word' id='word_1_824' title='bbox 1947 4674 2026 4728; x_wconf 91' lang='lat' dir='ltr'>ullius</span> <span class='ocrx_word' id='word_1_825' title='bbox 2037 4674 2210 4731; x_wconf 89' lang='lat' dir='ltr'>obscuritatis</span> <span class='ocrx_word' id='word_1_826' title='bbox 2221 4677 2319 4730; x_wconf 80' lang='lat' dir='ltr'>aruba-</span> 
     </span>
     <span class='ocr_line' id='line_1_110' title="bbox 1521 4762 2320 4836; baseline 0.008 -20"><span class='ocrx_word' id='word_1_827' title='bbox 1521 4762 1599 4831; x_wconf 84' lang='lat' dir='ltr'>gilms</span> <span class='ocrx_word' id='word_1_828' title='bbox 1611 4762 1680 4831; x_wconf 78' lang='lat' dir='ltr'>epm</span> <span class='ocrx_word' id='word_1_829' title='bbox 1694 4762 1790 4818; x_wconf 84' lang='lat' dir='ltr'>Sedent</span> <span class='ocrx_word' id='word_1_830' title='bbox 1811 4763 1991 4833; x_wconf 75' lang='lat' dir='ltr'>apostolicam</span> <span class='ocrx_word' id='word_1_831' title='bbox 2012 4766 2131 4835; x_wconf 87' lang='lat' dir='ltr'>proliteri</span> <span class='ocrx_word' id='word_1_832' title='bbox 2144 4781 2194 4822; x_wconf 91' lang='lat' dir='ltr'>nec</span> <span class='ocrx_word' id='word_1_833' title='bbox 2207 4766 2320 4836; x_wconf 90' lang='lat' dir='ltr'>timuit,</span> 
     </span>
     <span class='ocr_line' id='line_1_111' title="bbox 1522 4852 1699 4907; baseline -0.011 -1"><span class='ocrx_word' id='word_1_834' title='bbox 1522 4868 1572 4907; x_wconf 85' lang='lat' dir='ltr'>nec</span> <span class='ocrx_word' id='word_1_835' title='bbox 1584 4852 1699 4906; x_wconf 85' lang='lat' dir='ltr'>erubuit.</span> 
     </span>
    </p>

    <p class='ocr_par' dir='ltr' id='par_1_17' title="bbox 1521 4943 2322 5931">
     <span class='ocr_line' id='line_1_112' title="bbox 1558 4943 2319 5022; baseline 0.011 -25"><span class='ocrx_word' id='word_1_836' title='bbox 1558 4944 1585 4997; x_wconf 85' lang='lat' dir='ltr'>t.</span> <span class='ocrx_word' id='word_1_837' title='bbox 1601 4943 1651 4999; x_wconf 89' lang='lat' dir='ltr'>Sed</span> <span class='ocrx_word' id='word_1_838' title='bbox 1660 4943 1771 4999; x_wconf 92' lang='lat' dir='ltr'>multum</span> <span class='ocrx_word' id='word_1_839' title='bbox 1786 4944 1937 5001; x_wconf 86' lang='lat' dir='ltr'>misericors</span> <span class='ocrx_word' id='word_1_840' title='bbox 1947 4957 2101 5022; x_wconf 84' lang='lat' dir='ltr'>rpemoraue</span> <span class='ocrx_word' id='word_1_841' title='bbox 2109 4948 2185 5004; x_wconf 88' lang='lat' dir='ltr'>Sedis</span> <span class='ocrx_word' id='word_1_842' title='bbox 2192 4951 2319 5019; x_wconf 87' lang='lat' dir='ltr'>antistes,</span> 
     </span>
     <span class='ocr_line' id='line_1_113' title="bbox 1522 5033 2317 5110; baseline 0.01 -23"><span class='ocrx_word' id='word_1_843' title='bbox 1522 5033 1566 5088; x_wconf 92' lang='lat' dir='ltr'>ubi</span> <span class='ocrx_word' id='word_1_844' title='bbox 1579 5049 1640 5089; x_wconf 91' lang='lat' dir='ltr'>cum</span> <span class='ocrx_word' id='word_1_845' title='bbox 1656 5034 1721 5089; x_wconf 80' lang='lat' dir='ltr'>uidit</span> <span class='ocrx_word' id='word_1_846' title='bbox 1742 5035 1804 5091; x_wconf 87' lang='lat' dir='ltr'>lcrri</span> <span class='ocrx_word' id='word_1_847' title='bbox 1823 5045 1893 5091; x_wconf 81' lang='lat' dir='ltr'>tarrta</span> <span class='ocrx_word' id='word_1_848' title='bbox 1911 5039 2116 5108; x_wconf 72' lang='lat' dir='ltr'>presumptione</span> <span class='ocrx_word' id='word_1_849' title='bbox 2129 5040 2292 5110; x_wconf 77' lang='lat' dir='ltr'>ptmcipitcm</span> <span class='ocrx_word' id='word_1_850' title='bbox 2308 5082 2317 5108; x_wconf 97' lang='lat'>,</span> 
     </span>
     <span class='ocr_line' id='line_1_114' title="bbox 1523 5126 2317 5200; baseline 0.008 -20"><span class='ocrx_word' id='word_1_851' title='bbox 1523 5134 1646 5196; x_wconf 78' lang='lat' dir='ltr'>tunquam</span> <span class='ocrx_word' id='word_1_852' title='bbox 1660 5126 1803 5194; x_wconf 90' lang='lat' dir='ltr'>lurcntem,</span> <span class='ocrx_word' id='word_1_853' title='bbox 1818 5128 1903 5182; x_wconf 91' lang='lat' dir='ltr'>donec</span> <span class='ocrx_word' id='word_1_854' title='bbox 1917 5127 1939 5181; x_wconf 91' lang='lat' dir='ltr'>si</span> <span class='ocrx_word' id='word_1_855' title='bbox 1955 5137 2042 5197; x_wconf 88' lang='lat' dir='ltr'>posset</span> <span class='ocrx_word' id='word_1_856' title='bbox 2060 5129 2119 5184; x_wconf 90' lang='lat' dir='ltr'>lieri</span> <span class='ocrx_word' id='word_1_857' title='bbox 2135 5131 2317 5200; x_wconf 76' lang='lat' dir='ltr'>resipisceret,</span> 
     </span>
     <span class='ocr_line' id='line_1_115' title="bbox 1523 5217 2319 5290; baseline 0.011 -21"><span class='ocrx_word' id='word_1_858' title='bbox 1523 5217 1616 5270; x_wconf 85' lang='lat' dir='ltr'>ntsluit</span> <span class='ocrx_word' id='word_1_859' title='bbox 1634 5232 1694 5270; x_wconf 92' lang='lat' dir='ltr'>eum</span> <span class='ocrx_word' id='word_1_860' title='bbox 1718 5219 1818 5272; x_wconf 90' lang='lat' dir='ltr'>sensim</span> <span class='ocrx_word' id='word_1_861' title='bbox 1842 5219 1899 5272; x_wconf 89' lang='lat' dir='ltr'>suis</span> <span class='ocrx_word' id='word_1_862' title='bbox 1919 5219 2172 5290; x_wconf 88' lang='lat' dir='ltr'>interrogationibus</span> <span class='ocrx_word' id='word_1_863' title='bbox 2192 5234 2219 5277; x_wconf 92' lang='lat' dir='ltr'>ct</span> <span class='ocrx_word' id='word_1_864' title='bbox 2246 5223 2319 5279; x_wconf 86' lang='lat' dir='ltr'>illius</span> 
     </span>
     <span class='ocr_line' id='line_1_116' title="bbox 1522 5307 2319 5380; baseline 0.009 -19"><span class='ocrx_word' id='word_1_865' title='bbox 1522 5307 1740 5376; x_wconf 89' lang='lat' dir='ltr'>responsionibus</span> <span class='ocrx_word' id='word_1_866' title='bbox 1749 5309 1883 5380; x_wconf 88' lang='lat' dir='ltr'>colligare,</span> <span class='ocrx_word' id='word_1_867' title='bbox 1894 5325 1973 5380; x_wconf 90' lang='lat' dir='ltr'>quam</span> <span class='ocrx_word' id='word_1_868' title='bbox 1988 5310 2107 5367; x_wconf 88' lang='lat' dir='ltr'>districta</span> <span class='ocrx_word' id='word_1_869' title='bbox 2120 5312 2240 5368; x_wconf 88' lang='lat' dir='ltr'>leriendo</span> <span class='ocrx_word' id='word_1_870' title='bbox 2253 5323 2319 5369; x_wconf 84' lang='lat' dir='ltr'>sc&#39;n·</span> 
     </span>
     <span class='ocr_line' id='line_1_117' title="bbox 1524 5397 2320 5473; baseline 0.01 -21"><span class='ocrx_word' id='word_1_871' title='bbox 1524 5399 1617 5465; x_wconf 88' lang='lat' dir='ltr'>tentia,</span> <span class='ocrx_word' id='word_1_872' title='bbox 1634 5399 1659 5452; x_wconf 91' lang='lat' dir='ltr'>in</span> <span class='ocrx_word' id='word_1_873' title='bbox 1675 5397 1739 5453; x_wconf 91' lang='lat' dir='ltr'>illud</span> <span class='ocrx_word' id='word_1_874' title='bbox 1754 5399 1908 5469; x_wconf 87' lang='lat' dir='ltr'>abruptum,</span> <span class='ocrx_word' id='word_1_875' title='bbox 1923 5415 1976 5470; x_wconf 94' lang='lat' dir='ltr'>quo</span> <span class='ocrx_word' id='word_1_876' title='bbox 1986 5401 2042 5470; x_wconf 78' lang='lat' dir='ltr'>jam</span> <span class='ocrx_word' id='word_1_877' title='bbox 2057 5402 2227 5473; x_wconf 84' lang='lat' dir='ltr'>propendere</span> <span class='ocrx_word' id='word_1_878' title='bbox 2242 5404 2320 5460; x_wconf 86' lang='lat' dir='ltr'>ride-</span> 
     </span>
     <span class='ocr_line' id='line_1_118' title="bbox 1521 5488 2321 5563; baseline 0.011 -20"><span class='ocrx_word' id='word_1_879' title='bbox 1521 5488 1609 5555; x_wconf 92' lang='lat' dir='ltr'>batur,</span> <span class='ocrx_word' id='word_1_880' title='bbox 1626 5489 1773 5559; x_wconf 91' lang='lat' dir='ltr'>lmpcllcrc.</span> <span class='ocrx_word' id='word_1_881' title='bbox 1791 5489 1853 5545; x_wconf 90' lang='lat' dir='ltr'>ldeo</span> <span class='ocrx_word' id='word_1_882' title='bbox 1865 5501 1953 5546; x_wconf 89' lang='lat' dir='ltr'>autem</span> <span class='ocrx_word' id='word_1_883' title='bbox 1967 5507 2020 5547; x_wconf 93' lang='lat' dir='ltr'>nou</span> <span class='ocrx_word' id='word_1_884' title='bbox 2035 5493 2101 5561; x_wconf 88' lang='lat' dir='ltr'>dixi,</span> <span class='ocrx_word' id='word_1_885' title='bbox 2125 5499 2225 5563; x_wconf 76' lang='lat' dir='ltr'>Aperte</span> <span class='ocrx_word' id='word_1_886' title='bbox 2244 5499 2321 5552; x_wconf 84' lang='lat' dir='ltr'>cet-i-</span> 
     </span>
     <span class='ocr_line' id='line_1_119' title="bbox 1521 5578 2321 5656; baseline 0.014 -23"><span class='ocrx_word' id='word_1_887' title='bbox 1521 5578 1607 5645; x_wconf 89' lang='lat' dir='ltr'>derat,</span> <span class='ocrx_word' id='word_1_888' title='bbox 1631 5580 1688 5644; x_wconf 82' lang='lat' dir='ltr'>sel,</span> <span class='ocrx_word' id='word_1_889' title='bbox 1713 5580 1881 5650; x_wconf 86' lang='lat' dir='ltr'>propendere</span> <span class='ocrx_word' id='word_1_890' title='bbox 1903 5582 2057 5648; x_wconf 77' lang='lat' dir='ltr'>videbatur:</span> <span class='ocrx_word' id='word_1_891' title='bbox 2074 5586 2276 5656; x_wconf 75' lang='lat' dir='ltr'>quiasuperius</span> <span class='ocrx_word' id='word_1_892' title='bbox 2292 5589 2321 5646; x_wconf 90' lang='lat' dir='ltr'>lu</span> 
     </span>
     <span class='ocr_line' id='line_1_120' title="bbox 1521 5672 2322 5746; baseline 0.012 -19"><span class='ocrx_word' id='word_1_893' title='bbox 1521 5672 1712 5727; x_wconf 82' lang='lat' dir='ltr'>eodemliltello</span> <span class='ocrx_word' id='word_1_894' title='bbox 1721 5688 1769 5727; x_wconf 91' lang='lat' dir='ltr'>suo</span> <span class='ocrx_word' id='word_1_895' title='bbox 1777 5673 1810 5728; x_wconf 92' lang='lat' dir='ltr'>de</span> <span class='ocrx_word' id='word_1_896' title='bbox 1820 5675 2170 5746; x_wconf 73' lang='lat' dir='ltr'>lrrqusniodiquesnellius</span> <span class='ocrx_word' id='word_1_897' title='bbox 2178 5680 2322 5737; x_wconf 88' lang='lat' dir='ltr'>locuturus</span> 
     </span>
     <span class='ocr_line' id='line_1_121' title="bbox 1521 5763 2321 5840; baseline 0.018 -24"><span class='ocrx_word' id='word_1_898' title='bbox 1521 5771 1584 5817; x_wconf 87' lang='lat' dir='ltr'>onte</span> <span class='ocrx_word' id='word_1_899' title='bbox 1599 5763 1776 5832; x_wconf 75' lang='lat' dir='ltr'>predixerat:</span> <span class='ocrx_word' id='word_1_900' title='bbox 1796 5783 1806 5817; x_wconf 84' lang='lat' dir='ltr'>r</span> <span class='ocrx_word' id='word_1_901' title='bbox 1828 5763 1856 5820; x_wconf 85' lang='lat' dir='ltr'>Si</span> <span class='ocrx_word' id='word_1_902' title='bbox 1878 5766 1947 5822; x_wconf 87' lang='lat' dir='ltr'>lurte</span> <span class='ocrx_word' id='word_1_903' title='bbox 1966 5776 1997 5820; x_wconf 90' lang='lat' dir='ltr'>ut</span> <span class='ocrx_word' id='word_1_904' title='bbox 2014 5768 2165 5825; x_wconf 86' lang='lat' dir='ltr'>bominibus</span> <span class='ocrx_word' id='word_1_905' title='bbox 2183 5771 2321 5840; x_wconf 84' lang='lat' dir='ltr'>quispiam</span> 
     </span>
     <span class='ocr_line' id='line_1_122' title="bbox 1521 5853 2317 5931; baseline 0.015 -24"><span class='ocrx_word' id='word_1_906' title='bbox 1521 5853 1675 5922; x_wconf 78' lang='lat' dir='ltr'>ignorantis</span> <span class='ocrx_word' id='word_1_907' title='bbox 1683 5854 1987 5924; x_wconf 83' lang='lat' dir='ltr'>errorobrepsil,restra</span> <span class='ocrx_word' id='word_1_908' title='bbox 1995 5861 2127 5916; x_wconf 87' lang='lat' dir='ltr'>sententia</span> <span class='ocrx_word' id='word_1_909' title='bbox 2135 5862 2317 5931; x_wconf 70' lang='lat' dir='ltr'>corrig-stum</span> 
     </span>
    </p>
   </div>
   <div class='ocr_carea' id='block_1_13' title="bbox 1520 5965 2325 6137">
    <p class='ocr_par' dir='ltr' id='par_1_18' title="bbox 1520 5965 2325 6137">
     <span class='ocr_line' id='line_1_123' title="bbox 1555 5965 2325 6040; baseline 0.014 -20"><span class='ocrx_word' id='word_1_910' title='bbox 1555 5965 1667 6022; x_wconf 81' lang='lat' dir='ltr'>cuent</span> <span class='ocrx_word' id='word_1_911' title='bbox 1688 5965 1827 6024; x_wconf 83' lang='lat' dir='ltr'>vll-8.</span> <span class='ocrx_word' id='word_1_912' title='bbox 1842 5968 1983 6040; x_wconf 82' lang='lat' dir='ltr'>llaneejos</span> <span class='ocrx_word' id='word_1_913' title='bbox 1995 5972 2214 6040; x_wconf 82' lang='lat' dir='ltr'>praelocutimrem</span> <span class='ocrx_word' id='word_1_914' title='bbox 2236 5989 2325 6031; x_wconf 80' lang='lat' dir='ltr'>reue-</span> 
     </span>
     <span class='ocr_line' id='line_1_124' title="bbox 1520 6057 2323 6137; baseline 0.015 -25"><span class='ocrx_word' id='word_1_915' title='bbox 1520 6057 1611 6113; x_wconf 88' lang='lat' dir='ltr'>rabilis</span> <span class='ocrx_word' id='word_1_916' title='bbox 1623 6073 1690 6128; x_wconf 87' lang='lat' dir='ltr'>papa</span> <span class='ocrx_word' id='word_1_917' title='bbox 1703 6058 1829 6116; x_wconf 77' lang='lat' dir='ltr'>Zosinrus</span> <span class='ocrx_word' id='word_1_918' title='bbox 1843 6070 1946 6127; x_wconf 83' lang='lat' dir='ltr'>tenens,</span> <span class='ocrx_word' id='word_1_919' title='bbox 1959 6062 2014 6132; x_wconf 93' lang='lat' dir='ltr'>egit</span> <span class='ocrx_word' id='word_1_920' title='bbox 2026 6078 2086 6117; x_wconf 91' lang='lat' dir='ltr'>cum</span> <span class='ocrx_word' id='word_1_921' title='bbox 2101 6063 2220 6131; x_wconf 88' lang='lat' dir='ltr'>ltorniuo,</span> <span class='ocrx_word' id='word_1_922' title='bbox 2234 6081 2323 6137; x_wconf 88' lang='lat' dir='ltr'>quem</span> 
     </span>
    </p>
   </div>
   <div class='ocr_carea' id='block_1_14' title="bbox 1551 6213 2102 6346">
    <p class='ocr_par' dir='ltr' id='par_1_19' title="bbox 1551 6213 2102 6346">
     <span class='ocr_line' id='line_1_125' title="bbox 1551 6213 2102 6283; baseline 0.02 -23"><span class='ocrx_word' id='word_1_923' title='bbox 1551 6213 1560 6243; x_wconf 92' lang='lat'>¹</span> <span class='ocrx_word' id='word_1_924' title='bbox 1574 6218 1606 6262; x_wconf 89' lang='lat' dir='ltr'>tta</span> <span class='ocrx_word' id='word_1_925' title='bbox 1616 6213 1800 6283; x_wconf 70' lang='lat' dir='ltr'>eggirauucusis</span> <span class='ocrx_word' id='word_1_926' title='bbox 1810 6223 1850 6266; x_wconf 87' lang='lat' dir='ltr'>tls.</span> <span class='ocrx_word' id='word_1_927' title='bbox 1862 6223 1890 6267; x_wconf 82' lang='lat' dir='ltr'>at</span> <span class='ocrx_word' id='word_1_928' title='bbox 1901 6217 1971 6278; x_wconf 88' lang='lat' dir='ltr'>editi,</span> <span class='ocrx_word' id='word_1_929' title='bbox 1983 6219 2102 6282; x_wconf 72' lang='lat' dir='ltr'>mrrferre.</span> 
     </span>
     <span class='ocr_line' id='line_1_126' title="bbox 1552 6274 2062 6346; baseline 0.018 -24"><span class='ocrx_word' id='word_1_930' title='bbox 1552 6274 1563 6305; x_wconf 87' lang='lat'><strong>¹</strong></span> <span class='ocrx_word' id='word_1_931' title='bbox 1574 6279 1653 6336; x_wconf 79' lang='lat' dir='ltr'>terte,</span> <span class='ocrx_word' id='word_1_932' title='bbox 1664 6274 1844 6339; x_wconf 71' lang='lat' dir='ltr'>coercentem,</span> <span class='ocrx_word' id='word_1_933' title='bbox 1857 6280 1905 6340; x_wconf 83' lang='lat' dir='ltr'>tel,</span> <span class='ocrx_word' id='word_1_934' title='bbox 1919 6279 2062 6346; x_wconf 80' lang='lat' dir='ltr'>tupitotem.</span> 
     </span>
    </p>
   </div>
   <div class='ocr_carea' id='block_1_15' title="bbox 0 0 2811 7348">
    <p class='ocr_par' dir='ltr' id='par_1_20' title="bbox 0 0 2811 7348">
     <span class='ocr_line' id='line_1_127' title="bbox 0 0 2811 7348; baseline 0 0"><span class='ocrx_word' id='word_1_935' title='bbox 0 0 2811 7348; x_wconf 95' lang='lat' dir='ltr'> </span> 
     </span>
    </p>
   </div>
  </div>
 </body>
</html>
