5592 7350
1256 879 1453 937 cerrino.
2120 899 2155 955 5³

521 1004 609 1075 purte
623 992 672 1071 ‘lla
689 991 809 1069 quibus
828 990 911 1052 tenid
927 990 1021 1051 ‹trilite
1037 990 1200 1069 Pelagium
1215 990 1416 1070 designatum
1431 995 1541 1055 voluit.
1556 996 1736 1060 Obscurum
1754 1018 1817 1062 non
1833 1008 1890 1076 est,
1910 1007 2063 1083 preesules
2078 1008 2152 1070 Nu-

524 1074 625 1133 midia
639 1080 791 1131 erentnm
805 1071 908 1139 ilium,
923 1070 948 1130 si
968 1068 1050 1130 iama
1067 1069 1136 1147 ejus
1151 1068 1190 1128 ad
1206 1070 1278 1130 illos
1294 1073 1503 1147 pervenisset,
1518 1076 1645 1136 silentio
1661 1094 1724 1137 non
1742 1083 1933 1145 transituros
1949 1084 2047 1148 inisse
2065 1092 2149 1158 tuni,

523 1171 595 1213 cuni
608 1153 644 1209 de
658 1151 846 1228 Hieronymi
857 1156 968 1209 contra
980 1149 1142 1228 Pelagium
1154 1148 1186 1207 iu
1196 1147 1326 1209 Oriente
1337 1148 1485 1211 condictu
1497 1152 1684 1216 Innocentio
1695 1166 1863 1220 narrarent
1878 1162 1993 1242 (Infra,
2007 1165 2150 1241 hepene.

520 1241 611 1312 parte
622 1230 654 1308 2)
673 1251 680 1289 ι
696 1247 802 1305 neque
818 1230 913 1289 etiam
930 1227 1051 1288 creditu
1067 1227 1208 1305 proclive
1220 1234 1280 1299 est,
1294 1227 1536 1302 Innocentium,
1553 1233 1579 1292 si
1596 1251 1707 1298 rumor
1721 1237 1789 1315 ejus
1801 1236 1868 1317 jam
1881 1241 1987 1301 ltomre
2004 1232 2101 1319 at'qne
2118 1246 2150 1304 tn

517 1310 631 1371 ‘Africa
655 1311 851 1386 pervagatus
878 1307 1008 1375 inisset,
1033 1306 1071 1367 de
1092 1324 1131 1367 eo
1148 1307 1182 1367 in
1203 1307 1270 1367 suis
1287 1309 1550 1383 responsionibus
1568 1312 1738 1373 taciturum
1757 1336 1764 1374 ε
1781 1325 1878 1392 atque
1895 1319 1938 1378 ita
1954 1326 2150 1384 commodius

524 1406 622 1467 quom
641 1388 679 1449 ad
695 1387 818 1447 exitum
835 1387 912 1447 anni
928 1385 1235 1464 quadringentesimi
1249 1385 1361 1445 decimi
1379 1388 1461 1446 sexti
1476 1389 1587 1449 reterri
1603 1407 1668 1449 non
1683 1400 1798 1466 potest.
1809 1395 1890 1454 lllud
1907 1399 1984 1457 satis
2001 1399 2150 1460 credibile

525 1474 590 1537 est,
613 1466 766 1545 epistolas
781 1465 813 1523 in
829 1481 901 1525 eam
915 1483 982 1525 rem
1000 1466 1040 1525 ab
1061 1465 1247 1525 innocentio
1264 1464 1353 1526 datas
1366 1467 1491 1527 Jeanne
1512 1467 1578 1545 jam
1594 1470 1658 1529 vita
1680 1470 1787 1532 iuncto
1803 1474 1986 1549 pervenisse
2005 1476 2038 1535 iu
2050 1478 2155 1538 Palen-

525 1547 652 1607 stinam.
668 1544 815 1605 Zosimus
831 1543 916 1604 enim
933 1542 983 1602 die
998 1542 1027 1601 vi
1052 1543 1150 1602 esima
1166 1544 1269 1619 prima
1283 1545 1471 1618 septembris
1482 1545 1558 1605 anni
1574 1548 1879 1627 quadringentesimi
1895 1552 2007 1612 decimi
2026 1560 2150 1631 septimi

526 1626 667 1685 scribens
682 1623 721 1683 ad
736 1622 924 1691 Africanos,
948 1561 1110 1701 Prayiium
1120 1620 1174 1680 diu
1189 1625 1264 1681 ante
1282 1620 1449 1681 siiiiectnm
1465 1624 1497 1682 in
1509 1626 1642 1685 ioannis
1656 1626 1812 1687 demortui
1828 1629 1934 1690 iocum
1949 1630 2047 1692 luisse
2062 1633 2154 1692 decia

527 1702 655 1780 (thid).
669 1702 877 1762 Innocentius
892 1700 959 1767 ipse
997 1703 1046 1759 ost
1063 1698 1178 1758 collata
1194 1700 1249 1761 tila
1267 1701 1297 1759 in
1311 1700 1485 1760 Ecclesiam
1503 1703 1656 1765 beneficia
1671 1706 1820 1782 migravit
1834 1709 1873 1768 ad
1888 1725 2022 1785 superos
2038 1730 2044 1767 :
2061 1712 2152 1787 cujus

525 1782 722 1937 ghitninitg&
736 1796 824 1840 anno
838 1778 889 1838 die
902 1718 1090 1838 duodecima
1103 1778 1208 1837 martii
1223 1778 1394 1856 contigisse
1410 1779 1615 1842 manifestum
1629 1787 1675 1841 est
1693 1782 1702 1861 (
1716 1785 1755 1843 In
1772 1781 1959 1866 prefatione
1977 1789 2052 1848 tomi
2064 1788 2099 1859 2,
2115 1790 2154 1847 nd

577 1871 629 1919 ist.
723 1903 729 1916 .

552 1878 588 1997 PE
615 1938 697 1997 viris
727 1938 911 1997 excesserat
939 1937 1068 1995 sanctus
1098 1934 1150 1994 ille
1178 1934 1343 2012 pontifex,
1373 1933 1467 1994 bectoe
1492 1940 1644 1998 memorie
1670 1941 1763 2001 titulo
1788 1941 1855 2018 jam
1883 1947 1950 2002 tum
1977 1951 2156 2004 exornatus

527 2012 652 2096 (Epist.
670 2014 739 2084 186,
754 2032 787 2073 n.
806 2014 863 2088 P(;
880 2031 939 2073 nec
954 2018 1059 2073 tamen
1078 2011 1254 2090 quidquam
1275 2013 1379 2073 adhuc
1394 2014 1540 2076 Zosimus
1555 2016 1587 2075 in
1602 2016 1847 2096 Pelagianorum
1867 2021 2002 2098 gratiani
2025 2032 2153 2099 egerat.

526 2114 596 2158 enin
611 2094 812 2173 Augustinus
831 2093 964 2152 Paulino
979 2107 1129 2168 episcopo
1150 2092 1359 2167 prolixiorem
1375 2092 1542 2169 epistolam
1558 2100 1669 2157 contra
1691 2098 1877 2176 Pelagianos
1892 2116 1950 2175 per
1963 2100 2155 2159 ianuarium
2193 2129 2196 2136 ·

527 2174 620 2233 misit.
637 2174 705 2233 Hae
719 2177 786 2232 tota
802 2172 833 2231 in
850 2170 1040 2247 disputando
1055 2169 1093 2229 de
1108 2167 1223 2229 Christi
1240 2171 1343 2248 gratia
1359 2169 1541 2242 distinetur,
1556 2190 1620 2232 non
1635 2190 1672 2234 ea
1686 2180 1810 2235 tantum
1826 2178 1987 2253 roluptate
2006 2180 2153 2247 itieetns,

528 2270 620 2330 quam
636 2270 679 2311 er
693 2253 763 2328 eins
778 2252 891 2310 crebra
905 2248 1067 2308 mentione
1080 2248 1244 2326 capiebat3
1262 2249 1316 2308 sed
1331 2266 1370 2308 eo
1392 2250 1594 2326 potissimum
1612 2253 1697 2328 quod
1717 2254 1881 2323 audierat,
1901 2255 2054 2316 Notenses
2072 2258 2155 2316 inter

527 2330 659 2391 clericos
675 2337 731 2390 ant
746 2330 831 2390 cives
849 2327 996 2399 iin'eniri,
1011 2328 1065 2403 qui
1083 2326 1236 2387 adversus
1252 2344 1322 2386 eam
1337 2332 1508 2396 certarent,
1524 2330 1644 2405 quique
1660 2339 1825 2408 peccatum
1842 2335 1975 2412 originis
1991 2337 2034 2395 ita
2052 2353 2156 2412 oppu-

526 2415 675 2488 gnarent,
690 2414 727 2469 ut
744 2426 801 2485 per
822 2423 979 2467 summam
1003 2405 1163 2466 insaniam
1185 2405 1342 2466 libertatis
1365 2424 1461 2467 usum
1482 2406 1656 2469 infantibus
1679 2411 1775 2470 etiam
1797 2412 1901 2471 adhue
1922 2419 2063 2473 materna
2081 2414 2154 2473 alvo

526 2489 656 2558 clateris,
673 2505 747 2547 cum
761 2486 836 2546 boni
855 2485 968 2545 malive
990 2485 1156 2553 electione,
1175 2484 1319 2560 aileoque
1336 2486 1450 2546 merita
1465 2490 1496 2545 et
1510 2493 1637 2561 peccata
1654 2490 1784 2566 propria
1797 2492 1974 2550 tribuerent
1990 2511 1998 2551 ι
2015 2510 2153 2568 quorum

526 2568 619 2628 ctiam
635 2566 738 2643 aliqui
755 2566 786 2624 in
811 2581 921 2625 errore
949 2567 1087 2624 mentem
1113 2563 1159 2622 sie
1185 2562 1413 2635 obfirmarant,
1436 2568 1472 2623 ut
1496 2564 1637 2625 dicerent
1662 2585 1695 2625 se
1713 2567 1896 2646 a.Pclagio,
1917 2570 1972 2646 qui
1989 2577 2154 2646 peccatum

526 2645 683 2725 originale
699 2650 853 2722 negantes
875 2642 1219 2713 anathematizaverat,
1237 2642 1330 2702 citius
1354 2641 1572 2714 discessuros,
1588 2660 1687 2720 qnam
1711 2646 1753 2704 ab
1774 2662 1833 2706 sua
1853 2649 2009 2707 sententia
2024 2649 2153 2708 avocari

525 2744 557 2785 se
571 2728 773 2802 paterentur.
789 2721 870 2795 Quid
889 2737 985 2797 perro
999 2720 1037 2780 de
1062 2720 1130 2779 istis
1151 2720 1210 2780 sihi
1236 2726 1402 2781 narratum
1428 2725 1522 2788 esset,
1546 2727 1601 2780 aut
1625 2722 1758 2798 quinam
1780 2728 1887 2784 essent
1907 2724 1941 2795 ii,
1962 2726 2152 2786 ianuarium

525 2803 659 2864 Paulino
674 2802 912 2863 declaraturum
933 2800 1101 2876 pollicetur
1117 2818 1124 2855 ε
1142 2799 1208 2875 ipse
1225 2817 1300 2858 vcro
1318 2816 1382 2858 non
1403 2799 1495 2858 aliter
1509 2799 1643 2869 indicat,
1666 2817 1763 2876 quain
1782 2802 1852 2861 illos
1875 2820 1991 2881 magna
2012 2814 2042 2863 ct
2059 2811 2154 2865 acuta

525 2881 655 2959 ingenia
673 2880 818 2943 vocando
842 2878 961 2957 (Epist.
977 2877 1059 2955 186).
1077 2878 1153 2937 Erat
1173 2876 1252 2937 sorte
1277 2895 1388 2937 eornm
1410 2895 1451 2937 eir
1471 2894 1605 2936 numero
1621 2878 1769 2939 Julianus
1788 2898 1906 2956 :quem
1926 2883 2050 2943 tametsi
2066 2882 2155 2943 lintre

525 2967 591 3021 tum
606 2959 762 3037 temporis
778 2958 874 3018 inisse
891 2975 955 3016 non
970 2961 1113 3028 constat;
1130 2956 1216 3016 haud
1234 2956 1286 3015 lon
1299 2976 1327 3015 re
1344 2962 1449 3016 tamen
1465 2958 1506 3015 ah
1527 2973 1564 3016 ea
1579 2958 1660 3016 urhe
1677 2960 1865 3019 morabatur
1881 2980 1888 3018 :
1907 2960 1998 3037 isque
2014 2963 2047 3022 iu
2062 2962 2157 3022 reta.

525 3041 698 3119 gianorum
713 3038 847 3114 laqueos
859 3035 1046 3115 jamdudum
1063 3035 1216 3095 inciderat
1232 2977 1348 3172 (Infra
1362 3033 1399 3093 de
1412 3035 1501 3093 Dono
1515 3034 1764 3103 Perseverentie,
1778 3054 1810 3095 n.
1825 3036 1892 3115 55).

564 3117 767 3197 Augustinus
794 3115 1019 3175 hiricanorum
1047 3114 1225 3174 antistitum
1255 3130 1272 3173 a
1329 3113 1552 3173 innocentium
1583 3114 1757 3189 epistolas,
1783 3133 1848 3176 una
1875 3135 1947 3177 enni
1975 3117 2153 3178 iunocentii

524 3195 690 3273 responsis
715 3195 811 3255 mittit
835 3194 988 3264 Paulin03
1012 3197 1046 3251 ut
1071 3192 1126 3269 qui
1152 3192 1335 3269 profitendae
1357 3193 1414 3252 Dei
1439 3192 1549 3269 gratire
1574 3191 1734 3253 studiosus
1760 3200 1855 3266 esset,
1877 3195 1961 3273 (quod
1986 3196 2055 3274 ejus
2078 3198 2155 3257 satis

525 3276 824 3335 commonstrahant
845 3271 1051 3349 scriptiones,
1075 3270 1172 3331 armis
1196 3288 1327 3347 quoque
1352 3287 1390 3330 ac
1416 3270 1570 3347 presidiis
1584 3314 1592 3342 ,
1608 3272 1726 3348 quihus
1747 3275 1876 3335 camah
1896 3274 2156 3337 adversariorum

526 3352 746 3413 molitionibus
760 3351 951 3419 detenderet,
964 3350 1187 3410 instrueretur.
1200 3350 1269 3409 Non
1286 3365 1387 3426 pauca
1401 3349 1497 3409 etiam
1511 3367 1528 3409 e
1543 3350 1764 3425 Diospolitana
1777 3352 1899 3429 synodo
1913 3354 1940 3411 ei
1955 3353 2154 3414 transcribite

526 3450 563 3492 ac
578 3432 724 3492 meminit
737 3429 853 3491 ibidem
877 3430 1054 3497 librorum,
1073 3445 1154 3505 quos
1176 3427 1215 3489 de
1230 3428 1331 3488 libero
1346 3427 1481 3488 arbitrio
1502 3427 1647 3504 Pelagius
1665 3431 1850 3506 nuperrime
1867 3431 2008 3491 ediderat
2023 3430 2154 3510 (Epist.

527 3510 595 3578 1⁸6,
612 3528 668 3569 nn.
692 3509 744 3581 Pl,
762 3508 832 3588 at).
849 3510 962 3569 Postea
987 3507 1232 3585 semipelagiani
1260 3506 1405 3583 quaedam
1431 3506 1464 3564 in
1488 3506 1544 3566 illa
1567 3507 1703 3584 epistola
1727 3507 1963 3585 improbarunt,
1987 3526 2091 3585 neque
2114 3511 2157 3569 oh

529 3588 614 3648 aliud
628 3588 771 3666 quidem,
795 3587 854 3647 nisi
882 3586 966 3663 qnod
990 3604 1102 3646 eorum
1127 3602 1253 3645 errores
1277 3585 1315 3646 de
1341 3584 1620 3662 predestinatione
1643 3600 1681 3647 ac
1701 3589 1941 3663 perseveranda
1959 3588 2156 3649 convelleret

530 3661 1204 3747 (infru,dellonoPcrseceruntioe,n.55).
1247 3695 1267 3722 κ
2213 3714 2219 3721 .

571 3749 628 3806 Per
643 3746 739 3824 hujus
758 3763 888 3823 quoque
902 3745 978 3804 anni
994 3749 1136 3805 testatem
1157 3742 1276 3803 librum
1296 3741 1335 3803 ad
1356 3741 1542 3803 Dardanum
1564 3743 1725 3816 scribens,
1748 3745 1782 3805 in
1802 3745 1858 3804 illo
1881 3745 2035 3807 adversus
2059 3745 2157 3806 Peta-

529 3827 658 3980 gianam
676 3825 833 3963 hae2⁰⁵{m'
848 3824 994 3961 quafflvis
1013 3821 1082 3902 ejus
1106 3822 1236 3883 nominc
1259 3821 1467 3894 abstinuerit,
1491 3822 1653 3899 praecipua
1674 3825 1789 3885 mentis
1812 3824 1989 3885 intentione
2003 3823 2157 3903 vigilabat

550 3904 727 3965 desecati
750 3946 758 3962 .
795 3921 855 3973 ,cu
881 3944 889 3961 .
947 3902 975 4040 R.

528 3982 615 4043 XIV.
638 3983 766 4043 Romam
789 3921 876 4043 trenel}
899 3979 1074 4047 Coeesties,
1102 3987 1130 4038 et
1162 3978 1233 4060 fidei
1258 3997 1320 4039 suec
1343 3976 1479 4039 libellum
1505 3978 1630 4039 Zosimo
1655 3980 1748 4059 porri
1769 3981 1807 4041 it.
1838 3981 2041 4041 Innocentem
2064 3988 2157 4059 putet

571 4061 733 4199 lomim
758 4079 794 4121 oc
819 4076 913 4140 super
936 4058 1001 4139 ejns
1028 4076 1123 4118 censo
1148 4058 1187 4118 nd
1211 4057 1306 4137 Afros
1328 4056 1486 4117 antistites
1512 4057 1644 4126 scribit,
1669 4078 1733 4119 enm
1757 4077 1802 4118 em
1825 4069 1925 4120 tannen
1944 4059 2070 4119 interim
2092 4077 2157 4118 non

570 4157 742 4198 crevens.
1864 4146 1870 4156 ’

571 4217 718 4297 Pelagius
730 4233 767 4279 ac
777 4216 942 4279 Coeiestius
954 4216 1009 4276 uhi
1025 4216 1191 4277 damnatos
1205 4233 1240 4276 se
1254 4216 1295 4276 ab
1309 4215 1493 4293 Apostoliea
1506 4214 1584 4275 Sede
1599 4219 1729 4292 totaque
1743 4215 1839 4276 simul
1853 4217 1994 4278 Ecclesia
2006 4217 2156 4277 Africana

532 4297 816 4366 audivere.actuni
840 4294 968 4355 essedo
990 4310 1049 4356 sua
1067 4294 1209 4372 ipsorum
1232 4295 1328 4364 tama,
1352 4293 1378 4353 si
1403 4293 1567 4354 damnatio
1590 4294 1646 4355 illa
1660 4295 1723 4352 vim
1738 4294 1914 4365 obtineret,
1937 4295 2022 4355 haud
2037 4294 2157 4355 difficili

533 4375 660 4454 negotio
675 4375 914 4436 intellexerunt.
926 4373 965 4432 Et
980 4373 1046 4434 hieu
1068 4373 1180 4451 procul
1194 4373 1291 4434 dubio
1305 4388 1404 4434 causa
1420 4370 1490 4435 init.
1502 4373 1717 4451 curPetagius
1731 4373 1920 4434 Innocentio
1933 4374 1983 4433 sui
1999 4373 2156 4452 purgandi

534 4456 635 4533 gratia
649 4454 815 4524 scriberet,
828 4451 1060 4527 Coelestiusque
1080 4453 1214 4513 Romam
1237 4469 1307 4512 sese
1329 4449 1399 4527 ipse
1421 4449 1591 4511 conferret.
1614 4451 1825 4524 Quantumvis
1849 4452 1908 4512 sibi
1924 4453 2007 4512 mate
2025 4452 2157 4522 conscii,

535 4533 688 4592 rebantur
703 4537 886 4593 tamennon
903 4531 947 4590 ita
961 4547 995 4590 se
1008 4531 1088 4589 dolis
1104 4547 1142 4592 ac
1163 4531 1327 4595 iraudihns
1342 4528 1483 4600 destitui,
1500 4529 1564 4588 imo
1580 4548 1638 4590 nec
1655 4529 1762 4590 iorsan
1778 4531 1819 4590 ab
1834 4531 1945 4590 amicis
1962 4549 2064 4606 usqne
2079 4530 2158 4590 adeo

535 4610 638 4671 homae
651 4610 768 4676 deseri,
782 4610 860 4688 quin
883 4610 1034 4669 liemanie
1057 4609 1206 4670 Ecclesiae
1228 4608 1336 4669 iucum
1360 4607 1465 4668 iacere
1486 4607 1814 4685 valerent(1n(re,de
1832 4610 1963 4669 Pcrceto
1989 4610 2156 4685 eripienti,

533 4706 564 4746 n.
577 4690 615 4760 9ς
632 4699 660 4748 et
676 4697 788 4748 contre
804 4687 881 4747 duas
894 4687 1058 4766 Epistoies
1072 4686 1321 4764 Pelagianornm.
1336 4703 1369 4746 n.
1386 4684 1437 4764 5);
1454 4702 1491 4746 ac
1510 4703 1573 4747 non
1587 4704 1705 4762 paucos
1721 4687 1816 4746 etiam
1830 4705 1869 4746 ex
1884 4688 1965 4746 Urbe
1980 4687 2113 4746 clericos
2125 4688 2157 4744 in

536 4784 621 4837 suas,
636 4767 686 4827 uti
704 4768 888 4844 sperabant,
905 4771 1012 4842 partes
1029 4773 1058 4825 et
1081 4765 1219 4826 neiarias
1236 4766 1403 4842 opiniones
1427 4764 1623 4841 pellicerent.
1639 4764 1813 4838 l'ntgatum
1829 4768 1860 4824 in
1881 4764 1991 4841 primis
2008 4763 2122 4831 inerat.
2139 4781 2160 4826 a

537 4845 622 4904 Sixto
637 4847 784 4905 Romano
799 4846 986 4935 presbytero
1006 4843 1133 4923 (Epist.
1150 4845 1219 4913 till,
1235 4863 1267 4903 n.
1286 4845 1333 4920 t),
1357 4843 1414 4918 qui
1434 4848 1544 4918 postea
1567 4842 1599 4901 in
1625 4841 1804 4919 pontificem
1827 4848 1875 4902 est
1896 4847 2074 4920 cooptatus,
2094 4860 2158 4900 nnn

476 4993 479 4997 ,
536 4940 648 5013 parurn
661 4923 809 5002 adjuvari
824 4926 934 5002 gratiae
949 4923 1152 4983 adversarios
1169 4943 1176 4981 :
1194 4939 1333 5000 quorum
1354 4922 1471 4998 placita
1491 4921 1558 4999 jam
1579 4927 1646 4986 tum
1666 4937 1796 4999 queque
1810 4922 1958 4982 Julianus
1972 4921 2159 4982 Eclanensis

536 5019 565 5061 in
577 5002 755 5079 Campania
770 5002 937 5078 episcopus
952 5001 1090 5061 iovehat.

570 5080 740 5141 Celesitus
756 5096 852 5157 porro
865 5097 905 5140 ex
920 5079 1044 5146 hirioa,
1060 5083 1230 5157 postquam
1244 5094 1330 5139 anno
1345 5078 1661 5156 quadringentesimo
1675 5077 1862 5140 duodecimo
1882 5095 1900 5139 a
1916 5078 2159 5157 Carthaginensi

536 5159 669 5219 concilio
701 5158 996 5220 excommunicatus
1027 5158 1151 5227 iuerat,
1175 5157 1358 5228 discedens,
1382 5161 1612 5234 properaverat
1642 5157 1822 5234 Ephesum;
1852 5159 1907 5218 uhi
1938 5159 2034 5218 etiam
2060 5174 2160 5218 ausus

536 5245 599 5297 erat
612 5280 622 5308 ,
637 5241 718 5298 teste
735 5237 932 5307 Mercatore,
947 5237 1136 5315 presbyterii
1158 5236 1264 5296 locum
1283 5253 1339 5313 per
1360 5235 1581 5312 obreptionem
1604 5239 1712 5314 petere
1727 5235 1844 5314 (infre,
1858 5237 1997 5315 Append.
2010 5244 2100 5313 parte
2111 5235 2160 5314 2).

534 5313 666 5376 Etcerte
680 5316 809 5392 quidem
823 5314 963 5375 hirieani
977 5316 1128 5392 praesules
1142 5314 1180 5375 ad
1196 5332 1230 5374 se
1245 5314 1329 5375 iama
1344 5314 1503 5390 perlatum
1516 5332 1597 5384 esse,
1613 5329 1700 5373 anno
1713 5314 2029 5392 quadringentesimo
2039 5314 2163 5374 decimo

535 5400 626 5453 sexto
642 5393 860 5470 scripserunt,
883 5394 988 5470 ipsunt
1012 5393 1045 5457 in
1069 5394 1145 5453 Asia
1169 5392 1208 5454 ad
1231 5392 1421 5472 presbyterii
1441 5392 1470 5451 di
1496 5393 1627 5452 nitatem
1649 5395 1794 5452 evectum
1820 5391 1948 5471 (Epist.
1973 5392 2042 5465 iro,
2066 5410 2099 5449 n.
2124 5390 2162 5461 i,

535 5473 616 5530 inter
632 5471 896 5550 augustinianas)
913 5491 920 5531 :
938 5471 1029 5546 isque
1051 5476 1205 5549 praeterea
1234 5472 1400 5550 presbyter
1426 5486 1444 5530 a
1470 5411 1608 5541 {asima
1636 5470 1686 5529 rui
1714 5470 1746 5528 in
1773 5470 1833 5531 hoc
1860 5488 1989 5549 quoque
2014 5470 2164 5532 convenit

535 5550 722 5622 Nestorius,
743 5550 923 5626 appellatur
947 5550 1063 5630 (Infra,
1085 5549 1227 5629 Append.
1247 5559 1340 5628 parte
1355 5548 1405 5629 2).
1428 5548 1515 5608 idem
1538 5553 1609 5626 post
1630 5548 1755 5624 aliquot
1778 5566 1881 5608 annos
1903 5549 2012 5610 relicta
2038 5547 2164 5623 Epheso

533 5626 844 5706 Constantinopolim
862 5629 1022 5705 proiectus
1037 5673 1045 5699 ,
1062 5629 1122 5691 hac
1136 5630 1168 5688 in
1185 5630 1282 5697 urhe,
1321 5626 1565 5687 uernadmodum
1586 5627 1662 5686 olim
1676 5628 1709 5686 iu
1724 5626 1828 5687 Africa
1845 5627 1978 5696 iecerat,
1994 5627 2165 5702 impietatis

534 5724 599 5768 rua
613 5707 763 5786 dogmata
780 5707 998 5783 proseminare
1013 5724 1184 5786 aggressus
1199 5711 1247 5768 est
1265 5647 1383 5786 (lite).
1399 5705 1490 5779 Quod
1511 5706 1565 5766 uhi
1588 5708 1727 5782 primum
1749 5705 1870 5764 detexit
1885 5704 2006 5765 Atticus
2022 5704 2166 5783 ejsudem

534 5785 672 5847 civitatis
690 5785 873 5863 episcopus,
892 5802 964 5844 curn
993 5786 1064 5846 ‘nde
1092 5802 1209 5862 magno
1235 5785 1340 5849 studio
1363 5801 1401 5845 ac
1427 5784 1590 5863 diligentia
1613 5785 1759 5862 expulit:
1776 5783 1930 5843 adversus
1956 5801 2051 5860 quern
2070 5784 2166 5843 etiarn

533 5863 710 5926 litterasad
728 5864 944 5941 episcopusin
962 5866 1090 5934 asiam,
1107 5864 1370 5925 Thessalonicam
1392 5867 1424 5924 et
1445 5862 1671 5942 Carthaginem
1694 5862 1791 5923 misit.
1817 5862 1910 5922 liinm
1933 5866 2009 5924 tune
2032 5864 2167 5923 Romam

534 5943 682 6004 similiter
695 5941 881 6020 scripsisse,
897 5960 959 6001 non
977 5944 1131 6022 legimus,
1145 5942 1240 6020 idque
1253 5943 1367 6020 procul
1381 5941 1480 6001 dubio
1504 5957 1568 6000 non
1593 5941 1690 6002 aliam
1712 5942 1753 6000 oh
1775 5957 1862 6013 rem,
1879 5957 1976 6018 quani
2000 5942 2077 6018 quia
2093 5958 2166 6003 cunr

535 6020 678 6083 Enniano
693 6020 844 6099 pontifice
865 6021 998 6080 lesionis
1020 6022 1238 6101 Chrysostomi
1260 6037 1358 6082 causa
1374 6023 1416 6081 ab
1437 6038 1472 6080 se
1495 6020 1636 6080 alienato
1659 6019 1794 6078 necdum
1811 6019 1844 6078 in
1863 6019 1999 6099 gratiam
2015 6019 2164 6081 redierat.

534 6100 654 6165 l'otuut
669 6101 809 6161 Atticum
824 6117 864 6159 er
887 6101 1076 6161 aiictoritate
1092 6100 1219 6162 concilii
1234 6116 1305 6161 eam
1328 6100 1362 6160 iu
1384 6118 1452 6160 rem
1478 6098 1579 6159 coacti
1605 6097 1664 6157 hec
1680 6097 1784 6173 ipsum
1807 6098 1993 6176 praestitisse
2011 6119 2017 6157 :
2035 6099 2063 6159 id
2080 6099 2166 6158 enini

534 6180 610 6240 sotis
622 6179 767 6242 conciliis
784 6196 824 6238 ex
839 6177 1006 6255 disciplina
1021 6198 1147 6256 usuque
1163 6179 1312 6241 Ecclesiae
1327 6196 1528 6249 concessum,
1541 6182 1577 6236 ut
1591 6176 1630 6237 ad
1655 6176 1851 6253 provincias,
1873 6177 1979 6255 quatis
1995 6181 2063 6238 erat
2078 6177 2165 6248 Asia,

534 6258 677 6334 publicas
690 6258 845 6336 epistolas
858 6256 981 6317 ancient.
998 6259 1079 6331 Quid
1097 6277 1183 6323 vero.
1201 6260 1227 6317 si
1243 6257 1400 6324 dicamus,
1418 6257 1555 6316 Atticum
1576 6256 1615 6316 ad
1637 6255 1833 6333 Ephesinnm
1851 6261 1974 6317 tanturn
1991 6256 2166 6316 antistitem

534 6337 724 6417 scripsisse?
738 6337 788 6408 tiu'
799 6335 926 6414 quidem
941 6337 1057 6398 reterre
1074 6338 1152 6397 nihil
1166 6342 1260 6410 vetat,
1275 6337 1359 6414 qnod
1375 6335 1572 6414 hiignstinus
1588 6353 1672 6397 anne
1685 6331 2180 6420 qiiadrtngentestmovigesima
