5592 7350
556 913 608 971 ὅθι

556 1038 659 1084 ιιιιιιιι
670 1019 806 1078 credidisti
823 1015 894 1089 quod
917 1016 1028 1070 libenter
1046 1010 1153 1078 audisti,
1177 1021 1203 1066 ιι
1218 1009 1352 1080 subrepsit

556 1119 605 1173 tibi
621 1111 800 1183 falsiloquium
827 1124 874 1180 per
895 1105 1106 1175 suaviloquium.
1120 1101 1196 1171 Quod
1211 1116 1263 1156 nou
1291 1100 1352 1155 idco

556 1208 629 1266 dico,
641 1205 700 1275 quia
714 1203 808 1258 salsum
822 1197 942 1267 esscjam
956 1206 1045 1252 certus
1060 1196 1120 1259 sim,
1142 1194 1246 1247 animas
1263 1191 1352 1261 potius

556 1296 692 1353 insufflari
716 1308 810 1359 noras,
830 1305 908 1361 quam
923 1288 957 1343 de
979 1288 1082 1358 origine
1104 1294 1242 1355 parentum
1264 1280 1350 1347 tralri;

556 1386 689 1442 ltocenim
704 1384 792 1438 adiurc
814 1381 848 1435 ab
862 1380 901 1434 eis
915 1379 959 1449 qui
974 1378 1070 1432 docere
1086 1376 1110 1431 id
1125 1382 1246 1446 possunt,
1258 1374 1351 1429 existi-

555 1494 603 1531 nris
625 1472 813 1546 requirendum
827 1489 834 1526 ι
848 1470 895 1526 sed
911 1470 971 1540 quia
985 1470 1035 1524 iste
1051 1467 1085 1522 de
1105 1466 1154 1521 lrac
1174 1481 1203 1522 re
1217 1467 1252 1520 lta
1265 1466 1350 1521 disse·

553 1569 621 1631 ruit,
631 1574 659 1619 nt
673 1580 725 1618 non
736 1563 822 1617 solum
842 1576 912 1625 eam,
936 1575 996 1629 qua}
1011 1557 1098 1613 adlruc
1118 1555 1284 1611 discutienda
1297 1562 1348 1620 est,

554 1673 613 1713 uun
626 1656 743 1711 solveret
754 1653 928 1724 questionem
939 1667 946 1715 ;
957 1666 1048 1705 verum
1063 1650 1144 1703 ctiam
1160 1648 1221 1702 eilia
1234 1647 1347 1711 diceret,

554 1761 617 1816 quae
634 1744 755 1799 tatsitatts
769 1755 822 1796 non
848 1740 964 1795 lrabeant
976 1738 1178 1792 dubitationem.
1195 1736 1261 1791 Cum
1277 1735 1348 1789 enim

554 1837 639 1891 vellet
657 1836 771 1907 probare
799 1832 889 1897 durbia,
919 1845 998 1886 ausus
1013 1840 1054 1885 est
1077 1829 1168 1886 dicere
1191 1830 1249 1884 siue
1271 1828 1350 1885 dubio

552 1925 736 1997 reprobanda.

593 2016 707 2073 cttrttx
729 2014 782 2071 t'tt.
795 2013 932 2069 -ll.lln
942 2022 1042 2067 verotu
1057 2011 1350 2080 reprobaredultimbis,

551 2105 628 2176 quod
642 2121 703 2160 eum
714 2104 747 2159 de
768 2105 856 2158 anima
871 2102 1034 2172 loqueretur,
1053 2119 1063 2152 r
1089 2101 1146 2155 Nou
1161 2102 1211 2163 vis,
1231 2121 1239 2153 ι
1255 2101 1350 2170 iuquit,

550 2198 673 2249 animam
693 2210 725 2249 cx
744 2210 823 2249 ctrue
850 2194 948 2262 peccati
970 2192 1130 2246 ctunraliere
1160 2191 1349 2258 valetudinem,

551 2288 592 2341 ad
615 2303 693 2357 quatu
722 2286 838 2341 vicissim
860 2286 1096 2341 sanctificationem
1119 2284 1346 2352 videaspmnstre

552 2393 735 2451 percernem,
747 2386 775 2431 ut
793 2392 838 2447 per
854 2376 935 2446 ipsam
960 2384 1067 2447 reparet
1086 2385 1193 2436 statum,
1209 2392 1256 2444 per
1267 2391 1347 2446 quam

553 2469 711 2541 perdiderat
735 2468 858 2523 meritum
872 2467 883 2520 i
898 2468 951 2520 Aut
969 2465 1095 2536 numquid
1126 2467 1187 2535 quia
1215 2466 1351 2535 Baptismo

553 2576 657 2629 corpus
670 2560 795 2622 abluitur,
813 2573 865 2611 nou
879 2555 972 2610 transit
988 2556 1020 2611 ad
1032 2556 1147 2610 animant
1160 2556 1200 2610 rel
1215 2558 1348 2626 spiritum,

549 2648 753 2721 quodcreditur
767 2647 880 2704 cnttlerri
893 2662 942 2717 per
964 2646 1150 2715 Baptismuur‘l
1167 2646 1261 2700 lievito
1286 2662 1350 2716 ergo

557 2756 610 2809 per
625 2744 742 2802 carnent,
756 2739 868 2806 priscam
891 2746 997 2804 reparat
1011 2734 1203 2800 habitudinem,
1215 2751 1294 2805 quam
1312 2736 1347 2790 vi·

554 2845 587 2883 sa
604 2829 689 2883 lucrm
708 2828 841 2898 paulisper
854 2827 1033 2896 antisisscper
1045 2840 1161 2889 earnem,
1178 2834 1206 2879 ιιι
1220 2842 1269 2898 per
1287 2842 1347 2882 eam

554 2920 789 2989 iucipiatrenasci,
798 2933 929 2989 perquam
937 2927 1069 2973 meruerat
1080 2919 1211 2988 inquinari
1226 2936 1235 2969 t
1252 2917 1349 2991 (infra,

554 3011 601 3064 tto.
618 3010 644 3075 5,
661 3027 687 3063 u.
709 3009 767 3079 dil
780 3009 843 3063 l'ide
864 3010 889 3061 iu
915 3007 957 3062 ltis
977 3007 1075 3072 verbis,
1090 3018 1218 3078 quantum
1229 3008 1279 3063 iste
1292 3018 1352 3064 tuus

554 3105 687 3158 erraverit
706 3103 806 3157 doetur.
833 3102 913 3167 Dixit,
932 3102 1071 3155 ranivuam
1087 3117 1133 3170 per
1145 3117 1254 3155 earnem
1272 3117 1350 3171 repa-

557 3212 619 3249 rare
631 3205 739 3261 statuat,
755 3210 803 3263 per
815 3210 893 3265 quam
910 3193 1062 3263 perdiderat
1081 3193 1213 3247 meritum.
1233 3192 1352 3249 ›llaouit

556 3303 623 3356 ergo
635 3286 721 3340 anima
737 3286 851 3355 aliquem
867 3292 964 3340 statium
1000 3293 1027 3339 et
1040 3282 1146 3353 aliquod
1170 3284 1293 3338 meritum
1305 3282 1353 3337 ito-

559 3392 624 3430 uurn
644 3386 706 3432 aute
717 3391 825 3431 caruem
839 3416 846 3440 ,
862 3374 933 3445 quod
946 3375 1002 3429 rnlt
1015 3390 1074 3429 eam
1090 3389 1214 3443 reparare
1229 3389 1276 3441 per
1290 3388 1349 3429 car-

559 3483 632 3530 ueur,
647 3465 752 3536 evitando
784 3480 846 3521 caro
869 3465 974 3519 lavacro
995 3465 1203 3534 rcgcucrationis
1225 3465 1350 3520 abluitur.

559 3558 674 3615 l'ixerat⁴
684 3558 771 3627 inque
792 3556 888 3611 alicubi
903 3566 964 3611 ante
978 3571 1085 3611 carneus
1100 3556 1125 3610 iu
1143 3565 1213 3612 statu
1226 3566 1253 3611 et
1266 3556 1351 3611 nteri-

560 3657 588 3702 tn
602 3648 672 3703 oono
690 3662 789 3718 ;quem
809 3656 906 3702 statum
928 3656 955 3702 ιι
977 3646 1048 3717 quod
1072 3648 1195 3703 meritum
1221 3647 1345 3717 perdidit,

557 3755 619 3794 cour
630 3739 745 3794 renisset
759 3740 784 3792 iu
799 3754 915 3793 carnem.
926 3738 1005 3802 Dixit,
1022 3756 1032 3789 ι
1049 3754 1107 3793 eam
1124 3754 1172 3809 per
1182 3754 1290 3794 carnem
1302 3753 1348 3794 rc-

557 3847 653 3900 parare
666 3830 846 3885 lentitudinem
868 3831 991 3899 priscam,
1010 3847 1089 3901 quam
1104 3832 1161 3887 visa
1181 3830 1267 3887 luerat
1283 3846 1350 3902 patt-

557 3925 640 3993 lisper
660 3924 781 3978 arrrisisse
795 3939 840 3993 per
855 3938 973 3978 carneus.
992 3942 1001 3975 ι
1018 3924 1113 3978 llalsuit
1126 3938 1189 3994 ergo
1203 3933 1265 3980 aitte
1283 3939 1343 3980 car·

491 4014 493 4018 ⁴
557 4030 620 4069 nent
645 4013 976 4083 lralritndincurantiquam
993 4030 1001 4078 3
1020 4013 1070 4067 ltoc
1099 4023 1140 4069 est
1162 4015 1232 4069 euim
1260 4033 1269 4067 t
1292 4015 1348 4085 pri·

556 4118 649 4158 scum:
669 4122 677 4154 ι
695 4104 784 4158 et'ista
798 4104 882 4171 qualis
895 4118 954 4157 csse
977 4104 1072 4173 potuit,
1098 4103 1148 4158 nisi
1163 4105 1239 4159 beatta
1268 4114 1349 4176 atque

556 4194 698 4249 laudabilis
708 4194 855 4248 lraltitudo?
869 4197 953 4260 Qttant
965 4195 1081 4264 reparari
1094 4210 1140 4263 ιιιι
1153 4205 1349 4251 sacranveutom

557 4285 730 4354 Raptis-matis
744 4293 877 4340 asseverat
892 4301 900 4351 ;
913 4299 973 4340 cum
992 4301 1050 4339 eant
1067 4286 1133 4339 titilit
1154 4302 1185 4340 cx
1204 4287 1245 4340 iila
1264 4287 1347 4356 origi-

557 4394 619 4433 nem
632 4376 738 4432 trahere
762 4392 808 4446 per
821 4378 991 4449 propaginem
1008 4379 1027 4442 ¹,
1045 4394 1123 4448 ‹prraru
1138 4388 1242 4445 constat
1254 4379 1279 4432 in
1299 4394 1347 4449 pa·

556 4467 649 4521 radiso
661 4467 803 4537 aliquando
820 4466 904 4523 luisse
917 4469 1030 4524 leliccm.
1044 4469 1183 4538 Quomodo
1198 4472 1278 4540 igitur
1293 4471 1346 4526 alio

557 4561 620 4613 loco
638 4560 780 4613 rattinrarn
795 4579 804 4611 t
818 4575 847 4614 se
869 4560 932 4614 dicit
949 4577 957 4610 ι
977 4571 1131 4616 constanter
1144 4577 1274 4627 asserere,
1292 4576 1346 4616 non

555 4666 592 4706 cx
606 4650 726 4716 traduce,
741 4667 827 4722 neque
842 4669 873 4706 cx
889 4653 980 4719 nihilo,
994 4669 1078 4722 neque
1094 4670 1142 4722 per
1162 4655 1342 4724 semetipsam,

554 4757 647 4811 aterque
662 4750 726 4796 ante
739 4744 860 4812 corpus?
876 4763 885 4794 ι
903 4744 971 4798 Ecce
986 4744 1036 4797 isto
1050 4744 1168 4798 locovult
1178 4745 1279 4798 nrurnas
1290 4754 1353 4801 ante

554 4849 656 4902 eorpus
675 4834 774 4888 alicubi
796 4836 884 4889 rivere
899 4844 951 4889 tum
969 4835 1062 4898 trente,
1078 4847 1106 4888 ιιι
1128 4836 1220 4890 cadem
1236 4837 1287 4890 illis
1305 4854 1354 4906 pter

556 4926 724 4995 Baptismum
735 4926 870 4981 beatitudo
886 4927 1022 4981 reddatur.
1040 4927 1072 4981 Et
1095 4938 1218 4998 tauquam
1233 4928 1274 4983 sui
1291 4945 1352 4983 rur·

555 5029 605 5069 sus
617 5015 715 5069 oblitus
733 5015 850 5086 adjungit
862 5025 888 5070 ιι
907 5017 991 5070 dicit:
1007 5036 1016 5069 ι
1040 5016 1074 5072 tt
1089 5033 1216 5085 pereant,
1236 5038 1245 5070 ι
1264 5019 1349 5084 idest,

556 5122 608 5176 per
620 5121 740 5175 carnem,
756 5127 766 5161 ι
784 5112 893 5180 incipiat
907 5112 1022 5175 rettasci,
1048 5125 1095 5180 per
1112 5127 1191 5180 quam
1213 5122 1349 5167 meruerat

557 5198 709 5266 inquinari.
730 5200 879 5269 tStrperius
900 5201 1022 5254 nterituur
1039 5201 1236 5270 signilirttrerut
1251 5202 1350 5256 botrum

557 5287 694 5357 perditum
722 5289 802 5344 luisse
815 5305 862 5359 per
877 5305 1001 5345 ceratem:
1019 5306 1092 5345 ttttttc
1113 5299 1200 5346 auteur
1216 5291 1347 5362 siguificat

555 5379 658 5450 rnaluqt
676 5382 811 5447 meritum,
828 5397 880 5452 quo
895 5382 1044 5436 factumest
1057 5392 1086 5436 ut
1100 5385 1250 5439 veniretrcl
1265 5386 1351 5438 mitte·

555 5481 634 5526 rctnr
649 5473 675 5525 iu
690 5487 808 5538 caruem,
822 5474 945 5537 dicendo,
961 5493 970 5526 ι
989 5489 1037 5544 per
1055 5491 1135 5544 quam
1152 5484 1285 5531 meruerat
1312 5478 1352 5530 iu·

555 5563 674 5632 quittari.
691 5584 700 5615 t
717 5565 744 5618 Si
758 5567 828 5619 cuitu
849 5576 965 5621 merctur
984 5568 1125 5637 inquinari.
1140 5576 1244 5622 nonest
1260 5568 1350 5638 ulique

554 5656 683 5710 nuuitum
697 5655 806 5711 bonum.
828 5659 921 5724 dicat,
936 5660 999 5729 quid
1015 5662 1129 5730 peccavit
1146 5673 1289 5731 autequam
1304 5677 1352 5731 per

554 5762 666 5801 carnem
680 5748 871 5818 inquinaretur,
886 5761 915 5805 ut
931 5767 977 5821 per
992 5767 1099 5807 cantem
1108 5753 1239 5823 inquinari
1255 5768 1348 5808 mere-

556 5851 643 5895 retur.
672 5841 755 5906 [licat.
771 5843 792 5896 si
815 5852 915 5912 potest,
937 5843 1008 5913 quod
1038 5845 1110 5899 nullo
1137 5844 1215 5899 modo
1241 5853 1350 5914 potcst;

554 5933 619 6000 «prtia
646 5933 765 5988 inuenire
793 5933 835 5988 ltic
856 5935 1029 6004 quidverutn
1056 5936 1138 6003 dent,
1161 5938 1270 5990 omuino
1296 5949 1349 5989 non

554 6034 656 6096 pariesi.

591 6114 706 6171 Clilijl
721 6116 787 6171 i'ttt.
800 6116 886 6171 -l‘2.
898 6117 961 6170 item
971 6117 1105 6189 aliquanto
1115 6118 1218 6189 postait
1234 6137 1239 6172 :
1257 6136 1266 6171 ι
1284 6118 1347 6175 dni·

588 6291 650 6340 ’sie
672 6298 722 6342 tres
741 6293 903 6356 ruannscripti.
927 6295 1011 6345 (aeteri
1033 6308 1087 6345 ruat
1105 6297 1218 6358 excusis,
1239 6308 1282 6360 prr
1305 6300 1356 6351 oxi·

555 6365 644 6414 pacm.

1222 892 1321 951 Ltttett
1340 890 1529 949 SECUNDUS.
1688 877 1694 889 “
1725 882 1749 916 ¹³1

1840 827 1849 867 ,’
1882 830 1890 862 Ι

2146 892 2198 949 δι’ῑῗ

1406 1024 1448 1062 ma
1462 1008 1550 1077 itaque
1565 1006 1586 1059 si
1613 996 1743 1075 peccatrix
1764 1021 1823 1062 csse
1850 1005 1956 1071 meruit,
1971 1022 2031 1076 qnae
2058 1015 2195 1078 peccatrix

1405 1113 1526 1154 essenon
1542 1097 1635 1165 potuit,
1663 1105 1750 1150 tantun
1772 1113 1858 1167 neque
1874 1097 1900 1152 in
1923 1107 2033 1167 peccato
2055 1101 2195 1168 remansit,

1404 1192 1465 1260 quia
1480 1193 1505 1244 in
1517 1189 1624 1244 Cltristo
1636 1187 1811 1259 praetigurata,
1828 1191 1854 1244 in
1866 1200 1976 1262 peccato
1996 1207 2123 1246 essenon
2145 1192 2195 1247 tle·

1406 1280 1470 1344 buit,
1482 1279 1550 1334 sicut
1561 1293 1620 1338 osso
1631 1295 1683 1332 non
1698 1280 1782 1347 poturit
1810 1299 1819 1332 t
1847 1279 1966 1351 (Supra,
1982 1282 2025 1335 lid.
2041 1283 2067 1348 l,
2084 1300 2110 1335 a.
2128 1284 2155 1349 8,
2173 1292 2196 1337 et

1403 1370 1481 1438 intro,
1497 1369 1540 1422 lid.
1569 1370 1596 1435 3,
1611 1386 1637 1422 ιι.
1654 1370 1682 1423 Η
1696 1369 1717 1438 ).
1734 1370 1808 1439 llogo
1831 1379 1867 1436 te,
1890 1370 1982 1437 irater,
2005 1380 2118 1440 putasne
2141 1373 2191 1428 isla

1404 1460 1499 1515 saltem
1514 1468 1604 1529 postea
1615 1459 1701 1529 legisti
1716 1468 1743 1513 ct
1754 1462 1939 1529 considerasti,
1960 1463 2061 1532 etquid
2081 1463 2105 1517 in
2128 1464 2198 1519 reei-

1403 1560 1476 1606 tante
1491 1551 1650 1615 laudaveris,
1665 1551 1706 1605 vel
1726 1551 1796 1607 uncle
1811 1561 1871 1622 post
1893 1554 2074 1609 recitationem
2097 1556 2196 1625 gratius
2242 1608 2248 1629 ἱ

1404 1643 1490 1712 egeris
1500 1642 1640 1712 cogitasti?
1653 1642 1720 1709 Quid
1746 1650 1797 1708 est,
1818 1642 1984 1707 obsecrate,
2002 1663 2011 1697 ι
2030 1647 2124 1700 Αιιίιιιι
2146 1648 2197 1700 ita·

1404 1749 1456 1803 que
1469 1735 1490 1787 si
1506 1733 1637 1802 peccatrix
1651 1748 1711 1787 esse
1723 1734 1832 1795 meruit,
1849 1750 1907 1804 quae
1923 1736 2054 1803 peccatrix
2069 1752 2193 1792 essenon

1405 1826 1510 1895 putatit‘.l
1523 1824 1612 1891 ›Qrtid
1627 1833 1668 1879 est
1682 1843 1691 1875 t
1708 1826 1817 1892 meruit,
1837 1845 1846 1878 ι
1863 1834 1889 1879 ιι
1903 1844 1912 1877 ι
1927 1840 1980 1880 ιιοιι
1997 1827 2097 1896 potuit:
2116 1844 2195 1883 ιιιιιιι

1404 1915 1499 1970 mereri
1519 1915 1569 1969 ltoc
1595 1931 1647 1969 nou
1670 1915 1810 1984 potuisset,
1843 1915 1892 1969 uisi
1921 1918 2052 1985 peccatrix
2081 1917 2195 1982 luxissem

1405 2024 1457 2061 uon
1472 2015 1560 2061 antem
1573 2006 1674 2071 luisset,
1690 2006 1740 2060 nisi
1752 2021 1812 2061 csse
1834 2006 1963 2075 potuisset
1976 2024 1983 2072 ;
2001 2019 2028 2061 ut
2042 2018 2104 2062 autc
2117 2025 2198 2066 onitas

1404 2101 1501 2154 malum
1516 2100 1639 2153 meritum
1653 2113 1779 2169 peccans,
1796 2098 1857 2153 iude
1869 2100 1918 2154 silei
1942 2102 2064 2155 meritum
2087 2102 2195 2161 lacerer.

1404 2191 1473 2246 uude
1487 2190 1519 2242 ml
1534 2190 1582 2243 alia
1600 2199 1716 2259 peecata,
1728 2188 1870 2245 deserente
1881 2191 2004 2256 Domino,
2020 2194 2172 2261 perveniret
2186 2193 2197 2245 t

1403 2284 1444 2337 dtr
1466 2282 1526 2336 itleo
1548 2280 1624 2344 dixit,
1641 2299 1650 2331 t
1669 2296 1729 2350 quae
1754 2281 1888 2350 peccatrix
1914 2296 2044 2336 essenon
2068 2284 2162 2351 potnit,
2184 2302 2193 2331 ι

1402 2374 1463 2443 quia
1475 2373 1524 2426 uisi
1538 2371 1563 2425 iu
1577 2386 1683 2426 carerem
1703 2372 1816 2437 veniret,
1831 2372 1962 2441 peccatrix
1977 2387 2037 2427 ease
2052 2389 2103 2427 nou
2126 2388 2192 2443 gros·

1403 2462 1467 2518 setl
1481 2461 1548 2529 Quid
1564 2477 1628 2531 ergo
1639 2464 1745 2527 meruit,
1758 2470 1787 2517 ut
1811 2478 1844 2517 eo
1866 2462 2023 2527 mitteretur,
2042 2464 2084 2518 nbi
2099 2477 2194 2533 peccas·

1404 2557 1455 2607 trix
1469 2567 1529 2608 esse
1553 2561 1654 2624 posset,
1671 2568 1724 2623 quo
1739 2552 1789 2607 nisi
1815 2552 1941 2621 vertisset,
1967 2554 2029 2609 alibi
2056 2558 2190 2624 peccatrix

1403 2659 1463 2699 csse
1476 2659 1528 2698 nou
1540 2651 1628 2714 posset
1641 2644 1652 2698 l
1667 2644 1750 2710 Dicat,
1764 2644 1827 2715 quid
1838 2644 1951 2698 ntcruit?
1966 2645 1993 2699 Si
2009 2646 2081 2700 euim
2095 2648 2192 2701 tttcrrrit

1403 2746 1463 2789 esse
1476 2734 1610 2804 peccatrix
1623 2750 1630 2800 ;
1641 2733 1740 2803 aliquid
1762 2733 1818 2804 jam
1842 2743 2009 2803 peccaverat,
2025 2736 2094 2791 unde
2107 2752 2191 2790 ιιιιιϊ

1403 2835 1477 2880 retur
1489 2826 1584 2880 iterum
1599 2839 1659 2880 esse
1673 2826 1815 2895 peccatrix.
1829 2825 1881 2882 Sed
1897 2825 1955 2882 ltere
1968 2826 2088 2882 lortassis
2098 2829 2195 2882 olrscu-

1404 2917 1664 2983 raessorideantur,
1686 2927 1733 2972 aut
1754 2917 1866 2973 obseura
1879 2933 1940 2974 esse
1964 2918 2110 2989 jactentur,
2132 2935 2192 2974 cartu

1403 3010 1643 3079 siutapertissima.
1661 3008 1752 3078 Neque
1777 3009 1847 3062 euim
1874 3009 1964 3065 dicere
1978 3009 2103 3074 deberint
2123 3010 2196 3079 quod

1404 3103 1492 3157 anima
1505 3102 1632 3157 meruerit
1657 3100 1789 3170 precatrix
1809 3114 1869 3156 esse
1893 3115 1941 3169 per
1962 3115 2081 3166 eamear,
2096 3121 2105 3154 ι
2119 3101 2196 3170 ctrina

1404 3207 1454 3248 nec
1468 3193 1565 3247 bonum
1575 3205 1625 3247 nec
1635 3191 1733 3245 malum
1745 3191 1869 3246 meritum
1883 3191 2000 3261 reperire
2019 3194 2116 3261 poterit
2133 3202 2197 3248 aute

1403 3298 1522 3340 carnem.

1439 3373 1551 3430 CAPUT
1570 3372 1616 3428 lx.
1632 3402 1663 3414 -
1678 3373 1721 3427 ta.
1738 3371 1789 3428 Sed
1805 3371 1838 3426 ad
1852 3370 2033 3427 manifestiora
2045 3372 2196 3427 ueniamus.

1404 3464 1470 3522 Cum
1483 3465 1555 3519 cuim
1577 3463 1682 3534 magnis
1701 3471 1882 3519 coarctaretur
1907 3464 2046 3533 angustiis,
2061 3464 2198 3534 quummlo

1404 3559 1500 3616 animae
1509 3556 1647 3624 originalis
1661 3555 1762 3625 peceati
1775 3554 1881 3608 rinculo
1893 3560 2033 3609 teneantur
2043 3552 2192 3621 obstrictu,

1404 3649 1426 3704 si
1437 3663 1489 3703 uon
1501 3663 1532 3704 ex
1545 3647 1589 3702 illa
1601 3644 1708 3701 trallunt
1718 3644 1847 3717 originem
1874 3659 1934 3715 quae
1957 3646 2041 3715 prima
2063 3646 2194 3715 peccavit,

1404 3740 1511 3796 sedeas
1536 3753 1616 3810 puras
1640 3738 1673 3792 alr
1687 3738 1759 3791 omni
1772 3736 1930 3806 contagione
1953 3746 1979 3790 et
2004 3737 2193 3806 propagatione

1404 3833 1517 3904 peccati,
1529 3831 1669 3902 peccatrici
1685 3829 1758 3885 carni
1771 3828 1883 3885 Creator
1896 3828 2013 3883 insnlllat
2025 3844 2032 3894 ;
2045 3845 2077 3884 nc
2089 3831 2193 3884 dicutur

1404 3926 1454 3993 illi,
1465 3924 1536 3995 quod
1549 3923 1588 3977 sic
1599 3921 1759 3977 insufflando
1771 3936 1817 3976 cns
1834 3921 1903 3975 Deus
1919 3920 2000 3977 eliieit
2013 3936 2091 3975 reas:
2109 3921 2196 3991 priato

1405 4020 1438 4076 de
1447 4018 1613 4092 praescientia
1631 4017 1677 4072 Dei
1689 4016 1756 4070 lranc
1770 4015 1922 4085 opinionem
1949 4013 2053 4069 ntttnire
2074 4013 2195 4080 tentarit,

1407 4132 1418 4165 ι
1436 4113 1506 4185 quod
1520 4112 1560 4167 cis
1587 4108 1777 4180 praeparaverit
1802 4106 2024 4176 redemptionem.
2041 4124 2051 4157 ι
2075 4105 2102 4159 ln
2121 4108 2221 4172 errius·

1405 4202 1595 4273 redemptionis
1625 4200 1799 4256 Sacrameuto
1820 4198 1921 4267 parvuli
1948 4198 2136 4268 baptizantur,
2169 4209 2198 4253 ut

1405 4294 1527 4350 allitatur
1550 4291 1680 4362 originale
1701 4297 1850 4360 peecatum,
1871 4286 1940 4358 quud
1955 4287 1988 4342 de
2009 4303 2089 4341 carne
2106 4299 2197 4341 traxe·

1405 4393 1467 4440 runt
1481 4401 1488 4449 ;
1502 4384 1576 4454 qnasi
1592 4381 1661 4438 lacta
1681 4395 1728 4435 sua
1745 4380 1817 4435 Deus
1831 4378 1965 4446 emendet,
1990 4377 2060 4447 quod
2085 4393 2131 4430 cas
2154 4379 2196 4430 ln·

1404 4487 1496 4533 sontes
1518 4477 1617 4533 lecerat
1630 4474 1772 4546 inquinari.
1789 4473 1841 4529 Sed
1855 4482 2025 4544 posteaquam
2038 4472 2143 4526 renium
2155 4481 2201 4526 est·

1404 4579 1434 4626 ut
1444 4571 1477 4626 de
1487 4571 1540 4624 illis
1549 4570 1716 4639 loqueretur,
1732 4567 1828 4638 quilius
1839 4567 1883 4620 tali
1899 4583 1952 4620 nun
1973 4566 2130 4620 strennuitas
2147 4580 2195 4619 au·

1404 4662 1478 4726 xilio,
1490 4670 1517 4715 et
1529 4670 1669 4729 autequam
1685 4658 1854 4728 bapstizentur
1868 4658 2005 4727 exspirant
2017 4674 2040 4709 :r
2060 4657 2086 4709 ln
2103 4657 2164 4719 lmc,
2182 4677 2191 4708 t

1404 4743 1499 4822 inqnt't,
1518 4753 1600 4806 tloco
1613 4767 1664 4804 nou
1677 4765 1720 4804 nte
1738 4750 1811 4819 quasi
1823 4760 1959 4802 auctorem
1983 4749 2116 4817 spondeo,
2141 4751 2189 4805 scd

1404 4842 1502 4912 aliquid
1518 4841 1551 4895 de
1564 4841 1687 4909 exemplo
1701 4838 1828 4908 conjicio.
1853 4838 2007 4892 llalreutlam
2028 4839 2141 4893 dicimus
2157 4841 2191 4896 vlo

1405 4933 1549 4989 intantioas
1559 4930 1708 4985 istiustuodi
1722 4931 1864 4993 rationem,
1880 4931 1926 4999 qui
1941 4930 2120 4999 praedestinati
2143 4932 2194 4985 lla-

1405 5028 1512 5096 ptismn,
1538 5023 1598 5076 ritae
1624 5021 1784 5090 ptxeseutis,
1813 5031 1955 5091 antequam
1976 5034 2151 5079 renascantur
2165 5025 2192 5079 iu

1405 5117 1519 5180 Christo,
1531 5113 1727 5184 preveniamur
1745 5110 1867 5167 occiduo.
1893 5112 2018 5183 Legimus
2032 5116 2114 5180 enirn,
2133 5133 2142 5165 ι
2155 5117 2196 5169 iu·

1404 5208 1472 5278 quit,
1493 5226 1502 5259 v
1515 5205 1549 5260 de
1561 5204 1793 5272 talibnsscriptuu
1809 5220 1816 5258 ε
1832 5202 1930 5274 lluptus
1941 5214 1978 5258 est
1989 5221 2020 5258 ue
2031 5205 2130 5259 utnlitiu
2141 5223 2197 5259 trttt·

1404 5308 1467 5352 terret
1479 5298 1548 5351 illius
1567 5294 1729 5360 irttellectum,
1745 5303 1789 5347 ortt
1805 5310 1835 5347 ne
1859 5295 1927 5363 fictio
1940 5296 2066 5366 deciperet
2078 5298 2190 5350 eniserunt

1405 5391 1468 5461 rjrts,
1484 5387 1593 5455 Propter
1605 5386 1651 5439 lior
1662 5385 1803 5456 properarit
1817 5385 1849 5439 de
1862 5385 1945 5439 medio
1968 5387 2107 5453 irriquitutt's
2119 5385 2198 5440 illum

1405 5480 1508 5533 educere
1523 5493 1532 5531 :
1547 5475 1640 5549 placitu
1653 5476 1718 5529 enim
1743 5474 1797 5528 Deo
1819 5484 1872 5528 erut
1887 5476 1971 5527 um'mu
1987 5476 2041 5544 rjus
2055 5486 2111 5541 ,·ct,
2128 5475 2197 5529 Coo·

1405 5579 1544 5624 srviumuttts
1558 5569 1583 5620 iu
1599 5562 1674 5629 dreni,
1691 5566 1794 5635 repleuit
1808 5576 1921 5636 tempora
1937 5565 2015 5636 leuga
2029 5565 2058 5635 v(
2076 5565 2141 5633 Sap.
2158 5581 2195 5632 tr,

1406 5665 1449 5728 ll,
1466 5662 1509 5723 ld,
1522 5661 1555 5714 15
1571 5661 1590 5728 ).
1615 5658 1679 5726 Quis
1700 5658 1780 5712 istum
1803 5658 1959 5728 dedignetur
1980 5657 2077 5712 ltalrerc
2103 5658 2193 5713 docto·

1406 5759 1482 5812 retrtl
1497 5759 1600 5829 Ergone
1613 5760 1725 5829 parsuli,
1741 5773 1808 5828 quos
1830 5756 1985 5826 plerumque
2000 5755 2089 5809 solunt
2106 5756 2194 5808 latumi-

1406 5866 1454 5904 nes
1469 5850 1605 5919 baptizari,
1622 5860 1648 5904 et
1671 5850 1734 5904 dtun
1757 5848 1882 5907 curritur,
1899 5856 1960 5901 ante
1987 5847 2149 5911 ttroriuntur,
2172 5847 2196 5904 si

1407 5941 1605 5996 retardarentur
1620 5942 1702 5994 inista
1719 5939 1856 6010 paululum
1868 5939 1930 6000 rita,
1948 5949 1974 5991 nt
1992 5939 2115 6007 baptizati
2130 5954 2195 5994 eon·

1408 6036 1480 6090 tinne
1490 6044 1665 6101 nrorcrcutnr,
1676 6034 1773 6087 malitia
1785 6039 1900 6087 nudaret
1908 6033 2069 6086 intcllcetunt
2080 6033 2196 6099 illorum,

1407 6130 1434 6175 et
1455 6121 1524 6174 fictio
1534 6120 1669 6187 deciperet
1681 6119 1795 6172 auitnam
1811 6133 1914 6185 eorutn,
1928 6127 1955 6173 et
1969 6134 2001 6177 ue
2014 6117 2063 6173 ltoc
2078 6118 2117 6173 cis
2130 6134 2197 6175 cttn·

1408 6215 1530 6283 tingeret,
1542 6212 1700 6265 srtltventunr
1709 6210 1761 6264 illis
1774 6219 1825 6275 cst,
1836 6217 1933 6265 ntautc
1948 6222 2105 6281 raperentur
2116 6226 2195 6281 quatu

1409 6304 1605 6375 qutimreutur
1619 6299 1744 6382 'linique
1758 6313 1822 6369 ergo
1837 6300 2002 6370 llaptistnate
2024 6310 2201 6359 retinerentur
