5592 7350
574 1008 663 1061 mines
678 1000 762 1056 saneti
776 1007 803 1056 et
818 999 911 1055 lidelcs'
924 998 982 1069 ejus
995 998 1061 1052 liunt
1070 1012 1129 1052 eunt
1144 994 1250 1050 horstioe
1261 992 1367 1049 Christo

574 1110 644 1150 unus
656 1091 791 1155 cbristus,
806 1099 836 1144 ut
849 1088 974 1143 omnibus
988 1103 1035 1157 per
1046 1086 1104 1157 ejus
1119 1085 1188 1139 itane
1196 1084 1307 1156 gratiam
1323 1098 1366 1136 so-

575 1189 753 1253 eteutemqne
791 1179 1015 1244 ascendentibus,
1055 1179 1111 1249 ipse
1148 1191 1216 1232 utttts
1246 1174 1368 1230 Christus

576 1278 705 1335 ascendat
718 1277 743 1330 in
759 1276 867 1341 coelum,
895 1273 939 1344 qui
962 1271 995 1326 de
1010 1272 1080 1326 coelo
1103 1268 1260 1324 descendit?
1280 1266 1325 1322 Sic
1341 1273 1369 1320 et

578 1368 721 1438 Apostolus
736 1367 772 1422 nil
788 1385 794 1421 τ
809 1366 884 1421 Sicut
907 1365 933 1417 itt
953 1379 1004 1417 atto
1026 1378 1132 1434 corpore
1152 1359 1231 1415 muita
1257 1356 1369 1411 membru

575 1462 706 1528 lanientur,
719 1460 804 1514 omnio
812 1468 896 1512 autern
908 1456 1020 1511 ntetttbra
1029 1455 1142 1523 eorporis
1151 1470 1208 1507 curn
1219 1453 1269 1507 sint
1278 1451 1367 1514 multo,

574 1567 654 1605 ortum
674 1559 711 1605 est
720 1567 830 1618 carpum
842 1551 879 1602 ito
891 1558 915 1603 et
928 1548 1042 1603 Christus
1059 1544 1150 1621 (icor.
1165 1561 1213 1611 ιιι,
1226 1542 1283 1615 tt).
1309 1542 1368 1597 Non

574 1642 652 1705 dixit,
668 1641 706 1695 lta
718 1650 745 1695 et
756 1639 866 1706 Christi,
883 1639 908 1694 id
922 1648 976 1705 est,
988 1651 1087 1708 corpus
1098 1635 1210 1700 Christi,
1224 1634 1265 1689 uel
1282 1649 1368 1688 metn-

574 1734 624 1788 bra
632 1730 731 1787 Cirristi
744 1748 751 1785 ε
765 1731 822 1794 sed,
838 1730 875 1783 ita
886 1737 910 1783 et
921 1728 1050 1791 Christum
1066 1740 1149 1781 unum
1171 1720 1305 1778 Christum
1320 1736 1368 1792 ap·

576 1826 679 1895 pellans
691 1830 771 1891 capnt
785 1831 810 1875 et
822 1830 930 1890 corpus.

610 1913 724 1970 curtii
739 1910 847 1966 xxxtt.
860 1940 896 1950 —
910 1910 954 1964 tt.
969 1908 1079 1978 Serpens
1093 1906 1119 1960 in
1134 1906 1231 1959 deserto
1245 1901 1369 1958 exaltatos

575 1998 749 2070 Citristmn,in
769 2018 842 2056 cruce
861 1998 1008 2070 pendentem
1027 1996 1155 2069 panoeit.
1175 1995 1280 2049 Porunli
1294 1994 1370 2047 ctiam

575 2095 627 2162 ipsi
649 2094 771 2163 serpentis
795 2108 879 2146 morra
903 2090 1026 2145 venenati.
1053 2088 1146 2159 llagna
1172 2086 1228 2141 lutee
1250 2085 1369 2155 miraque

576 2186 711 2255 dignatio,
727 2200 788 2256 quae
806 2183 930 2253 quoniam
949 2182 1006 2236 steri
1025 2196 1077 2235 non
1098 2187 1184 2251 potest
1197 2177 1247 2231 nisi
1264 2191 1310 2245 per
1324 2189 1366 2229 re·

577 2277 731 2331 missionem
759 2283 944 2345 peecatorum,
966 2271 1099 2342 sequitur,
1115 2278 1141 2323 et
1155 2268 1238 2324 dicit:
1256 2265 1288 2320 Et
1306 2266 1370 2319 sicut

577 2366 681 2437 Moyses
703 2365 821 2421 eaoltonit
845 2373 985 2430 serpentem
1011 2360 1173 2426 inderem,
1202 2358 1236 2412 ito
1263 2355 1369 2410 exaltari

576 2466 674 2526 oportet
696 2455 792 2510 Filiam
814 2455 942 2520 ltotttint'r,·
963 2464 990 2507 ιιι
1010 2453 1091 2507 onmis
1120 2452 1162 2517 qai
1191 2448 1324 2504 crediderit
1343 2448 1370 2501 itt

577 2565 632 2601 arnt
647 2564 698 2601 nan
713 2553 811 2616 pereat,
825 2546 869 2599 sed
881 2544 971 2598 liabent
986 2544 1061 2597 eitam
1081 2552 1209 2597 eternam.
1226 2540 1293 2609 Quid
1308 2548 1370 2593 tunc

577 2641 603 2693 in
624 2640 731 2694 deserto
757 2637 853 2692 iactum
878 2637 932 2702 sit,
956 2637 1078 2691 norimus
1095 2641 1271 2703 :serpentum
1298 2647 1371 2686 ntor·

576 2730 651 2785 sibus
672 2747 688 2782 n
700 2729 746 2782 ulti
769 2728 970 2791 moriebantur;
990 2735 1051 2780 tuuc
1066 2725 1179 2796 populus
1193 2733 1301 2796 peecata
1322 2737 1369 2776 sua

576 2819 724 2884 confitens,
751 2834 798 2886 per
823 2816 933 2889 lloyscn
958 2816 1118 2886 deprecatus
1144 2824 1184 2869 est
1211 2814 1368 2879 bominum,

577 2926 605 2970 ut
620 2914 672 2969 boc
686 2914 720 2968 ab
739 2913 777 2967 eis
791 2913 863 2966 tritus
878 2912 995 2966 auferret
1013 2927 1020 2963 :
1036 2926 1068 2965 ae
1082 2909 1121 2964 sic
1135 2908 1239 2981 Moyses
1253 2923 1284 2963 er
1299 2922 1369 2976 prm·

576 3006 779 3075 reprobemini
800 3004 927 3059 exaltarit
950 3003 976 3057 in
1000 3002 1108 3058 deserto
1131 3015 1235 3055 ancum
1258 3012 1369 3068 serpen·

577 3109 648 3162 tem;
663 3096 854 3167 admonuitque
865 3095 1002 3166 populum,
1017 3103 1046 3149 ut
1057 3094 1131 3149 illum
1143 3092 1288 3149 exaltatum
1297 3091 1370 3162 quis-

576 3187 637 3257 qnis
650 3202 665 3242 a
678 3196 801 3255 serpente
813 3185 982 3240 morderetur
995 3184 1145 3239 attenderet
1158 3201 1164 3238 :
1182 3183 1232 3238 boc
1246 3182 1371 3237 iacientes

575 3277 702 3332 conitinuo
716 3276 879 3330 sanabantur
895 3273 987 3347 (Νιιιι.
998 3290 1056 3338 xxr,
1073 3274 1143 3344 6-9).
1157 3273 1225 3342 Quid
1240 3281 1281 3328 est
1295 3272 1371 3328 exal-

576 3376 646 3420 tatus
660 3381 782 3435 serpens,
795 3366 845 3420 nisi
857 3380 928 3420 ntors
937 3364 1047 3431 Christi,
1058 3379 1091 3420 eo
1101 3364 1266 3435 signiltcandi
1278 3361 1368 3431 modo,

576 3473 628 3528 quo
643 3472 690 3527 per
707 3457 867 3512 elicientem
882 3456 907 3511 id
920 3455 992 3528 quod
1011 3456 1125 3512 ellieitur
1146 3452 1371 3524 significaturlil

575 3558 700 3617 serpente
714 3547 812 3617 qnippe
826 3562 898 3601 mors
913 3548 994 3613 uenit,
1008 3547 1053 3617 qui
1071 3556 1220 3617 peecatum,
1235 3560 1288 3616 quo
1302 3544 1371 3600 mori

575 3645 734 3702 mereretur,
751 3636 853 3691 bomini
874 3637 1015 3707 persuasit.
1029 3636 1157 3692 Dominus
1168 3645 1256 3690 autem
1271 3635 1298 3690 iu
1312 3648 1372 3689 cur·

575 3719 638 3787 nem
653 3743 729 3783 suam
751 3743 804 3782 non
826 3735 964 3798 peccatum
981 3728 1126 3796 transtulit,
1143 3736 1266 3797 tanquam
1288 3741 1370 3781 tene·

577 3837 641 3874 nttm
658 3820 798 3889 serpentis
819 3837 825 3872 :
849 3817 897 3889 sed
920 3827 1009 3873 tamen
1030 3818 1165 3872 transtulit
1185 3825 1317 3880 mortem;
1343 3825 1371 3870 nt

575 3921 650 3968 esset
665 3911 876 3966 insimilitudine
889 3911 978 3966 carnis
996 3911 1097 3980 pcccati
1111 3925 1188 3981 paena
1201 3911 1259 3966 sine
1273 3911 1370 3980 culpa,

575 4001 647 4057 unde
668 4002 695 4057 in
717 4017 799 4057 cirne
811 4002 916 4073 peceati
931 4010 958 4058 et
979 4002 1057 4071 culpa
1079 4001 1227 4057 solveretur
1241 4012 1267 4057 et
1281 4015 1369 4070 poena.

575 4093 653 4149 Sicut
669 4108 734 4163 ergo
747 4101 821 4154 tunc.
835 4093 881 4163 qui
901 4092 1081 4162 conspiciebat
1101 4092 1244 4147 exaltatum
1258 4105 1369 4161 serpen·

576 4194 643 4249 mm,
657 4194 684 4239 ct
698 4198 714 4238 a
734 4197 839 4238 veneno
858 4182 1011 4249 sanabatur,
1026 4191 1077 4237 eta
1091 4193 1177 4238 morte
1189 4182 1369 4237 liberabatur:

574 4277 615 4327 sie
628 4287 710 4337 nunc,
726 4274 771 4343 qui
792 4271 973 4328 conformatur
986 4271 1153 4341 similitudini
1169 4273 1261 4327 mertis
1273 4271 1370 4326 Citristi

576 4379 625 4432 per
641 4363 720 4420 ddcm
737 4364 950 4434 baptismumque
963 4364 1030 4434 ejus,
1046 4371 1098 4418 eta
1115 4372 1224 4434 peccato
1237 4362 1372 4443 pcr'justi·

580 4455 743 4520 dationem,
758 4465 784 4509 et
798 4470 813 4510 a
828 4463 914 4510 morte
929 4470 976 4524 per
991 4456 1214 4510 resurrectionem
1233 4455 1370 4510 liberatur.

577 4544 633 4599 linc
644 4554 688 4600 est
699 4543 773 4599 enirn
788 4545 860 4614 quod
873 4547 921 4611 ait,
935 4554 962 4599 at
975 4547 1056 4601 onmis
1065 4546 1109 4615 qni
1123 4547 1237 4600 creditin
1251 4561 1307 4600 enm
1320 4562 1371 4600 non

578 4646 672 4703 pereat,
683 4635 729 4689 red
741 4634 830 4688 inolent
842 4636 918 4690 ritant
930 4644 1059 4691 aeternnm.
1074 4636 1141 4703 Quid
1154 4637 1231 4707 igitur
1240 4651 1307 4707 opus
1317 4643 1369 4703 est,

579 4733 609 4778 ut
625 4725 724 4780 Christi
740 4725 819 4780 morti
836 4741 882 4795 per
896 4727 1060 4797 baptismum
1075 4726 1257 4782 conformetur
1271 4742 1370 4797 parvu-

578 4818 636 4882 lns,
655 4818 677 4872 si
692 4833 782 4873 morsu
796 4819 928 4887 serpentis
949 4835 1002 4874 non
1022 4829 1063 4875 est
1081 4819 1191 4874 omnino
1205 4818 1383 4894 venenatusir

611 4910 724 4967 catut
735 4910 949 4967 mill-62.
962 4910 1045 4966 Nento
1054 4921 1134 4984 potest
1142 4912 1298 4967 reconciliari
1306 4911 1369 4975 Dea,

578 5002 626 5055 ιιιιι
636 5018 680 5070 per
689 5001 827 5057 Clusinum.
842 5001 941 5058 licinde
951 5002 991 5058 sic
1001 5013 1197 5074 cousequenter
1207 5002 1289 5058 dicit:
1302 5000 1371 5056 Dens

577 5093 612 5145 sie
626 5093 714 5146 ditarit
726 5095 866 5160 mondum,
881 5105 907 5148 ιιι
918 5093 942 5148 F
944 5094 1016 5148 iliutn
1028 5111 1102 5149 ιιιιιιι
1116 5096 1271 5165 unigenitum
1284 5094 1371 5159 daret,

578 5192 604 5234 ιιι
615 5184 697 5237 armos
708 5184 751 5252 qtti
763 5183 842 5237 credit
855 5186 882 5247 ιζιι
895 5202 960 5250 eum,
971 5201 1021 5240 non
1033 5194 1129 5256 pereat,
1139 5187 1181 5239 sed
1195 5185 1284 5239 debent
1296 5185 1372 5238 uitam

579 5284 707 5328 retentant.
726 5275 864 5332 Perituros
878 5287 937 5334 erat
949 5293 1013 5349 ergo
1027 5278 1153 5348 parvulus
1171 5293 1219 5333 nec
1234 5277 1371 5333 habiturus

579 5366 657 5419 niem
666 5377 806 5435 eternam,
818 5386 839 5424 ιι
851 5385 898 5440 per
908 5355 1104 5426 sacramentum
1115 5371 1239 5441 baptismi
1251 5386 1303 5425 non
1314 5384 1372 5425 cre-

577 5455 653 5511 deret
667 5458 693 5511 in
705 5459 713 5490 ¹
725 5459 889 5528 unigenitum
902 5461 947 5515 Dei
960 5459 1066 5526 Filium,
1080 5461 1142 5516 dum
1158 5462 1262 5517 interim
1276 5461 1314 5516 sic
1326 5476 1372 5517 ve·

578 5548 616 5600 nit
631 5557 659 5600 ut
678 5564 731 5602 non
743 5549 843 5617 judicet
857 5552 1002 5616 muudum,
1017 5551 1064 5606 sed
1079 5561 1107 5607 ιιι
1123 5553 1241 5608 miretur
1259 5552 1372 5609 tuendus

578 5650 625 5701 per
633 5634 719 5706 ipsum
730 5655 736 5690 :
747 5640 895 5707 presertim
905 5640 966 5710 quia
975 5642 1106 5711 sequitur,
1115 5651 1142 5696 et
1151 5643 1225 5708 dicit,
1238 5642 1287 5709 Qui
1295 5643 1373 5696 eredit

577 5729 603 5780 in
616 5743 684 5791 erun,
698 5743 748 5781 non
759 5729 910 5798 judicator:
924 5732 966 5800 qui
976 5741 1060 5786 nutent
1075 5749 1126 5786 non
1138 5733 1227 5798 credit,
1233 5734 1290 5803 jann
1304 5734 1373 5799 ρἰιιιι·

578 5825 708 5880 ertatem
719 5817 835 5882 quianon
844 5818 950 5873 credidit
962 5820 988 5874 in
999 5822 1099 5876 natttine
1109 5822 1231 5893 unigeniti
1243 5820 1303 5876 Filii
1313 5819 1370 5877 tter.

578 5909 626 5963 b'bi
642 5923 707 5977 ergo
726 5912 850 5977 parrulos
865 5913 990 5980 ponimus
1010 5913 1176 5984 baptizatos,
1192 5914 1327 5969 nisiinter
1343 5913 1373 5967 lr-

483 6064 485 6069 ,
575 5999 661 6064 deles,
676 6000 746 6055 sieut
764 6002 894 6057 universae
909 6003 1007 6073 ubique
1022 6003 1150 6059 Ecclesiae
1170 6005 1267 6060 elamat
1281 6014 1373 6060 aucto·

574 6089 662 6144 ritasl
679 6091 748 6160 drgo
764 6093 832 6147 inter
847 6096 953 6164 eosqui
976 6095 1164 6160 crediderunt;
1180 6097 1231 6152 boc
1248 6098 1319 6151 enim
1334 6097 1373 6152 eis

575 6181 723 6248 acqtriritur
746 6196 794 6251 per
818 6182 943 6238 uirtutem
965 6184 1129 6240 sacramenti
1153 6195 1180 6240 et
1204 6187 1372 6243 offerentium

606 6293 615 6323 ¹
635 6290 702 6349 editi,
711 6304 756 6340 nort
766 6293 874 6342 crederet
887 6291 1041 6360 ttuiqenittutt,
1052 6297 1139 6346 omisso
1149 6297 1327 6360 propositione,
1335 6296 1369 6358 tn,

571 6364 631 6415 qam
647 6351 686 6402 bie
703 6362 782 6405 exstat
794 6356 817 6404 iu
830 6357 1004 6419 tnanuscrittis.

1266 878 1364 935 tibuit
1383 876 1520 934 ettttlt's.

2070 884 2309 945 ,Μ’

1425 993 1625 1062 responsionem
1642 1009 1650 1051 t
1663 1008 1694 1050 ac
1705 1008 1754 1066 per
1767 995 1817 1051 boe
1828 1010 1874 1052 ees
1885 993 1929 1068 qui
1941 998 2064 1070 baptizati
2077 1016 2129 1057 non
2142 1010 2215 1071 sune

1426 1088 1495 1141 inter
1505 1102 1553 1141 eos
1564 1087 1609 1157 qui
1622 1103 1675 1141 non
1690 1087 1869 1144 erediderunt.
1886 1090 1970 1148 Porro
1983 1091 2005 1146 si
2019 1093 2056 1147 illi
2070 1092 2116 1162 qui
2128 1091 2217 1168 bspti-

1424 1175 1475 1229 zati
1491 1185 1562 1240 sunt,
1577 1191 1630 1230 non
1643 1176 1812 1246 judicantum
1828 1179 1871 1234 isti
1885 1180 1947 1249 quia
1961 1190 2053 1236 carent
2068 1181 2215 1252 baptismo,

1421 1264 1582 1333 judicantur.
1595 1265 1671 1334 Quod
1694 1282 1757 1321 rcro
1772 1267 1908 1338 adjungit,
1921 1268 1978 1324 iloe
1997 1279 2034 1324 ert
2045 1278 2130 1324 autem
2139 1269 2217 1342 jett-

1423 1356 1499 1421 einnt,
1513 1356 1572 1425 quin
1585 1357 1631 1411 las
1645 1358 1711 1411 uertit
1725 1359 1750 1412 in
1765 1360 1898 1424 mnndum,
1913 1370 1936 1414 et
1948 1359 2090 1415 dilexerunt
2103 1362 2216 1416 domines

1424 1446 1540 1500 tenebras
1552 1448 1633 1519 mnpis
1645 1464 1720 1517 quant
1739 1448 1820 1503 lucem
1832 1464 1841 1503 :
1854 1451 1936 1519 unde,
1952 1451 2009 1505 Lux
2022 1453 2088 1506 uertit
2101 1452 2127 1506 ιιι
2140 1468 2216 1505 marn·

1423 1535 1493 1601 dnm,
1514 1536 1566 1590 nisi
1581 1535 1614 1591 dc
1628 1552 1678 1592 suo
1700 1538 1765 1593 dicit
1777 1539 1903 1604 adventu,
1926 1542 1984 1604 sine
1997 1542 2073 1612 cnjus
2087 1542 2216 1598 adtentos

1423 1638 1591 1683 sacramento
1606 1630 1738 1699 quomodo
1750 1632 1852 1701 paruuli
1874 1648 1934 1688 esse
1949 1634 2071 1689 dicuntur
2089 1636 2114 1690 in
2136 1634 2216 1691 lucei

1423 1718 1475 1772 dut
1486 1719 1619 1789 quomodo
1632 1736 1683 1776 non
1694 1731 1721 1777 et
1734 1721 1786 1778 boc
1796 1723 1822 1777 in
1835 1723 1977 1779 dilectione
1990 1726 2157 1781 tenebrarunt
2169 1724 2214 1779 lta·

1423 1808 1508 1876 bettt,
1523 1810 1567 1879 qni
1583 1812 1806 1881 quemadmodum
1822 1813 1873 1883 ipsi
1897 1830 1951 1869 nott
1973 1815 2095 1883 eredunt,
2112 1818 2151 1874 sic
2164 1834 2231 1876 uec.

1423 1899 1597 1972 baptizandos
1619 1918 1682 1958 suos
1703 1905 1826 1973 paruulos
1847 1905 2027 1973 arbitrantur,
2046 1906 2155 1979 quando
2175 1909 2215 1965 eis

1423 2004 1537 2049 mortem
1553 1995 1674 2063 corporis
1696 1996 1812 2052 timent?
1828 1997 1861 2053 ln
1877 1997 2042 2074 decantem
2064 1998 2128 2055 dicit
2146 1999 2216 2070 [ceto

1422 2099 1500 2153 οριιιι
1513 2087 1579 2155 eitts,
1593 2085 1637 2155 qui
1646 2087 1711 2139 venit
1720 2086 1754 2140 ad
1763 2088 1843 2142 lucent
1853 2105 1865 2154 ,·
1876 2091 1937 2161 quia
1948 2091 2072 2162 intelligit
2081 2090 2214 2161 justillca-

1424 2175 1522 2228 tionem
1537 2190 1612 2230 suam
1629 2191 1681 2231 noo
1696 2177 1730 2232 ad
1749 2192 1796 2233 sua
1809 2180 1916 2246 merita,
1929 2180 1976 2236 sed
1996 2181 2029 2237 ad
2043 2182 2089 2239 liei
2101 2183 2214 2254 gratiam

1423 2267 1566 2336 pertinere.
1583 2266 1654 2323 licus
1665 2278 1700 2324 ert
1710 2271 1786 2334 etaim,
1802 2271 1889 2343 inquit
1899 2272 2052 2343 Apostolus,
2070 2276 2113 2345 qui
2123 2292 2215 2343 operc-

1423 2367 1464 2409 tnr
1483 2358 1509 2409 t'n
1529 2358 1621 2412 ιιιιιιι
1641 2367 1664 2412 et
1685 2360 1749 2414 nelle
1766 2369 1790 2415 et
1809 2363 1928 2432 operari,
1943 2380 1990 2434 pro
2009 2364 2075 2419 bona
2089 2365 2217 2422 uoluntate

1423 2446 1432 2515 (
1447 2444 1563 2516 Philipp.
1581 2463 1610 2509 n,
1625 2449 1681 2517 te).
1695 2448 1751 2503 lloc
1765 2450 1848 2507 modo
1858 2466 1922 2521 ergo
1936 2453 1966 2507 tn
1977 2454 2095 2508 omniunt
2110 2469 2143 2509 ex
2156 2470 2216 2511 car·

1423 2535 1476 2589 nali
1491 2538 1664 2605 generatione
1676 2538 1709 2593 ad
1724 2538 1858 2595 Christum
1873 2542 2034 2597 venientium
2047 2546 2215 2615 regeneratio

1422 2630 1577 2699 spirituaits.
1589 2629 1648 2700 lpse
1662 2632 1713 2687 boe
1723 2635 1837 2702 aperuit,
1853 2635 1910 2707 ipse
1925 2637 2090 2702 monstrarit,
2105 2652 2166 2693 cum
2180 2638 2216 2693 ab

1422 2735 1455 2775 eo
1470 2718 1638 2791 'quereretur
1660 2723 1792 2791 quomodo
1814 2734 1922 2794 possent
1944 2725 1992 2781 ista
2015 2726 2090 2793 lleri;
2113 2727 2215 2784 nemini

1423 2811 1566 2867 burnanam
1579 2816 1835 2885 argumentationem
1852 2816 1878 2871 in
1892 2816 1942 2873 bac
1953 2833 2032 2874 causa
2047 2818 2158 2875 liberam
2173 2818 2214 2876 le·

1422 2905 1482 2959 cit:
1510 2921 1561 2960 non
1584 2906 1755 2961 alienentur¹
1779 2908 1879 2977 partiali
1902 2924 1917 2962 a
1941 2910 2026 2980 gratia
2049 2911 2215 2968 remissionis

1424 3004 1605 3066 peecatorum.
1620 2996 1677 3052 Non
1692 2996 1770 3051 aliter
1784 2999 1912 3053 transitur
1925 2999 1958 3054 ad
1970 2999 2120 3068 Christum
2134 3016 2215 3058 nestro

1423 3086 1500 3141 aliter
1514 3093 1601 3156 potest
1617 3087 1671 3143 lieo
1684 3088 1851 3144 reconciliari
1865 3097 1892 3145 et
1905 3088 1938 3144 ad
1951 3089 2036 3146 Deum
2047 3091 2149 3158 venire,
2164 3091 2214 3148 nisi

1423 3193 1471 3249 per
1483 3176 1629 3234 Christum.

1457 3266 1569 3325 CAPUT
1585 3269 1704 3325 xxxiv.
1718 3301 1753 3311 —
1766 3272 1809 3328 65.
1825 3272 1951 3345 linptisnti
1964 3273 2066 3345 sermo,
2081 3290 2125 3330 ιιι
2139 3276 2212 3329 ritur.

1423 3359 1599 3416 Exercisutnr.
1618 3360 1722 3434 Duplex
1741 3364 1773 3418 de
1793 3366 1905 3434 paruulis
1926 3382 2006 3420 error.
2027 3364 2096 3433 Quid
2110 3365 2144 3422 de
2158 3366 2215 3437 ipsa

1423 3450 1508 3507 lornta
1530 3454 1688 3508 sacramenti
1708 3454 1823 3525 loquaci
1851 3454 1951 3511 Vellem
1972 3458 2068 3527 aliquis
2090 3458 2213 3524 istorum,

1422 3542 1467 3611 qui
1489 3543 1621 3597 contraria
1639 3545 1763 3614 sapiunt,
1783 3544 1847 3599 mibi
1872 3545 2058 3617 baptizandum
2077 3548 2214 3617 parvulum

1422 3634 1538 3691 aberret.
1553 3634 1621 3704 Quid
1642 3635 1667 3690 in
1691 3635 1737 3692 illo
1761 3637 1815 3708 agit
1839 3634 2119 3706 exonttsrnns'neus,
2144 3638 2168 3696 si
2188 3638 2215 3695 itt

1423 3727 1521 3784 lamilia
1537 3727 1637 3784 diaboli
1657 3744 1710 3784 non
1732 3729 1859 3785 teneturl
1876 3730 1936 3801 lpse
1953 3741 2026 3787 certe
2046 3730 2111 3786 mibi
2131 3730 2217 3810 luerat

1423 3833 1599 3890 responsurus
1628 3835 1676 3890 pro
1705 3821 1800 3876 eodem
1832 3822 1942 3891 parvulo
1970 3838 2050 3893 quem
2077 3831 2214 3894 gestaret.

1423 3911 1484 3981 quia
1508 3926 1554 3981 pro
1575 3926 1605 3966 se
1625 3910 1671 3966 ille
1690 3912 1853 3982 respondere
1877 3927 1930 3968 nou
1954 3922 2053 3985 posset.
2076 3913 2216 3982 Quomodo

1423 4017 1487 4073 ergo
1507 4003 1628 4058 dicturus
1650 4011 1709 4058 erat
1731 4019 1791 4059 enm
1815 4004 1968 4061 renuntiare
1991 4005 2115 4074 diabolo,
2140 4005 2217 4078 cujus

1423 4093 1449 4148 in
1470 4107 1503 4148 eo
1525 4092 1590 4147 nibil
1613 4094 1705 4149 esset?
1725 4094 1864 4163 Quomodo
1883 4095 2002 4150 converti
2023 4097 2057 4151 ad
2076 4097 2178 4162 beorn,
2199 4114 2215 4150 a

1422 4196 1475 4251 quo
1490 4197 1543 4238 non
1557 4191 1629 4238 esset
1643 4183 1774 4239 auersus?
1786 4184 1897 4241 eredere
1910 4185 1978 4242 inter
1991 4195 2088 4242 cetera
2102 4187 2217 4244 ¹rearis·

1422 4271 1526 4327 sionem
1550 4281 1730 4344 peecatorum,
1753 4290 1813 4346 quac
1827 4275 1864 4330 illi
1878 4276 1950 4330 nulla
1966 4277 2146 4341 tribueretur?
2159 4278 2215 4350 Ego

1422 4361 1529 4432 quidem
1546 4363 1567 4417 si
1580 4373 1673 4419 contra
1687 4364 1745 4437 baec
1762 4380 1823 4420 eum
1845 4367 1945 4422 sentire
1958 4368 2150 4435 existimarem,
2164 4383 2217 4426 trec

1422 4451 1456 4506 ad
1482 4451 1653 4508 Sacramenta
1678 4447 1879 4525 compartum
1893 4457 1991 4512 intrare
2013 4457 2213 4528 permitterem:

1421 4542 1480 4611 ipse
1492 4552 1581 4598 autem
1596 4543 1622 4597 in
1639 4545 1688 4600 ltoe
1702 4560 1752 4614 qna
1767 4544 1855 4601 leonte
1869 4545 1902 4600 ad
1915 4546 2116 4617 hominemque
2125 4555 2215 4605 menta

1422 4633 1455 4687 ad
1472 4634 1555 4690 licum
1570 4649 1599 4691 se
1612 4632 1705 4704 lerret,
1721 4637 1834 4707 ignoro;
1850 4638 1976 4701 necrolo
1989 4637 2090 4709 aliquid
2107 4639 2215 4709 gratius

1422 4721 1523 4777 dicere.
1546 4723 1652 4780 daleam
1666 4725 1746 4795 igitur
1759 4727 1800 4781 tel
1816 4725 2018 4784 inflammandi
2031 4727 2149 4797 paruulis
2161 4727 2216 4785 litt·

1423 4814 1555 4883 prismatis
1566 4816 1678 4871 lorrrtam
1689 4817 1715 4872 io
1724 4833 1775 4887 qna
1786 4826 1894 4873 sonaret
1903 4825 1984 4887 atque
1994 4818 2036 4890 agi
2048 4819 2182 4876 rideretur
2192 4819 2213 4881 ⁸.

1422 4911 1551 4961 ettamen
1571 4907 1641 4962 nulla
1655 4907 1733 4963 deret
1751 4907 1875 4964 remissio
1893 4918 2079 4980 peecatorum,
2093 4910 2218 4967 uiderunt

1423 4997 1505 5066 aliqui
1520 5010 1612 5051 corum
1627 4996 1691 5052 nibil
1705 4999 1896 5055 exsecrabdius
1915 5015 1952 5056 ac
1961 4999 2144 5057 detestabilius
2163 5000 2216 5064 dici

1424 5104 1501 5159 posse
1522 5098 1602 5160 atque
1621 5091 1725 5145 sentiri.
1748 5091 1863 5149 Proinde
1883 5094 2066 5165 (prodattinet
2079 5097 2113 5152 ad
2126 5097 2222 5166 Bapti·.

1424 5197 1509 5236 sutum
1521 5183 1701 5252 paruulorum,
1714 5192 1743 5238 ut
1753 5185 1792 5240 cis
1801 5186 1836 5240 sit
1846 5188 2023 5253 necessarius,
2034 5189 2217 5260 redemptione

1425 5277 1489 5347 ipsis
1504 5277 1584 5331 etiam
1596 5289 1665 5345 opus
1677 5291 1738 5332 esse
1751 5277 1912 5344 concelunt,
1927 5281 1997 5335 sicut
2010 5279 2149 5350 cujusdam
2168 5296 2217 5336 eo·
2248 5292 2250 5294 ·

1424 5382 1483 5422 rum
1498 5365 1588 5421 libello
1602 5366 1760 5421 brevissimo
1778 5367 1931 5424 continetur
1944 5387 1951 5425 ι
1964 5369 2009 5438 qui
2022 5377 2111 5425 tamen
2124 5369 2160 5424 ibi
2170 5376 2218 5425 ‘re-
2297 5349 2302 5367 '

1424 5456 1579 5512 missionem
1594 5456 1707 5525 alicujus
1718 5459 1822 5527 peceati
1835 5460 1954 5528 apertius
1960 5459 2113 5530 exprimere
2123 5444 2233 5554 ιιιΙιιιι.’ἲ

1424 5547 1498 5602 Sicut
1510 5556 1599 5602 autern
1614 5546 1679 5601 milti
1692 5548 1749 5617 ipsc
1761 5548 1857 5605 litteris
1873 5550 2013 5615 intimasti,
2028 5551 2144 5606 latentur
2150 5550 2223 5631 jam,

1425 5648 1453 5693 ut
1463 5638 1547 5706 dicis,
1565 5641 1646 5694 etiam
1659 5640 1685 5694 in
1702 5642 1819 5709 parvulis
1833 5657 1881 5712 per
1896 5643 2061 5712 baptismum
2082 5625 2243 5699 remissio-⁴¹

1426 5745 1485 5785 nem
1501 5729 1749 5800 lieri-peceatomm.
1764 5721 1822 5786 'Nee
1831 5732 1926 5786 mirum
1939 5749 1946 5785 :
1962 5734 2099 5788 nonenim
2114 5734 2221 5791 redeam
2234 5738 2237 5746 ”

1426 5819 1480 5888 prio
1492 5819 1545 5873 alio
1557 5819 1636 5875 modo
1646 5827 1737 5890 posset
1748 5820 1870 5890 intelligi.
1884 5819 1945 5876 Non
1957 5830 2040 5877 umen
2052 5823 2218 5896 originaliter,
2244 5838 2246 5843 ·

1457 5916 1465 5962 ⁴
1483 5929 1552 5990 editi,
1563 5927 1640 5979 nabis.
1648 5928 1758 5979 Nonnulli
1771 5931 1938 5993 maousmipti,
1946 5928 2018 5983 rabis.

1457 5988 2090 6063 {edimurnanalienenturmarticulammbcst
2106 6006 2218 6048 amarto-

1425 6058 1569 6160 scr’'ptiiit’res
1580 6118 1644 6168 uss,
1657 6109 1757 6164 eredere
1775 6118 1903 6177 preterea.
1924 6122 1976 6166 uox
1997 6116 2117 6168 editiones
2130 6127 2180 6168 tm.
2194 6125 2221 6170 et

1426 6180 1473 6232 rr,
1486 6171 1511 6222 in
1523 6171 1685 6223 remissionem
1696 6182 1864 6238 peccatorum·
1875 6177 1969 6240 adjecta
1977 6177 2026 6228 illic
2033 6181 2221 6242 praepsttione.
2313 6188 2316 6192 ’

1426 6248 1481 6306 que
1494 6235 1563 6344 ²¹2⁰}
1575 6247 1588 6283 a
1600 6235 1783 6299 trtauuscriqtis,
1797 6245 1823 6288 et
1834 6240 1922 6289 merito
1934 6247 2055 6302 expuncta
2072 6241 2116 6291 luit
2125 6254 2170 6304 per
2181 6247 2222 6294 to.-

1429 6309 1515 6345 illnlell
1538 6340 1540 6343 ,
1561 6333 1566 6342 .

1461 6358 1471 6388 ⁸
1488 6359 1524 6408 sic
1534 6364 1586 6408 uss.
1600 6364 1626 6409 st
1639 6358 1707 6422 editi,
1718 6368 1813 6413 rotaret
1824 6360 1890 6427 quod
1901 6361 2038 6427 utiqueoqi
2048 6361 2192 6413 cinerente.
