5592 7350
528 888 582 947 4ιὸ
1021 880 1208 942 nnuonttto
1229 884 1261 939 tn
1280 882 1704 951 substentamentum&
2033 921 2036 926 ·
2116 893 2171 948 474

528 1000 575 1057 sod
594 999 627 1055 ad
643 1000 801 1055 saluatorem
820 997 956 1058 Christum
975 1000 1067 1074 uenire
1087 1000 1236 1070 permittat.
1257 999 1323 1053 Nam
1375 999 1505 1069 seriptum
1524 1010 1568 1057 ast
1586 1001 1613 1055 in
1637 1000 1794 1073 Evangelia,
1810 1000 1844 1055 Et
1867 1005 1989 1059 rorabunt
2002 1021 2092 1059 ttarrten
2115 1016 2171 1075 ejttt

529 1104 557 1147 ut
569 1094 623 1161 jaan
640 1091 707 1146 liber
727 1092 778 1148 iste
792 1091 941 1157 claudatur,
955 1093 1081 1162 quoniam
1100 1092 1136 1147 ita
1149 1106 1239 1146 sermo
1254 1091 1324 1146 lllirta
1375 1088 1483 1153 haum:
1497 1092 1552 1159 ipae
1569 1091 1635 1144 enirn
1648 1090 1746 1145 aulam
1768 1092 1843 1163 suein
1863 1095 1985 1163 populant
1997 1112 2071 1148 suum
2084 1113 2099 1148 tr
2112 1112 2170 1163 prt-

529 1184 686 1237 terntinatus
696 1191 748 1245 est,
764 1182 809 1252 qni
827 1183 852 1236 in
863 1182 983 1238 chartula
998 1199 1076 1253 quam
1089 1183 1194 1248 misisti,
1210 1184 1325 1253 scriptus
1376 1192 1440 1235 curta
1452 1197 1538 1236 eornm
1552 1180 1660 1253 [lluttlt.
1674 1197 1694 1248 t,
1705 1180 1763 1254 ιι).
1782 1182 1842 1238 ldeu
1855 1198 1919 1257 ergo
1931 1184 2033 1249 lesum,
2045 1201 2174 1255 quantam

474 1255 477 1259 Δ
528 1272 752 1338 esnutdiccret,
772 1271 1168 1342 Verecrcditoqniaperlerunt
1184 1275 1324 1343 factasunt
1375 1269 1453 1325 Jesns
1466 1270 1549 1326 latine
1561 1269 1684 1325 salrator
1698 1280 1749 1325 est.
1765 1269 1826 1339 lpse
1839 1272 1905 1326 eninr
1918 1274 2015 1327 saluum
2027 1274 2104 1346 [acite
2121 1290 2172 1345 pu·

527 1346 660 1436 ruminet
674 1361 799 1431 aineiptu
813 1364 910 1434 {tcum
929 1373 966 1418 cat
985 1363 1068 1429 rtiltt‘l,·
1086 1362 1219 1419 masmar
1232 1362 1324 1418 lesum
1376 1363 1465 1432 pulum
1487 1379 1572 1442 anagn,
1593 1362 1619 1417 in
1639 1377 1692 1432 que
1715 1362 1813 1433 pupulo
1832 1371 1894 1418 stmt
1912 1364 2003 1434 utique
2017 1371 2045 1420 et
2058 1366 2174 1433 patrati..

527 1450 808 1519 ctietttparrnliseaae
819 1450 968 1510 letamur
982 1462 1141 1521 atpereum
1154 1440 1323 1508 Dctaomnia
1376 1452 1483 1508 &laum
1498 1464 1588 1507 auteur
1611 1454 1716 1525 (arieto
1729 1454 1838 1524 percutis
1857 1469 1967 1508 euram:
1990 1463 2171 1524 suntcrgoet

528 1543 629 1598 nitetur
651 1557 699 1612 per
726 1543 752 1597 id
776 1543 845 1612 qnod
872 1552 913 1598 est
933 1543 1050 1598 Verbum
1075 1543 1163 1609 Deus;
1186 1543 1221 1598 ita
1243 1545 1323 1597 etiam
1377 1546 1402 1599 in
1416 1546 1532 1615 parvolis
1553 1557 1662 1616 peccata
1683 1530 1832 1617 originalia,
1849 1556 2028 1618 propterque:
2041 1547 2129 1613 lesus,
2142 1547 2170 1601 td

529 1634 654 1706 parrulos
666 1635 700 1689 ab
709 1636 839 1689 oosalros
855 1636 911 1690 lleri
926 1634 1038 1689 latctttnr
1049 1650 1095 1705 per
1109 1634 1213 1706 idqnod
1226 1634 1323 1689 estle—
1376 1646 1427 1704 est,
1442 1637 1663 1709 Sattatarqtossn
1675 1654 1735 1695 esse
1748 1648 1775 1695 et
1790 1639 1920 1709 ipsorum.

528 1738 590 1789 eus,
616 1725 638 1777 si
661 1724 717 1777 nult
739 1724 885 1779 rtttltolieas
907 1739 967 1779 csse
990 1724 1166 1779 Cltristianns.
1188 1724 1233 1779 Sic
1250 1727 1325 1780 ctrina
1370 1742 1374 1749 ’

1053 1819 1501 2048 *aninumr

773 2098 817 2159 tn
850 2098 1149 2177 SUBSEQDENTES
1170 2104 1312 2168 LIBROS
1332 2106 1385 2168 DE
1408 2102 1540 2165 antus
1563 2101 1616 2163 Et
1639 2099 1732 2163 ntus
1754 2098 1932 2162 obtutus.

1227 2225 1479 2305 masaa

564 2342 613 2400 liis
631 2352 745 2413 quatuor
766 2343 840 2398 libris
859 2345 997 2399 materiam
1017 2345 1227 2402 subministravit
1244 2347 1400 2403 Vincentius
1422 2345 1528 2412 Victor,
1542 2344 1648 2415 juvenis
1668 2344 1697 2400 in
1716 2343 1872 2400 Mauritania
1893 2342 2057 2399 Car-sareapai
2075 2349 2174 2406 uatus,

528 2446 558 2489 et
569 2448 601 2489 er
616 2433 813 2503 llogatistarnm
827 2432 941 2489 lactinae
954 2433 1026 2504 (atum
1041 2436 1240 2494 Donatistarum
1252 2439 1369 2495 scissura
1382 2446 1450 2497 erat.
1465 2447 1567 2507 partem
1583 2435 1725 2507 qnamdam
1741 2436 1905 2490 tlatnrttaataa
1916 2435 1987 2489 circa
2001 2433 2093 2488 urbem
2107 2433 2174 2487 Car·

531 2535 639 2577 tetntam
654 2522 797 2593 occupans)
808 2525 841 2578 ad
855 2524 1014 2580 catholicam
1026 2526 1173 2583 Ecclesiam
1183 2543 1329 2586 cortrorsus
1341 2548 1347 2582 :
1361 2544 1440 2599 quem
1452 2528 1587 2583 Victorem
1602 2526 1733 2591 sennan,
1750 2525 1878 2580 llineentii
1890 2525 1971 2592 illins,
1985 2523 2031 2594 qui
2046 2532 2105 2593 post
2119 2522 2175 2576 na·

529 2604 619 2687 ga‘tum
633 2614 739 2669 lactioni
754 2614 1014 2687 ardannptataerat,
1031 2632 1153 2689 magram
1173 2619 1397 2674 existintnn'oocut
1421 2621 1550 2674 ltaetcnus
1567 2619 1656 2673 animo
1671 2627 1780 2681 tencre,
1795 2626 1825 2671 ut
1843 2632 1901 2671 eam
1915 2616 1950 2670 ob
1964 2629 2070 2670 cansam
2093 2613 2177 2684 ipsias

531 2699 641 2771 ttonten,
656 2721 733 2761 snnot
749 2706 861 2761 rultterit
877 2722 938 2763 esse
953 2722 1101 2778 cognomen
1118 2707 1165 2781 (a).
1180 2710 1229 2772 llic
1240 2711 1319 2780 igitur
1336 2710 1425 2766 licam
1437 2727 1496 2765 cnm
1512 2711 1538 2768 in
1554 2709 1695 2780 qainondam
1711 2709 1850 2779 Augustini
1874 2708 2045 2778 scriptionem
2066 2705 2177 2759 incidie·

520 2779 583 2862 ¹eet,
594 2811 647 2866 qtta
662 2796 705 2875 ille
718 2812 747 2850 su
759 2796 867 2867 quidum
882 2797 1004 2867 ignorare
1015 2798 1156 2865 ltttelrantr,
1172 2815 1206 2855 an
1219 2814 1313 2859 utttttes
1325 2801 1421 2858 animas
1433 2817 1466 2854 ex
1477 2815 1530 2855 tnta
1540 2799 1635 2856 bdaati
1647 2800 1734 2853 attinta
1747 2808 1936 2870 propagentur,
1952 2814 1985 2853 an
1996 2798 2107 2867 uirtgulis
2118 2797 2177 2865 qui·

532 2890 635 2962 busque
650 2887 802 2942 bominibus
816 2890 926 2960 singultu
941 2906 955 2943 a
972 2890 1037 2952 Deo,
1053 2891 1122 2946 sicut
1133 2891 1184 2960 ipsi
1205 2891 1318 2956 Adamu,
1330 2891 1387 2946 sinu
1403 2893 1595 2961 proprgatiurte
1606 2890 1718 2954 dentur;
1732 2888 1779 2943 sud
1795 2899 1883 2942 tamen
1897 2889 1967 2943 sciro
1987 2887 2103 2952 dicebat,
2118 2886 2177 2940 ani·

532 2996 604 3036 ruam
619 2990 712 3037 natura
727 2980 848 3050 spirinnn
864 2994 934 3044 esse,
949 2996 1002 3035 nott
1018 2996 1134 3051 corpus:
1150 2991 1291 3051 utrumque
1305 2980 1441 3050 displicuit
1454 2996 1487 3035 eat
1502 2997 1580 3049 taqua
1596 2979 1707 3043 Victori,
1721 2989 1748 3033 ut
1768 2978 1840 3048 qnod
1853 2978 2013 3047 tlttgttstintn
2032 2976 2070 3029 rir
2085 2982 2174 3028 ntntus

531 3073 566 3131 de
576 3075 673 3129 anim-u
686 3074 787 3144 origine
799 3073 862 3144 quid
877 3072 1019 3132 tenendum
1034 3072 1069 3130 sil
1083 3089 1137 3129 nun
1150 3075 1208 3130 sittu
1220 3074 1389 3131 cunctatione
1408 3072 1528 3136 dttceret,
1545 3071 1692 3141 praesertim
1709 3071 1927 3142 propagationem
1942 3068 2090 3123 anintarunt
2106 3068 2176 3121 reri·

531 3166 647 3222 similem
662 3181 721 3221 esse
736 3164 847 3230 ducens,
858 3173 885 3220 et
898 3165 970 3235 quoti
983 3165 1080 3220 animae
1091 3174 1214 3220 naturam
1223 3176 1410 3225 assoreranter
1421 3164 1603 3232 protnttttiarut
1615 3164 1811 3231 incorpoream.
1827 3162 1896 3228 Ergo
1908 3159 2036 3214 adsersus
2051 3158 2178 3225 tntgusti-

533 3274 598 3314 nunt
609 3258 659 3312 bac
673 3256 706 3316 de
721 3273 751 3311 rc
766 3256 932 3324 euttscriptos
942 3256 1010 3313 riuus
1019 3256 1101 3311 libros
1115 3256 1195 3311 Petro
1209 3255 1327 3326 ilispanu
1340 3255 1497 3326 presbytero
1515 3253 1692 3322 nuncuparit,
1707 3253 1802 3322 placita
1814 3250 2001 3306 hereticorum
2019 3247 2176 3315 l’elagianu-

533 3366 593 3423 gum
604 3340 741 3415 tnnt'nnlla,
755 3358 781 3403 et
794 3349 844 3403 alia
860 3349 892 3404 iis
906 3348 995 3422 pclare
1009 3349 1187 3403 continentes.

568 3441 688 3498 nortatus
709 3439 855 3494 mottaeltns
865 3481 873 3505 ,
885 3440 929 3510 qui
949 3436 1079 3495 Caesarea
1099 3448 1162 3494 tunc
1175 3447 1243 3502 crat,
1257 3438 1327 3493 Mem
1351 3436 1406 3499 ille,
1421 3445 1448 3490 ut
1468 3434 1582 3500 ridetur,
1595 3433 1641 3518 qul
1660 3431 1809 3501 Augustino
1822 3430 1848 3484 in
1862 3428 1954 3483 eadem
1970 3426 2036 3481 urbe
2050 3434 2178 3479 atttutnno

534 3535 596 3606 attni
610 3534 662 3589 tttl
676 3523 809 3594 existenti,
826 3529 914 3602 Optati
930 3530 1048 3600 episcopi
1062 3529 1096 3584 de
1110 3529 1205 3585 attinne
1224 3528 1327 3598 origitte
1342 3527 1508 3582 consulentis
1526 3513 1666 3595 epistulam
1678 3523 1837 3579 exhibuerat
1850 3519 1886 3592 (ι)
1899 3537 1906 3573 :
1921 3520 1965 3574 bic
1983 3518 2072 3588 itaque
2084 3530 2118 3569 ex
2131 3529 2178 3569 or-

476 3635 479 3639 ·
533 3617 597 3678 (line
617 3621 724 3693 quidem
741 3620 879 3686 laicorum,
896 3619 943 3675 sed
967 3619 1018 3676 lule
1031 3619 1173 3675 adtnodutn
1196 3619 1362 3685 ortltodota,
1378 3617 1527 3687 descriptor
1541 3616 1684 3685 diiigenter
1698 3614 1806 3668 eandem
1831 3612 1912 3665 libros
1927 3603 2041 3664 l'icnrrls
2057 3604 2179 3661 Caesarea
2284 3599 2292 3616 '

535 3715 682 3786 {lipponetn
697 3714 841 3771 transmisit
855 3713 945 3768 astina
961 3722 1138 3788 tempestate:
1153 3728 1220 3783 quos
1242 3723 1330 3767 ttttnen
1351 3720 1465 3768 exeunte
1487 3719 1588 3764 tatttnm
1606 3719 1735 3763 atttuunto
1753 3709 1857 3777 accepit
1870 3705 2052 3777 tittgnstinns,
2066 3719 2136 3757 atrato
2149 3710 2180 3759 ut

536 3814 628 3876 putant
643 3805 706 3866 419.
724 3805 782 3859 ilos
797 3813 823 3858 ut
839 3805 897 3859 illos
912 3805 975 3874 legit
988 3813 1095 3861 sanctus
1117 3805 1225 3870 Ductor,
1250 3805 1365 3874 pritnnm
1385 3818 1419 3860 er
1439 3815 1553 3873 quantor
1569 3803 1794 3871 satteeqnentnus
1809 3801 1884 3857 libris
1902 3801 1960 3861 titre
1979 3799 2030 3854 ulla
2052 3797 2180 3853 dilatione

535 3893 695 3964 conscripsit
710 3893 742 3947 ad
756 3893 887 3953 lienatnnt
901 3894 1082 3952 tnunaclntm:
1097 3895 1242 3949 secundum
1258 3893 1365 3960 deirnle,
1379 3895 1500 3964 epistulas
1513 3893 1613 3959 lot-ma,
1628 3894 1661 3947 ad
1677 3894 1783 3949 trecenta
1805 3893 1990 3965 praeltyterum
2009 3908 2017 3945 :
2035 3890 2104 3945 datos
2115 3903 2180 3944 reru

537 3995 685 4052 postremos
699 3982 731 4038 ad
746 3983 830 4053 ipsum
845 3983 989 4051 Victorem,
1003 3984 1050 4040 sed
1064 3985 1198 4056 aliquantu
1213 3995 1271 4055 post
1284 3994 1415 4054 tempore,
1431 3996 1459 4039 ut
1470 4000 1503 4042 ex
1518 3987 1570 4041 illis
1583 3986 1740 4059 irrtelligitnr
1757 3986 1847 4041 ternis
1861 3985 1921 4040 libri
1934 3983 1963 4051 Ξ,
1979 3999 2007 4039 n.
2022 3985 2049 4046 t,
2075 3981 2106 4038 sl
2130 3996 2179 4058 aa·

536 4083 584 4145 retu
599 4073 724 4137 Dantinua
746 4074 862 4138 notauit,
879 4082 905 4127 nt
922 4074 956 4130 ud
968 4073 1041 4128 illum
1053 4075 1137 4143 ipsum
1146 4076 1264 4143 iuuenem
1282 4074 1400 4142 scribant,
1416 4077 1481 4131 elcut
1495 4076 1619 4131 deaideru.
1644 4077 1671 4130 bt
1690 4061 1933 4131 {detractationibus
1958 4077 2016 4129 baec
2039 4070 2180 4143 Augustini

537 4164 686 4239 lucubratio
698 4165 820 4239 pratitae
832 4167 882 4221 sub
894 4167 1029 4240 opusculis
1042 4168 1106 4234 anni
1128 4168 1181 4228 tta
1195 4175 1359 4235 menuctus,
1379 4169 1473 4238 quintu
1494 4168 1620 4224 videlicet
1639 4169 1698 4222 locu
1716 4176 1776 4238 post
1797 4166 1877 4222 Gesta
1890 4182 1952 4222 ctnn
1967 4166 2178 4232 Bromiumque

539 4254 607 4330 apud
622 4253 772 4325 Caesaream
786 4271 856 4328 anno
868 4258 930 4327 tta,
945 4273 1039 4325 mense
1052 4259 1199 4329 septembri
1211 4258 1407 4323 conteneant
1421 4276 1428 4312 a
1445 4260 1562 4328 pertinet
1574 4260 1661 4330 itaque
1671 4259 1705 4315 ad
1719 4259 1800 4314 linere
1815 4259 1879 4313 anni
1889 4258 1953 4322 tta,
1968 4273 2015 4313 seu
2027 4256 2061 4311 ad
2075 4255 2178 4311 initium

537 4345 599 4420 liti,
611 4347 711 4421 scripta
723 4359 782 4419 post
794 4349 951 4420 Pelagianos
966 4351 1140 4418 conciliorum
1153 4352 1344 4411 canottconan
1356 4362 1384 4409 el
1401 4353 1479 4413 Sedis
1492 4354 1654 4425 spostolicae
1667 4354 1888 4426 auctoritatejam
1904 4352 2011 4425 quidam
2026 4353 2178 4418 damnatos,

538 4439 583 4496 aed
597 4441 754 4511 nuperrime
767 4443 803 4516 (c)
821 4463 828 4498 z
844 4445 914 4515 qnod
927 4460 998 4503 anno
1013 4445 1112 4502 Christi
1123 4447 1176 4503 tte
1189 4446 1304 4505 feliciter
1317 4450 1475 4520 contigerat.
2004 4446 2010 4455 ’

571 4531 599 4586 ln
613 4533 701 4604 primo
715 4534 783 4588 libro
796 4533 828 4588 ad
843 4534 974 4596 Renatum
988 4538 1098 4607 scripto,
1114 4538 1282 4597 dantumnat
1293 4555 1368 4596 suam
1381 4542 1416 4597 de
1428 4543 1525 4597 animae
1544 4551 1637 4598 natura
1651 4545 1831 4610 scnnntiam,
1846 4552 1872 4600 et
1889 4541 1923 4598 de
1944 4540 2063 4611 ejusdem
2076 4537 2180 4609 origine

538 4625 732 4679 cunctationem
747 4624 842 4699 injuria
858 4627 1016 4697 reprebendi
1031 4643 1047 4683 a
1064 4628 1180 4691 Victore.
1195 4630 1344 4687 lut'enilem
1361 4643 1470 4691 coercet
1484 4635 1600 4690 bominis
1612 4637 1791 4706 arrogantiam
1803 4678 1811 4700 ,
1824 4650 1904 4706 qttem
1920 4636 1946 4688 in
1966 4650 2071 4689 errttrrs
2085 4643 2180 4702 grates

539 4727 567 4769 ac
579 4714 725 4782 inauditos,
736 4716 799 4773 dunt
816 4718 989 4787 questionem
1014 4718 1169 4775 soluendam
1188 4734 1251 4778 snas
1264 4724 1333 4778 rires
1346 4724 1520 4788 excedentem
1534 4726 1669 4794 suscipere
1682 4725 1773 4790 audet,
1789 4725 1941 4794 prolapsum
1955 4721 2085 4786 ostendit;
2101 4727 2182 4788 atque

540 4805 633 4874 ipsum,
651 4816 680 4860 ut
692 4817 791 4864 statuat
804 4811 906 4869 anltnns
918 4827 971 4866 nort
985 4827 1017 4867 ox
1033 4814 1178 4892 propagine
1186 4813 1255 4879 tiori,
1268 4814 1315 4869 sed
1330 4830 1414 4871 ouras
1423 4815 1534 4888 singulis
1544 4816 1740 4871 nascetuibusa
1756 4815 1812 4871 Deo
1824 4814 1965 4880 insultlarl,
1980 4811 2180 4883 Scripturaruut

541 4897 689 4952 testimonia
703 4900 825 4957 conterre
837 4901 970 4976 ambigua,
988 4919 1038 4960 nec
1048 4905 1080 4959 ad
1093 4919 1153 4964 eum
1167 4921 1224 4963 rem
1235 4909 1301 4962 satis
1314 4906 1420 4961 Manca.

572 4991 743 5058 insecundo,
758 4992 866 5052 Petrum
877 4997 1014 5062 admottet,
1028 5011 1061 5053 nc
1073 4996 1234 5061 committat,
1248 5005 1278 5052 ut
1289 4997 1373 5053 libros
1382 4997 1417 5053 de
1428 4996 1525 5053 aalma
1536 4997 1664 5069 ongioca
1679 4997 1786 5053 Victore
1798 4996 1831 5052 ad
1845 4997 1931 5067 ipsum
1943 4997 2056 5068 scriptos
2069 4992 2180 5049 laudan·

542 5082 572 5140 do
583 5085 758 5157 approbasse,
775 5095 821 5141 aut
832 5103 891 5160 quac
906 5098 1008 5145 temere
1019 5091 1126 5158 jttrcais
1138 5091 1182 5146 ille
1201 5090 1382 5161 protntntiarit
1397 5090 1458 5146 tidei
1473 5091 1626 5145 cltristianae
1639 5091 1784 5157 cotttraria,
1798 5105 1848 5160 pro
1859 5089 2027 5160 dogmatibus
2043 5085 2182 5145 catltolicifl

542 5172 636 5232 babeoe
650 5176 827 5233 existimetur.
843 5177 956 5246 Etruros
967 5180 1080 5236 Victoris
1092 5182 1193 5251 rarius,
1204 5196 1304 5251 eosque
1318 5182 1491 5252 grauissimos
1501 5189 1585 5251 notat,
1598 5192 1625 5239 et
1634 5183 1724 5239 uerbis
1736 5182 1857 5238 conlutat
1868 5182 1969 5252 paucis.
1984 5182 2063 5237 Petro
2072 5179 2181 5235 demum
2250 5207 2253 5210 <

543 5264 587 5342 ipsi
597 5266 704 5343 suadet,
720 5275 749 5320 nt
762 5264 895 5324 Victorem
908 5268 941 5322 ad
952 5284 1000 5327 eos
1013 5272 1187 5343 corrigendus
1203 5272 1330 5340 adducat.

573 5357 601 5412 ln
612 5359 705 5425 tertio,
715 5359 748 5415 ad
762 5359 849 5430 ipsum
863 5360 999 5419 ttcttnora
1014 5363 1124 5434 scripto,
1137 5375 1269 5425 monstrat
1277 5383 1401 5438 quasnam
1414 5367 1440 5422 io
1454 5367 1510 5423 stris
1523 5368 1699 5426 Victor-libris
1708 5368 1853 5425 emendare
1864 5369 1970 5434 debeat,
1980 5367 2002 5422 si
2012 5366 2075 5422 uelit
2089 5363 2181 5421 baberi

542 5448 686 5507 ettboi'tcns
702 5467 709 5504 ι
726 5458 810 5524 caque
823 5453 905 5524 ipsius
920 5452 1015 5524 placita
1034 5463 1059 5509 et
1076 5455 1227 5523 paratiora,
1242 5456 1268 5512 iu
1282 5458 1465 5530 superioribus
1476 5458 1510 5513 ad
1525 5458 1657 5514 Retratum
1670 5469 1698 5516 et
1714 5459 1747 5519 ad
1760 5458 1868 5518 numm
1882 5456 2022 5527 iibrisjam
2032 5451 2179 5518 attitulata,

544 5537 589 5594 itae
600 5540 679 5595 tertio
692 5540 760 5595 libro
776 5542 930 5612 perstringit
943 5542 1070 5609 breuiter,
1083 5545 1155 5608 etad
1171 5547 1294 5604 undecim
1308 5563 1431 5605 enorum
1442 5549 1527 5619 capita
1538 5558 1656 5605 rerocn.

573 5630 601 5686 ln
616 5641 713 5703 quartu
726 5632 760 5702 ad
773 5635 897 5690 entndent
913 5634 1045 5691 illatorum
1059 5636 1138 5702 libro,
1150 5638 1264 5709 minum
1277 5642 1475 5697 eumtatioaem
1488 5655 1563 5696 suam
1579 5640 1614 5697 de
1623 5642 1773 5698 animarum
1786 5638 1890 5710 urigine
1905 5638 2039 5694 immerito
2062 5634 2179 5706 culpari,

542 5735 620 5793 teque
634 5723 668 5779 ab
682 5724 754 5794 ipso,
770 5725 832 5794 quia
847 5725 912 5780 nibil
934 5725 994 5786 binc
1013 5726 1125 5781 delinire
1139 5742 1221 5785 ausus
1235 5729 1279 5794 sit,
1294 5729 1390 5800 iniuria
1405 5731 1548 5802 pecoribus
1559 5731 1710 5802 comparari
1724 5730 1901 5787 demonstrat.
1918 5728 2018 5784 Deinde
2031 5741 2094 5782 rero
2108 5723 2180 5796 quod

543 5811 724 5871 incunctanter
733 5817 905 5882 asseuerauit,
920 5819 1035 5877 animatu
1047 5816 1170 5888 spiritum
1184 5834 1253 5884 esse,
1266 5835 1318 5875 nott
1331 5837 1438 5893 eorpus,
1450 5823 1500 5880 boc
1511 5833 1611 5878 temere
1621 5824 1700 5878 etiam
1712 5820 1854 5893 improbari
1865 5834 1880 5875 a
1891 5818 2008 5883 Victore,
2022 5826 2052 5873 ιιι
2063 5816 2181 5892 aninum

542 5919 695 5982 eorpmearo
709 5919 803 5965 natura
815 5924 873 5977 soa,
888 5919 915 5966 et
927 5911 1050 5981 spiritum
1062 5912 1096 5966 ab
1112 5913 1167 5982 ipsa
1181 5913 1272 5967 anitna
1286 5914 1311 5969 in
1325 5915 1434 5973 bomine
1444 5916 1597 5973 ttistinctum
1612 5932 1683 5982 esse,
1699 5915 1770 5970 inani
1785 5923 1882 5971 conatu
1896 5920 2054 5984 proprtgnet.

579 5999 621 6061 ln
636 5999 734 6070 librae
749 6009 889 6084 quotuor
915 6002 954 6067 de
975 6004 1132 6065 Animact
1157 6004 1226 6084 ejus
1242 6005 1384 6086 Origine,
1400 6009 1469 6070 ride
1481 6007 1535 6072 lib.
1551 6009 1582 6081 2,
1608 6020 1675 6088 cap.
1691 6006 1742 6078 56,
1756 6005 2045 6081 Retractaliouum,
2059 6012 2134 6066 tuat.
2152 6002 2181 6077 ι,

545 6078 599 6160 cul.
614 6079 687 6151 653,
711 6080 855 6150 annon,
871 6081 990 6143 Eodem
1006 6087 1160 6160 tempore,
1188 6085 1335 6164 usquead
1348 6086 1450 6162 amba,
1469 6081 1678 6165 scribendum
1697 6085 1819 6168 pulani.
1861 6084 1904 6147 bl.

572 6200 608 6381 qq}
624 6201 683 6251 tide
696 6200 766 6262 lutra,
777 6202 820 6252 lib.
832 6203 857 6260 3,
870 6216 895 6253 n.
909 6201 933 6253 2.

583 6337 595 6372 1·

624 6263 682 6312 ride
694 6265 817 6327 augustini
833 6262 959 6325 epistolam
979 6263 1030 6321 tna,
1047 6277 1071 6319 rt,
1086 6264 1106 6312 ι.

625 6325 681 6374 tile
693 6326 763 6396 lnt'ta,
777 6327 818 6375 tib.
829 6325 852 6390 t,
865 6340 890 6374 n.
906 6326 942 6389 ιι,
956 6332 981 6376 et
993 6327 1036 6375 tib.
1052 6325 1073 6386 l,
1084 6338 1109 6375 a.
1122 6324 1162 6391 31,
