5592 7350
560 884 611 940 till

560 995 657 1055 sialiter
667 995 725 1069 lege
736 993 838 1069 peceati
852 1001 954 1049 reatum
968 989 1026 1062 ejus
1038 991 1104 1047 solvi
1115 1006 1164 1061 per
1176 990 1288 1062 gratiam
1301 990 1352 1047 Sa-

557 1085 698 1144 ennensi.
709 1086 784 1143 Sicut
796 1084 867 1141 enim
879 1081 948 1139 laeta
962 1090 989 1139 ct
1000 1084 1071 1138 dieta
1084 1091 1111 1138 et
1121 1083 1234 1155 cogitma
1247 1082 1349 1153 iniqua,

557 1185 687 1252 quantum
699 1175 733 1231 ad
748 1175 820 1247 ipsos
841 1183 929 1228 motus
941 1172 1022 1228 animi
1041 1179 1069 1228 et
1082 1172 1203 1243 corporis
1216 1174 1350 1243 pertinet,

555 1269 613 1340 lam
629 1266 815 1339 praeterierunt
824 1272 851 1318 et
861 1277 915 1317 non
925 1270 1003 1327 suut;
1018 1262 1058 1317 eis
1070 1270 1159 1317 ιιιιιειι
1171 1262 1314 1333 praeteritis
1325 1270 1352 1318 ει

558 1374 613 1416 uon
629 1369 684 1414 tum
697 1355 872 1414 existentibus
888 1361 977 1410 reatus
989 1368 1084 1409 corum
1102 1363 1210 1419 manet,
1224 1354 1275 1409 nisi
1288 1367 1352 1423 pce-

561 1459 681 1508 catorum
703 1446 860 1504 remissione
875 1444 995 1499 solvatur
1008 1461 1015 1499 ι
1030 1444 1069 1498 sic
1080 1451 1172 1499 contra
1189 1443 1216 1499 io
1236 1442 1286 1498 lrac
1299 1455 1352 1498 non

555 1543 612 1612 jam
625 1539 769 1611 preterita,
784 1538 831 1592 sed
846 1535 933 1591 adbuc
949 1544 1075 1592 manente
1088 1534 1148 1605 lege
1158 1535 1352 1606 concupiscen-

559 1635 613 1697 tie,
629 1639 720 1687 reatus
735 1629 794 1699 ojrrs
807 1628 928 1694 solvitur,
944 1634 971 1682 et
988 1640 1042 1680 non
1056 1625 1123 1690 erit,
1137 1640 1197 1680 eum
1212 1624 1242 1679 dt
1263 1626 1289 1680 in
1303 1624 1354 1680 aa·

558 1725 657 1795 ptismo
667 1724 746 1795 plena
761 1722 883 1778 remissio
896 1729 1077 1792 pcccatorum.
1096 1717 1217 1788 Derrlquc
1228 1717 1251 1772 si
1265 1718 1352 1772 conti·

558 1832 614 1874 nuo
625 1822 804 1886 consequatur
816 1812 849 1868 ab
864 1812 914 1867 lrac
926 1811 979 1865 vita
991 1808 1149 1881 emigratio,
1163 1824 1214 1862 non
1230 1808 1281 1863 erit
1293 1821 1352 1861 om-

559 1906 622 1963 nino
639 1906 711 1978 quod
726 1905 869 1961 obnoxium
884 1903 1020 1958 homiuem
1034 1909 1134 1967 teneat,
1156 1899 1249 1955 solutis
1263 1899 1353 1954 omni·

557 2000 609 2057 bus
622 2016 682 2072 quae
692 2000 826 2055 tenebunt.
836 1996 911 2052 Sicut
924 2010 988 2065 ergo
1002 2009 1055 2048 non
1068 2001 1110 2049 est
1122 1991 1230 2059 mirum,
1245 1998 1354 2060 practer·

554 2091 656 2150 itorum
674 2091 818 2156 dictorum,
841 2086 984 2154 laetorum,
1006 2091 1087 2155 atque
1101 2081 1277 2154 cogitatorum
1292 2094 1353 2135 rea-

558 2192 615 2238 tum
635 2196 743 2237 manere
755 2187 818 2234 ante
832 2185 1002 2250 pcccatorum
1017 2172 1221 2230 remissionem:
1238 2170 1277 2226 sic
1287 2184 1353 2225 ειιιι-

558 2286 599 2331 tra
615 2290 668 2330 non
681 2272 762 2329 debet
774 2287 835 2328 esse
849 2271 965 2335 mirum,
986 2266 1119 2322 manentis
1131 2262 1354 2333 coricupiseentiae

558 2374 663 2421 reatum
678 2364 814 2433 praeterire
826 2369 887 2432 post
899 2367 1069 2432 peccatorum
1083 2354 1282 2411 remissionem.

593 2456 709 2514 catur
728 2454 910 2513 xilla-tt.
926 2450 1020 2508 Omnes
1033 2447 1207 2522 predestinati
1219 2461 1354 2519 perunum

473 2579 476 2583 ·
559 2548 723 2602 ntediatorem
743 2544 871 2602 Christum
888 2552 913 2597 et
932 2558 978 2613 per
996 2556 1074 2593 unam
1094 2536 1256 2607 canonemque
1279 2535 1354 2603 fidem

521 2636 527 2648 '
557 2638 699 2694 uisuntur.
713 2635 884 2689 Paruulorunt
896 2647 994 2703 quoque
1011 2629 1122 2684 solamur
1135 2627 1261 2681 Christus.
1280 2622 1356 2680 Clari-

557 2739 614 2786 stus
627 2730 702 2786 etiam
716 2729 802 2800 inform
815 2724 961 2798 ignorantia
972 2722 1054 2777 caruit
1071 2730 1094 2775 et
1104 2719 1182 2773 animi
1195 2718 1353 2787 infirmitate.

559 2819 626 2890 Qum
639 2836 699 2876 cum
714 2820 749 2874 ita
762 2819 826 2882 sint,
839 2831 872 2872 ex
885 2830 940 2886 quo
951 2828 1002 2884 pcr
1012 2825 1094 2867 unum
1108 2810 1243 2865 bominem
1260 2821 1355 2876 pecca-

559 2925 616 2974 tum
644 2912 752 2968 iutravit
777 2910 804 2965 ln
832 2907 903 2963 bunc
929 2904 1068 2967 mundum,
1095 2910 1123 2956 et
1144 2915 1191 2971 pcr
1219 2907 1356 2969 peccatum

560 2987 687 3071 morcht
701 3002 737 3057 ita
751 3002 776 3056 in
792 3014 885 3055 omnes
903 2998 1027 3074 immines
1044 2992 1194 3082 pertransiit
1215 2988 1314 3065 (llam.
1327 3005 1355 3054 v,

560 3094 626 3166 li),
641 3094 727 3163 usque
751 3090 777 3144 in
792 3090 872 3144 linem
894 3084 1010 3141 carnalis
1032 3082 1109 3154 liujus
1128 3078 1310 3151 generationis
1329 3086 1357 3133 ct

559 3182 743 3254 corruptibllis
753 3180 854 3245 seculi,
866 3176 942 3248 cuius
954 3176 1000 3230 dlii
1010 3180 1138 3246 generant
1148 3180 1174 3226 et
1185 3181 1355 3242 generantur,

551 3275 634 3332 ‘nullo
647 3274 777 3330 existente
796 3269 904 3325 bomine
920 3266 955 3323 de
971 3280 1024 3336 quo
1043 3264 1070 3318 in
1084 3262 1136 3317 bac
1147 3262 1199 3317 vita
1213 3261 1357 3315 constituto

551 3365 695 3422 vveraciter
707 3361 758 3417 dici
770 3360 863 3430 possit,
876 3355 948 3429 quod
958 3355 1059 3410 nullum
1073 3352 1170 3408 lrabeat
1180 3350 1358 3419 omninopec-

560 3467 668 3522 εειιιιιι,
682 3461 793 3526 excepto
806 3466 860 3508 uno
876 3447 1040 3513 llediatore,
1055 3443 1101 3516 qui
1114 3458 1162 3499 nos
1175 3440 1294 3499 creatori
1308 3451 1358 3496 nu·

562 3557 620 3605 stro
640 3562 690 3619 per
702 3543 888 3602 remissionem
909 3537 1066 3595 reconciliat
1085 3542 1252 3606 peccatorum
1264 3550 1272 3588 a
1286 3532 1357 3589 idem

562 3639 621 3715 tpve
634 3638 763 3694 Dominus
777 3642 869 3692 noster
888 3629 959 3689 banc
971 3643 1046 3685 suam
1067 3626 1198 3682 medelam
1220 3624 1299 3681 nullis
1312 3640 1359 3696 gc·

562 3730 637 3788 neris
647 3726 755 3784 humani
767 3721 931 3795 temporibus
939 3727 1002 3775 ante
1011 3717 1133 3773 ultimum
1145 3717 1262 3772 loturum
1271 3716 1359 3771 adbuc

561 3804 691 3894 iudicium
704 3814 847 3888 denegavit
864 3813 922 3879 eis,
936 3824 1003 3884 quos
1023 3823 1072 3879 per
1088 3807 1264 3864 certissimam
1288 3821 1357 3877 prae·

562 3911 701 3969 scientiam
716 3917 743 3965 et
762 3905 878 3962 laturam
894 3898 1116 3959 beneticentiam¹
1129 3913 1220 3953 secum
1232 3904 1359 3968 regnatu·

562 4018 608 4059 ros
620 4003 647 4058 in
658 4000 738 4056 vitam
748 3993 1096 4069 pradestinavitaeternam.
1109 3987 1230 4059 Namque
1244 3994 1306 4041 ante
1316 4001 1359 4039 na·

562 4096 692 4152 tivitatem
703 4092 792 4149 carnis
803 4087 1037 4155 iullrmitutcmque
1051 4079 1184 4154 passionis
1193 4087 1220 4134 et
1232 4077 1358 4133 uirtutem

552 4185 767 4248 -resurrcctionis
785 4198 856 4248 sum,
873 4194 965 4237 earum
980 4190 1069 4232 rerum
1082 4173 1230 4233 suturarum
1244 4171 1298 4227 ude
1311 4185 1359 4228 eos

563 4281 608 4354 qui
624 4275 824 4339 tabescerent,
842 4268 1001 4328 informabat
1019 4265 1054 4324 ad
1068 4264 1251 4321 increditatem
1264 4262 1359 4318 salutis

563 4380 689 4437 ruteniam
707 4381 819 4440 qrrarum
834 4378 922 4420 rerum
943 4357 1113 4432 praesentium
1137 4354 1189 4410 llde
1208 4352 1360 4408 inlormavit

564 4476 613 4519 eos
625 4460 671 4533 qui
685 4473 746 4515 cum
760 4461 918 4528 gererentur
929 4449 1059 4516 aderant,
1074 4454 1156 4517 atque
1171 4443 1276 4515 impleri
1291 4458 1360 4513 prae·

564 4549 807 4614 dietacernebant;
817 4556 928 4617 quarum
937 4540 1016 4596 etiam
1029 4537 1223 4608 praeteritarum
1235 4532 1287 4589 dde
1295 4531 1305 4565 ⁸
1314 4532 1359 4604 qui

564 4652 657 4714 postea
666 4638 787 4702 luerunt,
798 4645 825 4691 et
834 4649 885 4691 nos
895 4633 978 4703 ipsos,
989 4637 1016 4686 ει
1027 4628 1072 4702 qui
1085 4625 1182 4683 deinde
1195 4624 1275 4680 loturi
1286 4633 1360 4691 sunt,

566 4733 712 4791 informare
727 4744 779 4785 non
794 4733 891 4784 cessat.
911 4721 969 4781 una
983 4735 1046 4792 crgo
1060 4718 1127 4774 lldes
1141 4725 1184 4773 est
1197 4731 1256 4788 quae
1267 4729 1361 4772 omnes

565 4826 654 4883 salvos
676 4822 748 4889 lacit,
765 4821 809 4892 qui
824 4835 857 4876 ex
878 4815 979 4874 carnali
998 4811 1171 4885 generatione
1188 4809 1362 4883 spiritualiter

565 4911 772 4978 mirascuntur⁸,
789 4909 929 4965 terminata
942 4906 968 4960 in
982 4920 1015 4961 co
1029 4904 1073 4973 qui
1088 4903 1160 4957 venit
1170 4917 1218 4973 pro
1231 4900 1308 4956 nobis
1318 4899 1362 4971 ju·

565 5004 649 5062 dicari
659 5011 687 5059 ct
701 5001 781 5065 mori,
792 4999 875 5073 judex
885 4996 1005 5052 vivorum
1018 5005 1045 5050 et
1055 5002 1233 5049 mortuorum.
1246 4991 1300 5049 Sed
1312 4991 1362 5047 lm·

563 5101 610 5166 jus
630 5091 711 5151 rrnlus
731 5089 793 5145 lldei
815 5094 863 5160 pr'o
885 5085 1086 5158 significationis
1103 5085 1301 5155 opportunitate
1314 5098 1362 5155 per

566 5170 641 5246 varia
655 5194 775 5256 tempora
786 5187 952 5238 sacramenta
965 5178 1066 5233 variata
1075 5186 1147 5232 sunt.

601 5278 648 5337 db.
673 5276 747 5332 ldcm
776 5273 834 5345 ipse
857 5271 946 5342 itaque
972 5268 1094 5324 Salvator
1121 5273 1163 5322 est
1190 5266 1361 5337 parvulorum

567 5384 648 5447 atque
674 5371 829 5441 majorum,
853 5365 887 5420 de
910 5377 963 5436 quo
984 5360 1110 5417 dixerunt
1137 5358 1251 5430 Angeli,
1279 5357 1362 5414 Nuus

568 5476 604 5524 est
616 5466 684 5522 caiis
699 5462 774 5519 bodie
786 5458 898 5516 salrator
915 5454 999 5528 (bue.
1021 5469 1057 5522 ιι,
1072 5449 1144 5528 ill:
1159 5459 1188 5508 ει
1207 5451 1240 5508 ιιε
1254 5466 1308 5525 quo
1322 5450 1363 5506 di·

533 5562 542 5583 '
567 5569 640 5617 sturm
660 5566 701 5614 est
718 5554 752 5611 ad
771 5553 900 5625 virginem
922 5549 1049 5614 llariam,
1074 5544 1288 5602 Varatunnum
1307 5543 1363 5616 ejus

568 5651 678 5715 Iesum:
703 5648 758 5720 ipse
780 5647 847 5701 enim
870 5641 967 5698 saluum
993 5638 1069 5709 saciet
1097 5636 1219 5709 papulum
1244 5651 1319 5690 suum
1346 5650 1364 5687 ιι

569 5740 678 5814 uocatis
695 5733 901 5806 eorumlllattls.
917 5749 935 5801 r,
949 5731 997 5804 al)
1014 5751 1022 5786 ε
1037 5728 1082 5784 ubi
1092 5735 1184 5799 aperte
1195 5725 1363 5781 demonstra·

570 5843 695 5899 tumeat,
715 5847 777 5890 eum
793 5831 844 5885 lroc
858 5827 976 5891 nomine,
993 5839 1047 5896 quo
1057 5819 1205 5893 appellatus
1219 5825 1261 5873 est
1274 5816 1361 5880 Jcsus,

604 5943 692 5998 Ιιιιιιιι.
700 5950 722 5995 et
729 5938 889 6007 justiusnum
900 5931 1182 6002 miserrimarum
1194 5925 1271 5977 noent
1279 5939 1365 5997 omnes

571 6007 728 6070 manusertpti
745 6000 993 6060 autumaverunt,
1006 5995 1140 6060 solelebat
1150 5991 1258 6055 Ιιιιιιιιιιιι
1276 5988 1365 6053 teup-

571 6071 690 6130 eeatium3
702 6067 752 6124 vel,
763 6060 962 6128 benefacientiam.

604 6131 696 6191 ¹talisi,
713 6124 893 6195 ριιιιιειιιιιτιιιιι
904 6132 988 6173 rerum
1005 6115 1065 6184 fide.
1084 6115 1166 6174 ιιιειιι,
1179 6123 1270 6172 rerum,
1289 6122 1367 6161 sma-

572 6196 829 6306 ouqclrlgptsss.0¹nni¹'''s
848 6254 902 6298 vtss.
928 6252 956 6296 ιι
977 6242 1002 6300 ιιι
1019 6237 1093 6291 edids
1108 6235 1256 6298 legebatur,
1273 6246 1315 6297 qur
1335 6246 1367 6285 er

572 6315 668 6369 rimati·
692 6313 843 6380 aneratiue
868 6309 895 6361 in
920 6300 1071 6374 spiritualem
1099 6298 1247 6349 renascendo
1274 6296 1368 6347 salivan-

566 6393 619 6431 lm.
1037 6430 1045 6462 Ι

903 876 948 933 bl:
967 874 1200 934 reccatuttult
1219 875 1359 933 daultts
1378 875 1423 931 ET
1443 875 1657 946 nelttsstortu,
1675 878 1706 935 S·
1726 879 1908 937 tucusvla't

2144 885 2198 946 tab

1405 1000 1515 1062 propter
1533 993 1646 1051 salutem
1665 1011 1744 1066 quam
1759 994 1836 1051 nobis
1857 996 1964 1065 tribuit,
1985 999 2132 1066 nominari;
2150 1001 2198 1060 de·

1405 1096 1452 1137 aus
1469 1082 1582 1153 quippe,
1607 1085 1690 1140 latine
1711 1084 1834 1141 Salvator
1852 1096 1903 1143 est.
1923 1086 1989 1157 Quis
2000 1097 2042 1145 est
2062 1091 2197 1168 igiturqul

1405 1170 1502 1228 audeat
1519 1174 1608 1231 dicere
1620 1175 1762 1231 Dominum
1778 1175 1912 1232 Christum
1930 1188 2030 1236 tantiam
2052 1181 2199 1251 majoribus

1406 1276 1459 1317 non
1470 1262 1551 1318 etiam
1564 1265 1680 1332 parvulis
1689 1279 1750 1322 esse
1763 1266 1875 1323 Jesuml
1886 1270 1932 1341 qui
1944 1269 2053 1327 venitin
2067 1271 2194 1330 similitu-

1406 1349 1468 1406 dine
1483 1353 1571 1406 carnis
1590 1355 1702 1424 pcccati,
1727 1363 1757 1410 ot
1769 1366 1910 1414 evacuaret
1924 1361 2152 1432 corpuspeecati,
2172 1363 2200 1419 in

1406 1456 1459 1512 quo
1481 1442 1664 1499 indrmissimo
1681 1445 1746 1500 nulli
1762 1446 1822 1503 usui
1842 1450 1968 1520 congruis
1983 1451 2024 1506 vcl
2040 1452 2143 1509 idoneis
2156 1453 2200 1509 in·

1406 1529 1542 1589 l'antilibus
1555 1535 1693 1605 membris,
1704 1537 1793 1591 anima
1808 1538 1947 1594 rationalis
1962 1541 2107 1598 miserabili
2126 1544 2202 1614 igno·

1406 1626 1493 1681 nantia
1513 1638 1703 1697 praegravatur.
1726 1627 1810 1696 Quam
1832 1630 1910 1700 plane
1932 1633 2108 1700 ignorantiam
2126 1635 2204 1690 nrrllo

1406 1716 1487 1771 modo
1507 1716 1666 1773 crediderim
1681 1717 1763 1775 luisse
1780 1719 1806 1774 in
1821 1720 1996 1789 intanteitto,
2020 1723 2046 1776 in
2065 1739 2119 1793 quo
2131 1724 2201 1781 Ver·

1406 1805 1469 1861 bum
1489 1821 1554 1862 caro
1576 1805 1674 1861 laetvrm
1689 1816 1746 1872 est,
1771 1817 1801 1864 ut
1823 1808 1958 1865 babitaret
1982 1811 2008 1865 in
2031 1814 2125 1880 nobis,
2149 1829 2202 1871 nec

1406 1897 1479 1953 illam
1503 1897 1586 1968 ipsius
1607 1898 1690 1953 animi
1713 1899 1894 1956 infirmitatem
1913 1901 1940 1955 in
1960 1901 2069 1959 Christo
2091 1906 2201 1975 parvulo
2277 1943 2279 1948 -

1407 1987 1502 2043 luerim
1519 1990 1688 2059 suspicatus,
1711 2005 1791 2061 quam
1812 1991 1933 2050 videmus
1955 1992 1981 2046 in
1995 1993 2123 2064 parvulis.
2148 1993 2202 2051 Per

1406 2078 1476 2134 lianc
1489 2080 1561 2135 enim
1573 2079 1671 2148 etiam,
1690 2095 1751 2137 cum
1764 2082 1880 2138 motibus
1902 2082 2129 2139 irrationabilibus
2141 2100 2202 2155 per·

1406 2169 1564 2237 turbantur,
1580 2171 1652 2225 nulla
1673 2172 1794 2237 ratione,
1818 2173 1890 2227 nullo
1904 2172 2032 2244 imperio,
2046 2173 2094 2230 sed
2107 2174 2201 2232 dolore

1406 2264 1548 2335 aliquando
1559 2267 1600 2321 vel
1614 2267 1715 2323 doloris
1732 2275 1835 2323 terrore
1845 2268 2005 2325 cobibentur
2021 2286 2029 2327 t
2046 2280 2076 2327 ut
2089 2273 2201 2335 omnino

1407 2355 1497 2412 videas
1520 2358 1591 2413 illius
1616 2358 1803 2415 inobedientiae
1828 2359 1914 2428 lilios,
1941 2377 2001 2435 quac
2025 2374 2148 2420 movetur
2174 2365 2201 2421 Ιιι

1407 2448 1535 2503 membris
1548 2465 1698 2521 repugnans
1709 2450 1760 2522 lcgi
1776 2452 1892 2520 arentis,
1913 2468 1964 2509 nec
1974 2469 2034 2510 cum
2049 2455 2106 2510 vult
2120 2456 2199 2521 ratio,

1406 2541 1572 2610 conquiescit
1588 2557 1698 2596 :verram
1713 2551 1740 2598 et
1754 2542 1811 2612 ipsa
1824 2559 1896 2616 sape
1907 2543 1949 2600 vel
1963 2543 2057 2601 dolore
2068 2546 2199 2617 corporis,

1407 2636 1533 2701 tanquam
1560 2630 1708 2702 vapulando
1732 2634 1931 2703 compescitur,
1954 2633 1998 2690 vel
2018 2636 2199 2706 pavescendo,

1407 2721 1450 2775 vel
1465 2720 1509 2775 tali
1520 2720 1610 2793 aliquo
1622 2722 1703 2778 animi
1716 2732 1800 2789 motu,
1814 2739 1867 2780 non
1879 2733 1968 2782 umen
1980 2726 2115 2783 voluntate
2131 2743 2200 2797 prm·

1408 2810 1524 2881 cipiente
1539 2813 1734 2883 comprimitur.
1748 2813 1801 2870 Sed
1814 2815 1875 2887 quia
1891 2815 1916 2869 in
1927 2831 1960 2872 eo
1974 2827 2032 2871 erat
2053 2818 2201 2873 similitudo

1408 2906 1498 2960 carnis
1513 2906 1632 2975 peccati,
1657 2909 1816 2963 nrrrtmiones
1831 2916 1937 2963 artatum
1952 2909 2055 2978 perpeti
2070 2910 2153 2965 voluit
2166 2910 2201 2965 ab

1409 2995 1466 3066 ipsa
1483 3011 1595 3052 exorsos
1616 2995 1745 3063 inlantla,
1762 3006 1791 3051 ιιι
1808 2996 1840 3052 ad
1855 3008 1969 3053 mortem
1986 2998 2105 3054 videatur
2119 3001 2202 3056 etiam

1409 3085 1574 3140 senescendo
1588 3085 1633 3140 illa
1645 3101 1708 3140 caro
1722 3088 1861 3156 pervenire
1874 3087 2011 3156 potuisse,
2035 3089 2084 3144 nisi
2095 3089 2202 3159 juvenis

1410 3176 1503 3232 suimet
1524 3178 1637 3232 occisus.
1660 3177 1726 3247 Quae
1750 3187 1837 3236 tamen
1860 3194 1933 3234 mors
1952 3178 1978 3234 in
2000 3196 2080 3235 carne
2100 3182 2201 3251 peccati

1410 3267 1599 3323 inobedientiae
1613 3268 1622 3300 ¹
1636 3266 1725 3323 debita
1738 3268 1867 3333 redditur,
1879 3270 1905 3323 in
1928 3270 2099 3325 similitudine
2111 3281 2201 3327 ιιιιιειιι

1410 3358 1500 3413 caruis
1513 3357 1614 3427 peccati
1626 3357 1786 3413 obedientie
1807 3359 1944 3414 voluntate
1958 3370 2081 3431 suscepta
2095 3370 2146 3417 cst.
2161 3361 2202 3420 to

1409 3464 1469 3506 tram
1487 3449 1585 3520 quippe
1602 3447 1688 3504 iturus
1702 3464 1814 3519 comque
1827 3464 1971 3521 passurus,
1995 3450 2045 3505 boc
2061 3452 2118 3506 ait:
2134 3450 2202 3507 Eece

1410 3538 1475 3595 venit
1493 3539 1609 3609 princeps
1632 3538 1721 3593 rrrurrdi
1741 3539 1831 3610 liujus,
1853 3548 1877 3593 et
1891 3540 1918 3594 in
1931 3556 1972 3594 nse
1987 3541 2053 3594 attat
2071 3541 2200 3596 inueniet:

1410 3632 1455 3690 sed
1469 3626 1593 3688 ut'sciant
1614 3646 1701 3687 omnes
1714 3633 1773 3705 quia
1790 3632 1943 3689 voluntatem
1956 3632 2042 3689 Patris
2055 3634 2103 3688 arrei
2117 3634 2198 3707 sacia,

1410 3722 2201 3798 surgite,eamusbineldoanmv,30,3lJ.llisdictisperrexit

1410 3809 2201 3887 adindebitanrmortem,lactusobudiensusqueadmortem.

1446 3926 1559 3984 carba
1573 3926 1741 3983 xxm-ts.
1750 3925 1895 3999 Respondet
1905 3927 1938 3980 ad
1952 3927 2115 3999 objectionem
2125 3926 2203 3983 Pela·

1410 4020 1554 4091 pinnarum.
1575 4019 1742 4090 Quapropter
1753 4018 1792 4075 itti
1805 4020 1848 4090 qui
1860 4019 1968 4085 dicunt,
1989 4018 2020 4074 Si
2032 4019 2108 4088 primi
2119 4018 2203 4073 irensi-

1411 4112 1451 4166 ais
1469 4119 1571 4183 peccato
1590 4109 1687 4180 sactum
1701 4118 1737 4164 est
1752 4119 1780 4165 ut
1793 4125 1966 4176 moreremur,
1988 4108 2081 4164 Curiati
2094 4109 2204 4163 aduentu

1412 4202 1482 4271 lieret
1494 4211 1521 4255 ut
1541 4200 1669 4255 credentes
1687 4200 1714 4256 in
1727 4215 1784 4254 eum
1807 4215 1858 4254 aaa
1873 4213 2044 4262 nroreremurr
2066 4208 2093 4255 ct
2104 4199 2205 4254 addunt

1411 4293 1486 4364 quasi
1501 4293 1648 4358 rationem,
1664 4291 1802 4358 dicentes,
1818 4289 1908 4362 Neque
1921 4291 1988 4345 eninr
2004 4291 2205 4360 praevaricatoris

1412 4385 1577 4454 transgressio
1598 4383 1656 4456 plus
1680 4381 1751 4438 nobis
1774 4382 1880 4448 vomit,
1902 4398 1978 4454 quarn
2001 4382 2142 4437 incarnatio
2164 4385 2204 4438 ael

1411 4477 1551 4545 redemptio
1575 4462 1670 4549 priscii
1684 4475 1852 4531 Saloutaria:
1866 4489 1914 4531 cur
1926 4490 1980 4531 non
1995 4476 2081 4546 potius
2097 4478 2148 4531 boc
2162 4485 2206 4531 at·

1412 4569 1535 4636 tendunt,
1549 4569 1600 4625 boc
1611 4568 1731 4636 audiunt,
1748 4567 1798 4623 boc
1809 4567 1868 4622 sinc
1882 4566 2046 4623 dubitatione
2058 4567 2203 4634 'credunt

1412 4660 1483 4733 quod
1496 4659 1639 4732 Apostolus
1648 4659 1707 4714 sinc
1716 4657 1887 4730 ambiguitate
1897 4657 2001 4713 locutus
2013 4665 2064 4724 est,
2079 4655 2145 4722 Quia
2157 4675 2205 4727 per

1413 4746 1540 4807 bominem
1551 4767 1635 4818 mors,
1648 4759 1672 4805 et
1686 4766 1731 4822 per
1744 4749 1870 4804 bonumne
1880 4749 2026 4803 resurreetio
2037 4758 2204 4807 mortuarum.

1413 4840 1487 4898 Sicut
1499 4841 1604 4897 enimin
1617 4839 1701 4895 ddum
1713 4854 1799 4895 omnes
1811 4840 1969 4904 moriuntur,
1982 4839 2018 4892 sie
2032 4848 2055 4893 et
2065 4839 2092 4894 ia
2103 4839 2205 4896 Cirriste

1414 4949 1499 4990 orniam
1514 4933 1704 5000 vivificabuntur
1718 4931 1739 5006 (Ι
1754 4931 1813 4988 Cor.
1829 4947 1875 4998 xv,
1890 4930 1937 4997 at,
1950 4929 2017 5003 tell
2029 4931 2121 5002 Neque
2132 4933 2206 4989 enim

1414 5022 1541 5090 aliunde,
1562 5039 1642 5094 quam
1665 5022 1698 5079 dc
1720 5022 1842 5092 corporis
1867 5021 2064 5077 resurrectione
2087 5021 2204 5078 dicebat.

1414 5113 1540 5171 Omnium
1554 5129 1617 5185 ergo
1627 5113 1747 5183 corporis
1762 5120 1874 5168 mortem
1890 5111 1985 5166 laetam
1999 5125 2047 5181 pcr
2061 5127 2142 5166 unum
2156 5110 2206 5167 bo-

1340 5222 1342 5229 ·
1415 5208 1515 5263 minem
1528 5204 1612 5272 dixit,
1634 5213 1662 5260 et
1675 5203 1794 5260 omnium
1807 5201 1928 5274 corporis
1942 5201 2163 5257 resurrectionem
2178 5202 2206 5259 iu

1415 5299 1496 5353 vitam
1522 5305 1648 5351 aeternam
1672 5308 1825 5364 perunum
1848 5289 1982 5347 Christum
2008 5291 2121 5349 loturam
2145 5306 2208 5349 csse

1415 5387 1546 5460 promisit.
1556 5384 1695 5454 Quomodo
1704 5399 1768 5454 ergo
1776 5386 1834 5456 plus
1841 5382 1912 5437 nabis
1923 5383 2007 5437 nocuit
2015 5382 2059 5436 ille
2067 5382 2207 5453 peccando,

1415 5496 1493 5549 quam
1514 5479 1561 5534 iste
1580 5476 1676 5547 proluit
1696 5476 1858 5541 redimendo,
1878 5489 1939 5530 curn
1961 5489 2008 5544 per
2026 5473 2097 5529 illius
2111 5488 2209 5544 pecco

1418 5580 1473 5624 tum
1489 5568 1671 5638 temporaliter
1683 5567 1838 5630 moriamur,
1854 5580 1901 5634 per
1912 5563 1989 5619 istius
2002 5563 2209 5619 auoerrtredem·

1417 5660 1535 5730 ptionem
1556 5673 1609 5712 non
1629 5655 1663 5712 ad
1686 5656 1858 5726 temporalem
1878 5653 1959 5708 vitam
1973 5696 1981 5721 ,
1996 5653 2044 5710 scd
2063 5654 2096 5708 ad
2111 5669 2210 5724 perpe.

1418 5759 1489 5805 tuam
1511 5747 1701 5819 resurgamus?
1723 5747 1849 5802 Nostrum
1869 5760 1933 5813 ergo
1954 5761 2052 5816 corpus
2074 5755 2209 5801 mortuum

1418 5851 1461 5898 cst
1478 5849 1586 5911 propter
1607 5847 1765 5910 peecatum,
1790 5836 1889 5894 Cbristi
1908 5847 1998 5893 autem
2012 5851 2110 5906 corpus
2122 5839 2210 5893 solum

1419 5941 1552 5989 mortuum
1578 5942 1619 5985 cst
1640 5931 1699 5986 sine
1719 5938 1846 6001 peccato;
1874 5936 1904 5983 ut
1925 5926 1985 5982 luso
2006 5928 2134 5999 sangnine
2152 5931 2212 5990 sino

1419 6025 1515 6093 culpa,
1542 6021 1661 6077 omnium
1684 6020 1820 6090 culparum
1842 6018 2018 6090 chirographa
2043 6018 2225 6092 delerentur„

1420 6116 1515 6185 quibus
1527 6115 1663 6170 debitores
1674 6112 1718 6182 qui
1732 6111 1757 6166 in
1772 6125 1832 6166 cum
1847 6112 1969 6182 credunt,
1982 6125 1998 6167 a
2013 6109 2121 6168 eubulo
2133 6122 2211 6168 autea

1453 6271 1460 6302 ¹
1474 6268 1567 6333 aliquot
1578 6273 1642 6338 ttae,
1654 6277 1717 6338 arou
1728 6261 1903 6336 inobedientia.

1454 6335 1464 6364 ¹
1478 6339 1501 6380 tn
1513 6338 1574 6390 tls»,
1584 6341 1634 6378 ariri·
1646 6334 1826 6388 crtccptntrcue.
