5592 7350
568 866 620 924 809

567 982 610 1037 rel
629 982 679 1035 tale
692 979 800 1049 aliquid,
818 979 864 1049 ipsi
882 980 966 1049 partios
981 979 1116 1033 ltonrioum
1136 980 1253 1033 Creatori
1273 992 1351 1048 quam

556 1070 731 1143 'genitoribus
745 1070 849 1133 dicitnr,
872 1070 915 1139 qni
939 1080 1010 1122 certe
1032 1068 1149 1122 onrninm
1168 1067 1297 1121 bonorum
1313 1074 1354 1121 est

567 1169 660 1218 auctor
673 1170 700 1216 el
714 1160 854 1215 conditori
874 1159 906 1213 Et
927 1167 1013 1213 bornen
1034 1173 1100 1229 quos
1121 1158 1224 1229 ignibus
1245 1154 1354 1211 :uternis

569 1253 700 1324 praescivit
714 1265 835 1317 arsuros,
855 1264 947 1305 creare
970 1264 1021 1305 non
1036 1248 1133 1304 desinit
1150 1266 1157 1303 t
1172 1262 1221 1303 nee
1235 1246 1277 1312 ei,
1293 1245 1354 1317 quia

566 1357 615 1398 eos
626 1350 708 1404 creat,
720 1341 770 1396 nisi
783 1339 888 1395 bonitas
898 1338 1040 1409 imputatur
1051 1340 1069 1391 ¹.
1083 1337 1118 1392 Et
1128 1336 1256 1407 quosdam
1270 1334 1355 1390 inlan-

569 1442 610 1489 tes
620 1432 700 1488 etiam
714 1430 860 1500 baptizatos
874 1443 941 1499 quos
952 1428 1053 1483 loturos
1066 1427 1197 1498 praescivit
1207 1435 1353 1498 apostatas,

569 1535 622 1578 non
635 1521 721 1576 aufert
733 1536 764 1575 cx
779 1520 829 1575 laac
841 1520 894 1575 rita
906 1520 932 1575 iu
943 1521 1070 1577 uternam
1085 1534 1194 1589 regnum
1206 1518 1354 1590 adoptatos,

569 1617 619 1671 ne‘e
631 1615 670 1669 eis
683 1607 786 1668 eoolcrt
800 1618 923 1681 magnum
937 1611 1113 1676 beneficium,
1128 1609 1198 1680 qood
1212 1611 1237 1665 ei
1251 1610 1284 1665 de
1304 1623 1356 1682 quo

570 1706 673 1774 legitur,
689 1701 786 1772 llaptna
796 1709 842 1767 eat,
857 1717 888 1756 ne
899 1702 997 1755 melitio
1017 1709 1124 1755 meteret
1137 1700 1289 1755 intellectum
1303 1702 1357 1773 cirta

571 1792 656 1863 (Sep.
670 1807 706 1858 rr,
722 1792 751 1845 ll
765 1790 785 1863 l.
796 1789 850 1846 Nee
864 1798 952 1845 tamea
972 1783 1027 1846 beo
1042 1789 1176 1857 tribuitur,
1190 1791 1239 1846 nisi
1254 1791 1357 1847 bonitas

570 1891 650 1954 atque
660 1882 776 1952 idstitia,
790 1895 841 1950 qua
854 1880 888 1936 de
901 1880 977 1936 bonis
989 1889 1015 1936 et
1029 1881 1107 1936 malis
1126 1882 1214 1936 omnia
1236 1882 1305 1937 bene
1326 1896 1358 1937 ae

572 1986 644 2033 reete
655 1973 726 2029 lacit.
737 1975 841 2041 erarito
852 1972 954 2029 beillos
966 1973 1130 2043 intelligitur,
1142 1973 1293 2044 parentibus
1305 1988 1357 2028 non

572 2081 631 2122 esse
644 2065 811 2121 tribuendum
823 2106 829 2130 ,
843 2063 893 2118 uisi
908 2063 978 2136 quod
995 2063 1062 2119 salios
1082 2064 1193 2129 rolant,
1208 2064 1252 2136 qui
1267 2065 1358 2135 procul

572 2155 653 2210 dnbio
666 2169 724 2224 quae
738 2154 789 2208 illis
801 2152 888 2208 latura
901 2162 962 2209 sont
975 2143 1116 2210 nesciunt?

608 2243 720 2300 cartu
737 2237 783 2301 xt.
798 2244 885 2298 -lb
899 2244 974 2312 Quod
994 2253 1081 2300 antem
1100 2248 1313 2302 commemorasti
1326 2263 1358 2302 ex

574 2335 732 2406 Evangelio,
754 2333 845 2389 ileliae
857 2345 910 2388 erut
924 2336 1020 2388 immitti
1033 2335 1072 2389 illi
1091 2353 1141 2390 noa
1156 2338 1226 2391 nosci
1244 2338 1358 2404 (llettl.

575 2443 647 2495 xsrr,
667 2426 730 2499 ll);
745 2442 832 2481 nonne
844 2436 876 2482 ιιι
889 2435 1041 2482 nasceretur
1053 2427 1112 2498 plus
1124 2443 1203 2499 opere
1217 2429 1262 2485 bei
1273 2440 1359 2485 actum

574 2523 633 2583 est,
645 2532 722 2587 qoam
735 2517 893 2587 parentum?
903 2519 955 2573 Cur
970 2534 1022 2572 non
1039 2518 1094 2589 ipse
1109 2520 1213 2591 imagini
1227 2536 1281 2576 sum
1293 2537 1361 2592 prae-

575 2609 643 2663 stitit
663 2608 732 2679 quod
747 2609 839 2663 melius
852 2617 928 2677 erat,
943 2610 987 2681 qui
1004 2610 1101 2665 malum
1117 2611 1187 2681 quod
1205 2613 1229 2669 ci
1245 2611 1360 2669 loturum

577 2695 661 2753 luerat
674 2696 839 2767 presciebat,
853 2698 922 2768 qriod
933 2707 1056 2769 parentes
1068 2714 1147 2756 nosse
1168 2716 1219 2756 non
1233 2703 1361 2773 possunt?

578 2786 609 2840 lit
625 2791 711 2840 lameri
724 2787 756 2842 ab
769 2788 808 2843 eis
821 2789 864 2858 qni
884 2797 957 2844 recte
978 2788 1144 2860 intelligunt,
1165 2806 1217 2846 non
1240 2792 1363 2850 tribuitur

578 2878 643 2942 llen,
658 2877 708 2931 nisi
721 2877 789 2946 qood
803 2878 1145 2949 benignitatitribuendom
1164 2889 1206 2937 est
1218 2882 1361 2939 creatoris.

579 2966 624 3023 Sic
635 2974 663 3022 et
675 2969 825 3036 parentibus
840 2969 897 3024 sine
916 2969 986 3024 nodo
1003 2970 1119 3026 dilbcilis
1138 2974 1291 3043 quaestionis
1312 2974 1364 3031 boe

580 3059 713 3123 tribuitur,
733 3058 801 3127 qnod
820 3060 887 3115 lilios
898 3061 1070 3127 statuerunt¹,
1087 3078 1199 3133 qnorum
1216 3064 1301 3119 latura
1314 3081 1364 3121 ne·

579 3150 721 3205 sciuerunt.
734 3148 790 3220 ligo
802 3160 890 3206 autem
908 3166 962 3208 nou
981 3152 1041 3207 dico
1054 3154 1178 3223 parrulos
1192 3154 1249 3211 sine
1266 3154 1364 3213 Christi

580 3239 740 3307 baptismate
753 3239 897 3296 morientes
910 3249 980 3296 nata
995 3256 1073 3313 pmna
1087 3258 1146 3300 esse
1159 3244 1323 3317 plectendos,
1337 3258 1365 3305 ιιι

580 3329 619 3383 cis
630 3344 682 3382 non
695 3329 767 3383 nasei
780 3330 868 3399 potius
879 3330 1031 3401 expediret;
1043 3349 1103 3390 eum
1115 3334 1164 3390 boe
1176 3334 1302 3392 Dominus
1312 3355 1366 3395 noa

578 3418 615 3474 de
628 3420 787 3489 quibuslibet
805 3422 1002 3492 membribus,
1018 3423 1065 3479 sed
1080 3425 1114 3482 de
1126 3427 1321 3485 scelestissimis
1338 3430 1367 3485 e't

581 3509 743 3578 impiissimis
754 3509 859 3566 dixerit.
873 3511 900 3567 Si
915 3514 986 3569 enim
1000 3516 1070 3585 quod
1085 3515 1117 3573 de
1132 3517 1254 3575 Sodomis
1268 3518 1322 3588 ait,
1338 3528 1367 3578 et

580 3600 671 3671 ntique
683 3615 735 3653 non
748 3600 781 3655 de
793 3602 858 3657 solis
870 3604 980 3678 intelligi
993 3607 1085 3675 voluit,
1100 3610 1167 3665 alius
1178 3612 1230 3667 alio
1243 3614 1367 3673 tolerabi-

582 3689 668 3745 liusio
682 3689 727 3746 dio
734 3689 826 3760 judieii
838 3695 963 3762 punietur
977 3693 1033 3769 (ld.
1045 3713 1072 3766 x,
1089 3699 1131 3765 ld,
1139 3707 1162 3754 et
1174 3717 1209 3768 ar,
1227 3702 1290 3774 2l);
1307 3705 1366 3774 quis

581 3779 740 3836 dubitaverit
750 3783 874 3850 parrulos
882 3798 934 3838 non
947 3785 1103 3856 baptizatos,
1115 3790 1160 3862 qui
1170 3791 1255 3848 solum
1267 3792 1365 3852 babent

581 3873 710 3941 originale
718 3882 865 3941 peecatum,
877 3890 927 3932 nee
940 3876 1001 3933 ullls
1012 3880 1125 3950 propriis
1137 3892 1324 3954 aggravantur,
1340 3886 1366 3941 in

582 3962 750 4018 damnatione
762 3965 879 4019 omnium
891 3966 1023 4023 levissima
1036 3968 1157 4027 loturosl
1170 3972 1233 4040 Qum
1243 3976 1329 4047 qualis
1341 3984 1369 4032 et

582 4062 678 4124 quanta
689 4055 750 4121 erit,
763 4058 884 4126 quamtis
896 4058 1006 4115 delinire
1021 4076 1073 4116 noo
1087 4063 1197 4133 possim,
1212 4076 1366 4125 nontamen

583 4145 668 4199 audeo
681 4144 770 4201 dicere
784 4146 853 4216 quod
866 4149 905 4204 eis
919 4158 948 4204 ut
963 4150 1027 4206 nulli
1040 4161 1130 4209 essent
1144 4171 1222 4227 quam
1235 4166 1263 4213 ut
1279 4158 1313 4214 ibi
1325 4175 1368 4217 es·

581 4246 656 4300 sent,
672 4237 759 4305 potios
771 4239 917 4310 expediret.
939 4242 1036 4299 lerum
1055 4260 1103 4301 ros
1117 4262 1236 4319 quoque,
1258 4252 1302 4320 qui
1320 4267 1368 4308 eos

582 4326 655 4382 relat
670 4326 767 4384 liberos
785 4329 819 4382 ab
838 4331 910 4385 omni
925 4331 1094 4390 damnatione
1114 4350 1173 4393 csse
1190 4339 1367 4410 contenditis,

582 4417 698 4487 cogitare
707 4433 759 4473 non
770 4420 907 4492 rultisqna
918 4422 976 4478 illos
987 4425 1154 4483 damnatione
1167 4431 1290 4497 puniatis,
1302 4431 1368 4488 alie·

582 4507 672 4561 nando
692 4522 706 4562 a
727 4509 778 4563 rita
800 4511 846 4566 [lei
868 4520 894 4567 ct
914 4527 930 4568 a
950 4528 1031 4586 reguo
1047 4517 1092 4571 bei
1106 4523 1146 4573 tot
1164 4516 1290 4591 imagines
1306 4524 1368 4590 Dei,

584 4603 877 4672 postremoseparando
891 4620 905 4657 a
920 4608 1072 4675 parentibus
1094 4609 1160 4679 piis,
1182 4625 1249 4681 quos
1268 4613 1300 4667 ad
1323 4629 1370 4672 eos

583 4692 762 4761 procreandos
772 4702 824 4748 tam
837 4695 950 4751 disertos
962 4697 1086 4754 lmrtaris.
1099 4700 1159 4756 llaec
1172 4713 1258 4758 autem
1273 4704 1370 4776 injuste

583 4780 729 4850 potionatur,
744 4782 766 4837 si
781 4783 882 4838 nollum
893 4785 990 4842 babent
1000 4789 1109 4844 omnino
1123 4790 1260 4861 peccatum
1274 4811 1280 4848 τ
1293 4805 1338 4851 ιιιι
1347 4795 1370 4851 si

581 4870 663 4940 jtrste,
674 4886 739 4942 ergo
752 4872 851 4928 habent
863 4875 993 4945 originale
1006 4889 1157 4948 peceatum.

619 4960 666 5014 tt.
680 4959 720 5030 (ιι)
731 4961 797 5016 liliis
809 4962 903 5019 deinde
919 4968 1059 5037 propositis
1073 4973 1138 5026 meis
1162 4968 1259 5041 rerbis,
1275 4974 1371 5045 quibus

582 5052 789 5106 commemorari
812 5068 891 5123 quam
915 5057 1024 5112 boneste
1046 5063 1129 5115 saneti
1156 5065 1256 5134 antiqui
1283 5077 1370 5136 patres

583 5140 741 5210 emaprgibos
749 5144 787 5195 nsi
798 5143 911 5208 luerint;
923 5146 989 5202 dieis
1000 5166 1009 5200 a
1021 5165 1068 5204 eos
1079 5166 1131 5206 non
1142 5153 1191 5208 boe
1202 5154 1369 5226 iutuitoopc·

584 5247 643 5286 ram
661 5233 767 5289 demisse
786 5237 940 5306 propagini,
961 5249 989 5294 ut
1009 5250 1132 5311 tanquam
1154 5261 1214 5301 reos
1233 5247 1371 5319 gignerent

584 5319 655 5376 filins
669 5321 830 5391 baptismate
849 5327 1003 5395 diluendos,
1024 5346 1056 5386 eo
1077 5335 1147 5404 quod
1168 5334 1298 5407 lbrptisma
1318 5355 1371 5409 qno

584 5425 657 5467 ntroe
672 5412 830 5483 adoptamur
847 5417 964 5472 nondum
975 5418 1059 5475 luerat
1070 5423 1237 5480 institutotnr
1257 5425 1306 5497 (Dr
1315 5427 1371 5484 Nu·

585 5501 645 5569 ptiia
654 5500 900 5575 etCortcaplrceatle,
911 5508 954 5563 lii.
967 5510 992 5572 l,
1007 5527 1033 5564 a.
1046 5510 1084 5582 o).
1097 5515 1152 5569 lloc
1165 5516 1198 5571 de
1210 5515 1371 5588 baptismate

585 5606 678 5646 rerum
692 5593 758 5650 dicis
770 5611 778 5647 t
792 5610 842 5651 nec
856 5598 914 5653 ideo
930 5607 1016 5654 tamen
1029 5601 1189 5658 eredendum
1204 5613 1254 5673 est,
1269 5616 1296 5662 et
1310 5617 1372 5663 ante

583 5681 675 5736 datam
685 5683 913 5743 circumcisionem
924 5688 1037 5746 famulos
1046 5692 1101 5758 bei,
1111 5695 1323 5767 quandoquidem
1333 5699 1372 5754 eis

586 5770 675 5827 brerat
686 5772 839 5830 llediatoris
852 5777 917 5832 lides
931 5779 956 5833 in
972 5794 1053 5835 earne
1063 5784 1176 5849 venturi,
1194 5787 1267 5841 nullo
1281 5802 1371 5843 sacra-

584 5869 679 5917 meato
691 5862 751 5933 epu
767 5866 909 5936 opitulatos
929 5867 1009 5926 luisse
1031 5873 1146 5941 parvulis
1167 5875 1237 5942 sois;
1253 5880 1372 5947 quamvis

620 5975 628 6006 ¹
649 5975 714 6035 apud
733 5984 783 6026 tm.
801 5985 906 6040 etuas..
918 5993 966 6052 ,aec
977 5981 999 6034 ei
1009 5983 1064 6044 nial.
1076 5984 1133 6044 anta
1143 6000 1182 6039 eoa
1193 5994 1268 6049 creat,
1282 5988 1373 6042 donitas

583 6033 638 6157 εἷς
646 6044 853 6149 ἰιὲιειιιειτὲαιιιιιιριο
864 6040 1006 6094 floriacensi
1014 6047 1107 6108 codice,
1120 6051 1143 6097 ia
1154 6063 1203 6111 quo
1213 6050 1374 6115 ingambia·

621 6155 697 6208 'otto
712 6160 1061 6225 stss,qnodpla'r'arcluerrmt.

624 6220 660 6280 (o)
678 6223 742 6281 apud
754 6230 804 6271 tna.
818 6231 843 6273 et
854 6230 902 6284 tn,
913 6237 965 6288 casp.
977 6227 1001 6276 p.

700 6300 834 6362 Parum..
856 6307 963 6367 Xlll'.

1232 859 1333 915 trusa
1352 856 1526 940 potstas..

2141 865 2192 915 ‘a'tb

1409 977 1471 1048 quid
1485 976 1547 1033 illud
1560 991 1640 1046 esset,
1656 980 1741 1051 aliqua
1755 982 1902 1038 neccssaria
1915 994 1992 1038 cansa
2005 981 2138 1050 Scriptura
2152 984 2191 1037 la·

1408 1078 1463 1126 tere
1474 1071 1596 1126 roloerit.
1610 1071 1674 1126 Nam
1686 1083 1712 1126 et
1727 1073 1855 1129 sacrificia
1871 1088 1962 1127 eorum
1974 1074 2085 1142 uginus
2097 1074 2189 1144 (ierit.

1407 1164 1442 1215 'xo
1451 1160 1471 1232 l.
1483 1161 1578 1232 quibos
1591 1162 1680 1232 utique
1695 1164 1802 1232 sanguis
1816 1163 1860 1218 ille
1874 1162 2046 1233 figurabatur,
2062 1165 2106 1231 qni
2118 1165 2191 1218 solos

1408 1233 1477 1304 tollit
1490 1252 1643 1319 ιιιιιιιιιιιιΙ
1657 1251 1745 1306 mundi
1758 1250 1853 1324 (laea.
1864 1268 1882 1316 a,
1896 1251 1959 1321 ιθ).
1973 1251 2098 1320 Αριιιιιιι
2111 1253 2191 1308 etiarn

1408 1340 1473 1410 legis
1483 1340 1536 1410 jam
1552 1352 1670 1411 tempore
1685 1342 1853 1397 nascentibus
1866 1342 1999 1411 parvolis,
2014 1340 2193 1398 offerebantur

1408 1430 1535 1485 sacrificia
1547 1446 1595 1501 pro
1606 1433 1730 1502 peccatis.
1740 1431 1892 1502 Responde,
1904 1448 1952 1502 pro
1961 1434 2057 1503 quibus
2067 1434 2183 1502 peccatis

1408 1519 1521 1588 Respice
1542 1522 1620 1575 etiam
1643 1521 1695 1575 illis
1710 1523 1897 1591 generantibus
1913 1525 2033 1593 patribus
2048 1526 2192 1593 perituram

1409 1608 1490 1665 luisse
1503 1612 1617 1665 animam
1633 1612 1733 1680 parruli
1747 1612 1781 1667 de
1796 1615 1893 1683 populo
1906 1630 1965 1678 stro,
1980 1616 2001 1669 si
2015 1616 2057 1672 die
2073 1632 2124 1670 noo
2139 1616 2194 1672 cit·-

1408 1699 1602 1756 euntcideretur
1613 1711 1706 1757 octauo
1718 1700 1795 1776 (Gen.
1808 1719 1872 1770 xro,
1887 1704 1931 1773 ll)
1944 1722 1951 1758 t
1962 1713 1988 1760 et
2002 1706 2131 1775 responde
2142 1723 2195 1777 quo

1409 1789 1504 1844 merito
1517 1788 1624 1859 periret,
1638 1804 1716 1861 quem
1729 1804 1810 1861 negas
1819 1791 2098 1862 originalicbnoaiom
2114 1796 2196 1851 luisse

1409 1886 1529 1949 peccato.
1843 1937 1845 1942 ,

1445 1968 1557 2025 catut
1568 1967 1727 2027 xta-tt.
1748 1968 1808 2027 Jam
1829 1986 1893 2028 reto
1906 1990 1917 2028 t
1932 1971 1965 2028 de
1984 1972 2098 2041 loseph,
2122 1974 2197 2042 enjus

1410 2057 1518 2113 llariam
1535 2078 1545 2112 ι
1562 2067 1629 2115 teste
1640 2059 1784 2132 Evangelio
1798 2079 1807 2114 ι
1823 2062 1963 2133 conjugem
1979 2080 1990 2113 ι
2005 2062 2058 2117 diti
2075 2061 2125 2133 (lle
2135 2061 2195 2116 ll'o·

1412 2148 1470 2217 ptiit
1482 2156 1504 2201 et
1513 2147 1729 2219 Corrrnpiaceutiu,
1745 2148 1789 2203 tit.
1802 2149 1828 2217 l,
1841 2166 1868 2205 ιι.
1884 2149 1941 2220 l‘l),
1956 2150 2038 2205 multa
2051 2150 2094 2205 diu
2108 2150 2198 2219 dispo·

1412 2246 1452 2292 tas
1466 2247 1557 2293 contra
1577 2240 1734 2294 sententiam
1753 2255 1856 2306 meam,
1872 2250 1899 2295 et
1913 2241 2018 2296 conaris
2038 2241 2196 2305 ostendere,

1414 2328 1498 2398 aquia
1513 2327 1668 2383 concubitus
1687 2327 1786 2396 deluit,
1812 2328 1884 2384 nullo
1906 2329 1984 2385 modo
2003 2330 2084 2386 luisse
2102 2332 2197 2401 conjo-

1412 2416 1482 2489 gium
1496 2434 1503 2470 :
1519 2438 1528 2471 ι
1543 2434 1636 2490 aeper
1648 2418 1713 2486 lure,
1728 2419 1875 2476 secundom
1895 2428 1942 2485 te,
1963 2436 2025 2476 cum
2050 2421 2199 2478 destiterint

1412 2505 1588 2563 concumbere
1600 2507 1736 2579 conjuges,
1748 2508 1804 2579 jam
1819 2524 1872 2564 non
1883 2519 1960 2564 erunt
1970 2510 2107 2581 coniuges,
2121 2524 2145 2566 et
2158 2510 2200 2566 di·

1413 2596 1526 2649 'vortium
1541 2596 1593 2650 erit
1611 2596 1654 2651 illa
1676 2598 1799 2652 cessatio.
1814 2583 1890 2666 Qrtod
1904 2613 1937 2653 oe
1949 2600 2100 2671 contingat,
2121 2610 2199 2670 agant

1413 2686 1482 2740 sieut
1495 2695 1605 2757 possunt
1619 2686 1745 2758 decrepiti
1765 2687 1835 2759 quod
1854 2689 1965 2760 jarrenes
1981 2691 2109 2761 agebant,
2126 2701 2153 2747 et
2166 2678 2199 2745 ab

1414 2774 1465 2832 ltoe
1474 2792 1555 2847 opere
1565 2794 1617 2849 quo
1627 2778 1705 2834 etiam
1716 2779 1855 2836 continens
1866 2780 1975 2837 nimium
1988 2771 2138 2846 delectaris,
2151 2797 2201 2839 nes

1414 2866 1530 2922 effoetis¹
1543 2876 1621 2925 atate
1640 2870 1795 2941 corporibus
1818 2881 1938 2940 parcant.
1957 2862 2013 2926 Non
2036 2886 2066 2928 se
2086 2873 2202 2943 cogitent

1415 2968 1541 3031 qnantum
1555 2960 1589 3015 ad
1606 2960 1722 3016 libidinis
1743 2962 1837 3017 attinet
1858 2961 2007 3030 incentiva,
2020 2962 2157 3027 senuisse,
2174 2972 2202 3015 ut

1416 3050 1518 3119 possint
1530 3050 1656 3122 conjuges
1671 3066 1835 3122 permanere.
1848 3051 1877 3108 Si
1889 3043 1941 3109 boc
1955 3053 2001 3109 tibi
2015 3053 2112 3124 placet,
2125 3051 2153 3107 tri
2165 3054 2203 3109 ri·

1416 3139 1497 3196 deris.
1518 3142 1573 3212 Ego
1593 3149 1680 3197 autem
1704 3139 1784 3217 (quia
1806 3143 1951 3201 liberorum
1976 3142 2202 3216 procreandorum

1416 3247 1496 3288 causa
1508 3243 1605 3289 uxores
1619 3248 1679 3290 esse
1692 3233 1845 3301 docendas,
1859 3235 1984 3292 lronestas
2003 3236 2137 3292 consentit
2150 3222 2203 3291 bu·

1417 3328 1504 3391 mana,
1520 3324 1637 3396 quolibet
1648 3324 1727 3380 modo
1740 3325 1841 3381 libidini
1854 3326 1932 3384 cedat
1945 3326 2113 3400 infirmitas),
2126 3344 2198 3400 prro·

1418 3411 1459 3472 ιιι
1472 3414 1549 3470 iidem
1561 3431 1640 3486 quam
1649 3416 1702 3472 sibi
1717 3415 1814 3473 debent
1825 3416 1961 3489 coujrrges,
1974 3433 2008 3474 ne
2021 3417 2085 3474 dant
2096 3418 2201 3476 adulte·

1418 3507 1467 3573 ria,
1482 3515 1508 3562 et
1519 3506 1621 3577 prolem
1633 3507 1708 3577 euius
1722 3507 1881 3579 generandm
1895 3523 1974 3566 eausa
1994 3522 2074 3568 sexos
2088 3504 2199 3583 uterque

1418 3595 1570 3653 miscendus
1591 3604 1648 3662 est,
1671 3593 1771 3653 adverti
1792 3597 1870 3653 etiam
1893 3591 1999 3654 tertium
2019 3598 2117 3656 barium
2132 3595 2203 3673 quod

1418 3689 1518 3746 esseio
1535 3689 1688 3761 conjugibus
1709 3680 1804 3758 debet,
1818 3686 1934 3750 maxime
1957 3680 2150 3763 pertinentibus
2168 3691 2203 3751 ιιι

1420 3782 1544 3853 populum
1559 3780 1621 3849 llei,
1637 3778 1707 3854 quod
1720 3782 1783 3839 mibi
1797 3783 1884 3839 visum
1903 3794 1944 3840 est
1962 3800 2022 3842 esse
2037 3784 2143 3858 aliquod
2157 3799 2203 3842 sa-

1419 3880 1593 3938 cramentum,
1609 3876 1644 3929 ιιι
1658 3867 1800 3928 disortium
1814 3874 1859 3929 liat
1872 3875 1914 3930 rel
1928 3875 1962 3931 ab
1976 3890 2006 3931 ea
2019 3875 2131 3949 conpage
2143 3891 2204 3948 quaa

1419 3977 1473 4017 non
1488 3970 1575 4032 potest
1588 3978 1698 4034 parere,
1712 3964 1754 4020 rel
1773 3965 1841 4020 sient
1856 3965 1949 4021 iecisse
1964 3965 2028 4022 Cato
2052 3965 2206 4037 perbihetur

1422 4054 1567 4128 (Plutarch.
1578 4055 1605 4109 ιἰι
1617 4054 1672 4128 rjus
1687 4052 1755 4122 tto,
1768 4063 1791 4109 et
1804 4052 1899 4110 Lrtcon.
1914 4057 1957 4110 lib.
1967 4053 2008 4127 2),
2021 4068 2055 4112 nc
2064 4056 2098 4113 ab
2105 4070 2139 4112 eo
2147 4057 2206 4112 vito

1420 4145 1464 4214 qui
1480 4144 1567 4214 plores
1575 4159 1627 4198 non
1639 4145 1694 4198 ralt
1705 4144 1840 4214 suscipere
1851 4144 1929 4212 lilios,
1943 4144 2018 4201 alteri
2032 4145 2137 4202 letanda
2149 4156 2205 4202 tra·

1420 4232 1499 4287 dator
1510 4232 1519 4302 (
1532 4231 1569 4286 De
1587 4230 1692 4300 Nuptiis
1711 4230 1961 4304 recommiscere,
1982 4218 2026 4287 t'tt.
2051 4234 2077 4300 l,
2097 4251 2124 4289 ιι.
2139 4235 2169 4291 ll
2181 4232 2204 4309 ).

1421 4323 1533 4393 Propter
1547 4323 1597 4378 lroc
1610 4323 1636 4378 in
1652 4324 1697 4378 illo
1709 4322 1779 4394 quod
1794 4323 1939 4380 secundom
1953 4322 2125 4395 Evangeliont
2140 4340 2207 4380 eon-

1420 4412 1519 4483 jugium
1539 4413 1705 4484 nuncupari,
1728 4413 1816 4468 omnia
1837 4411 1885 4470 tria
1901 4412 1968 4468 bona
1982 4406 2132 4484 nuptiarum
2151 4413 2205 4471 dixi

1421 4518 1482 4561 esse
1493 4505 1623 4576 completa
1634 4523 1641 4571 ;
1654 4524 1663 4557 ι
1678 4505 1766 4570 lul'em,
1778 4505 1836 4576 quia
1848 4504 1948 4560 nullom
1958 4504 2114 4560 adulterium
2123 4522 2130 4571 ;
2140 4518 2204 4578 pro-

1421 4593 1484 4661 lem,
1499 4595 1584 4666 ipsum
1601 4596 1739 4651 [lominum
1749 4595 1885 4650 Christum
1897 4611 1905 4660 ;
1919 4603 2125 4661 sacramentum,
2140 4595 2201 4667 quia

1423 4687 1521 4742 nullom
1535 4685 1687 4741 dirortlom.
1702 4705 1711 4737 ι
1724 4683 1781 4740 Non
1796 4698 1859 4755 ergo
1871 4683 1932 4754 quia
1941 4683 1996 4739 dixi
2009 4699 2087 4740 omne
2098 4684 2205 4756 nuptia·

1422 4792 1493 4842 rum,
1507 4776 1533 4830 ιιι
1547 4782 1598 4841 est,
1613 4775 1664 4831 boe
1679 4773 1837 4844 tripartitum
1854 4774 1970 4840 bonnm,
1991 4774 2017 4829 iu
2037 4772 2089 4830 illis
2105 4772 2204 4832 Christi

1424 4867 1575 4938 parentibus
1590 4867 1670 4921 luisse
1688 4867 1863 4934 completum;
1884 4874 2021 4936 propterea
2042 4864 2093 4922 boc
2105 4865 2205 4922 dixisse
2251 4881 2256 4890 ·

1424 4955 1510 5026 putari
1530 4955 1633 5019 debeo,
1657 4954 1725 5008 sicul
1744 4953 1895 5018 insimulas,
1912 4972 1921 5007 ι
1937 4964 1966 5009 ut
1987 4954 2113 5027 quidquid
2128 4955 2207 5013 aliter

1423 5045 1512 5110 iuuit,
1525 5045 1623 5100 malum
1634 5058 1694 5100 esse
1705 5043 1834 5100 rideatur.
1850 5063 1860 5099 ι
1875 5045 1938 5101 llieo
1947 5046 2018 5102 enim
2030 5055 2058 5102 et
2070 5047 2147 5104 aliter
2156 5046 2206 5103 ba·

1423 5154 1486 5194 nom
1502 5154 1562 5195 esse
1575 5137 1725 5212 eonprglum
1735 5178 1743 5204 ,
1755 5137 1799 5194 nbi
1813 5139 1902 5209 proles
1914 5138 1965 5195 uisi
1976 5154 2024 5212 per
2036 5141 2205 5197 concubitum

1424 5245 1476 5284 non
1490 5237 1576 5299 potest
1588 5229 1731 5300 procreari.
1746 5227 1775 5285 Si
1788 5230 1858 5284 enim
1874 5229 1952 5285 aliter
1965 5238 2063 5299 posset,
2076 5239 2204 5286 ettamen

1423 5321 1628 5377 concumberent
1639 5319 1774 5391 conjuges,
1783 5319 1949 5390 apertissime
1961 5306 2205 5386 libidioi'cedereut,

1424 5421 1503 5482 atquc
1522 5412 1567 5466 illo
1588 5411 1659 5466 malo
1680 5419 1817 5467 uterentur
1836 5411 1999 5468 maleteom
2015 5425 2077 5468 rere
2098 5418 2227 5489 propter¹

1424 5501 1495 5571 quod
1508 5505 1588 5557 sexus'
1604 5501 1682 5557 ambo
1697 5508 1759 5557 sttnt
1771 5502 1892 5570 instituti,
1907 5501 1956 5557 nisi
1970 5516 2062 5556 eorum
2076 5503 2206 5560 commis·
2225 5496 2229 5561 ἶ

1425 5591 1497 5644 riom
1511 5598 1565 5645 non
1577 5591 1693 5646 nascitur
1705 5591 1799 5657 bomo;
1814 5600 1921 5662 propter
1930 5588 1980 5644 lanc
1993 5587 2067 5645 mixti
2080 5589 2206 5662 coniuges
2226 5563 2232 5623 f

1425 5680 1471 5735 illo
1483 5680 1553 5734 malo
1565 5688 1674 5735 utuntur
1684 5679 1752 5736 berre
1766 5695 1773 5732 :
1788 5681 1810 5734 ti
1825 5690 1911 5734 autem
1924 5679 1957 5735 de
1967 5678 2075 5736 libidine
2085 5689 2208 5752 qtraeruttt

1426 5771 1505 5825 etiam
1520 5770 1690 5840 voluptatem,
1705 5770 1843 5826 venialiter
1857 5768 1935 5825 male.

1460 5878 1505 5938 tt.
1522 5900 1531 5935 ι
1549 5882 1629 5952 Quasi
1652 5882 1777 5947 maritus,
1805 5899 1815 5933 ι
1841 5881 1943 5953 inquis,
1960 5897 1970 5933 ι
1987 5878 2084 5955 ιοιιριι
2099 5880 2126 5937 ia
2146 5880 2206 5953 apl·

1426 5976 1506 6028 niane
1527 5973 1643 6028 amnium
1663 5980 1729 6028 etat.
1748 5992 1758 6025 ι
1774 5971 1926 6029 Secundorn
1947 5970 2017 6028 bane
2036 5971 2208 6042 opinionem,

1427 6080 1480 6118 non
1502 6063 1646 6117 secuudum
1664 6063 1802 6119 veritatem
1815 6064 1928 6119 locutam
1946 6061 2028 6117 luisse
2046 6059 2210 6134 &onnam

1459 6180 1468 6211 ¹
1484 6178 1578 6227 siem
1592 6175 1660 6234 sditl,
1672 6181 1778 6241 ursata.

1460 6239 1470 6271 ι
1487 6245 1536 6286 buo
1547 6245 1609 6295 stssn
1622 6235 1729 6296 desectas.

1869 6317 2085 6398 (Viam-ria.)
