5592 7350
605 872 656 935 lid

586 1076 589 1082 ‚
606 1025 665 1070 esto
680 1030 740 1070 csse
754 1031 806 1068 stou
827 1010 929 1083 poturit,
946 1032 956 1066 ι
971 1012 1033 1078 nisi,
1049 1012 1147 1073 credo,
1170 1010 1193 1065 si
1219 1022 1272 1066 ιιοιι
1292 1004 1398 1062 willel

608 1107 633 1160 iu
647 1106 776 1162 carnem?
789 1105 880 1175 Neque
894 1104 965 1159 oraim
982 1104 1065 1174 potuit
1079 1102 1201 1172 originali
1216 1106 1326 1171 peccato
1339 1111 1398 1152 esse

609 1199 750 1265 peccatrix,
763 1205 809 1250 aut
821 1211 926 1266 quoque
939 1196 1018 1250 modu
1031 1195 1057 1249 iu
1070 1191 1193 1263 originali
1206 1199 1314 1258 peccato
1325 1202 1394 1250 csse,

588 1342 591 1347 ,
609 1288 658 1341 nisi
673 1303 720 1357 per
731 1303 849 1348 caruem.
865 1288 887 1342 si
901 1287 935 1342 de
948 1296 1056 1356 parente
1067 1300 1121 1340 non
1135 1282 1258 1338 trahitur.
1274 1280 1400 1334 Videmus

607 1392 671 1447 ergo
689 1392 748 1432 earn
769 1393 816 1444 per
836 1378 948 1447 gratiam
972 1375 1079 1431 liberari
1098 1390 1113 1428 a
1135 1383 1244 1444 peceato
1258 1388 1265 1425 ε
1279 1368 1327 1428 sed
1346 1384 1399 1442 riou

609 1467 728 1522 ridemus
743 1468 812 1522 unde
825 1469 954 1523 meruerit
966 1469 1069 1522 baerere
1084 1475 1202 1537 peccato.
1217 1462 1285 1530 Quid
1300 1470 1342 1517 est
1355 1475 1401 1515 er-

607 1571 641 1628 pu
654 1558 723 1629 quod
739 1558 802 1613 dicit
814 1577 819 1611 :
835 1576 844 1611 ι
858 1559 885 1615 Si
902 1559 1034 1628 peccatrix
1046 1573 1106 1613 esse
1119 1557 1227 1620 meruit,
1244 1570 1297 1611 uon
1311 1563 1400 1614 taureu

610 1649 636 1706 iu
658 1659 766 1720 peccato
788 1651 937 1705 remansit?
955 1670 964 1701 ι
980 1650 1008 1704 Si
1021 1649 1092 1705 euim
1110 1646 1144 1703 ab
1157 1647 1202 1702 illo
1212 1660 1338 1717 quaeram,
1354 1658 1402 1698 cur

609 1755 662 1796 ιιοιι
685 1741 709 1795 ιιι
733 1753 843 1809 peccatu
864 1742 1037 1805 remanserit,
1060 1740 1210 1795 rectissime
1230 1736 1402 1807 respondebit

609 1832 679 1900 rqrrnd
695 1847 753 1886 cam
774 1830 871 1887 Cbristi
887 1834 970 1902 gratia
988 1830 1149 1886 liberaverit.
1171 1829 1245 1884 Sicut
1260 1843 1324 1898 ergo
1338 1825 1403 1880 dirrit

612 1921 681 1976 riade
691 1921 778 1975 anima
792 1923 892 1991 paruuli
904 1922 982 1977 fuerit
993 1922 1102 1975 liberata
1114 1920 1257 1991 peccatrix,
1271 1919 1309 1974 sic
1321 1918 1401 1972 etiarn

612 2011 682 2064 dicat
697 2011 767 2066 unde
781 2014 907 2066 meruerit
920 2028 980 2067 esse
994 2011 1136 2081 peccatrix.

646 2100 673 2155 u.
694 2101 746 2157 Sed
767 2102 828 2172 quid
850 2102 923 2168 dicit,
944 2102 986 2156 eui
1007 2100 1059 2156 boc
1075 2098 1145 2171 quud
1167 2098 1328 2170 prelocutus
1341 2103 1401 2161 est,

612 2190 743 2260 contigit?
761 2190 880 2260 Narrrque
902 2200 931 2245 ut
950 2192 1027 2245 istam
1048 2190 1222 2259 «questionem
1238 2187 1287 2243 sibi
1303 2201 1402 2256 propo·

615 2291 706 2346 neret,
729 2280 787 2336 ait:
804 2300 813 2333 ι
832 2282 890 2336 fllia
912 2281 1103 2337 substruuntur
1121 2278 1263 2349 opprobria
1284 2275 1403 2347 querulis

614 2370 867 2428 ιιιιιιιιιιιιιιιιοιιιιιιιιΙ
899 2371 1107 2438 oblatrantium,
1138 2380 1166 2425 et
1197 2368 1301 2424 excussi
1326 2365 1402 2437 quasi

612 2460 727 2532 qrrodtrru
751 2461 869 2527 turbine,
897 2461 1041 2516 identidem
1057 2462 1125 2515 brter
1139 2458 1263 2514 immania
1275 2472 1338 2511 saxa
1352 2456 1404 2510 cnl-

611 2550 728 2606 lidinrur.
751 2570 761 2603 ι
776 2552 831 2606 llue
857 2553 879 2607 si
890 2547 949 2623 ‘rgo
964 2553 997 2608 de
1012 2552 1057 2607 illo
1070 2550 1198 2617 dicerem,
1214 2548 1324 2604 forsitan
1340 2561 1403 2602 suc·

610 2654 741 2698 censeret.
761 2643 844 2700 l'erba
860 2652 921 2699 sunt
936 2645 994 2714 ejus
1011 2644 1128 2714 :quibus
1145 2641 1288 2712 prurriissis
1303 2653 1401 2709 propo·

610 2732 663 2786 suit
683 2735 875 2803 questiouem,
898 2736 923 2788 iu
945 2749 997 2804 qua
1019 2734 1075 2803 ipsa
1095 2748 1158 2787 saxa
1180 2731 1275 2802 quibus
1294 2730 1403 2784 collisus

611 2824 789 2894 naufragarit,
805 2825 969 2883 ostenderet.
983 2827 1023 2881 Ad
1037 2825 1088 2880 boc
1101 2825 1171 2880 enim
1186 2822 1329 2894 perductus
1344 2828 1402 2883 eet,

610 2925 638 2971 et
649 2924 701 2971 tarn
714 2916 853 2971 horrendis
865 2918 987 2973 cautibus
1000 2917 1086 2971 illatus
1097 2918 1105 2947 ¹
1118 2957 1126 2982 ,
1140 2915 1279 2983 impulsus,
1293 2911 1401 2976 infixus,

613 3016 638 3060 ut
654 3021 749 3061 eruere
760 3023 790 3064 se
805 3008 855 3063 nisi
869 3008 1034 3063 emendando
1048 3007 1119 3078 quod
1132 3007 1209 3072 dixit,
1225 3006 1335 3060 orrruino
1348 3019 1402 3057 non

615 3095 716 3163 pussit;
737 3111 790 3151 nou
811 3098 902 3151 valens
916 3096 1056 3151 ostendere
1074 3112 1126 3167 quo
1144 3097 1240 3150 merito
1258 3094 1346 3148 anima
1367 3093 1403 3148 sit

612 3182 680 3240 facta
696 3187 846 3255 peccatrix,
865 3203 945 3257 quam
963 3187 1053 3243 dicere
1072 3201 1125 3241 non
1146 3187 1232 3240 timuit
1247 3195 1309 3240 aute
1322 3200 1402 3240 onrue

608 3290 689 3333 suum
705 3287 841 3348 peecatum
856 3280 985 3335 meruisse
998 3279 1054 3335 fieri
1069 3279 1253 3349 peccatricem.
1268 3277 1332 3346 Quis
1347 3285 1401 3331 tarn

609 3366 726 3423 immane
737 3370 892 3439 supplicium
906 3377 1023 3425 merctur
1035 3370 1093 3425 sinc
1104 3379 1224 3442 peccatu,
1238 3379 1266 3424 ut
1276 3370 1303 3423 in
1316 3369 1401 3424 aliena

610 3454 749 3527 iniquitate
762 3469 922 3530 conceptus,
943 3470 1084 3530 antequam
1104 3469 1181 3515 exeat
1201 3460 1235 3515 dc
1255 3458 1402 3514 uisceribus

597 3548 712 3613 'ruatrin
723 3550 778 3619 jam
790 3567 842 3605 ιιοιι
855 3551 890 3605 sit
903 3551 961 3607 siue
972 3552 1099 3622 peccatu?
1112 3552 1149 3607 De
1159 3552 1209 3606 bac
1221 3561 1308 3607 autem
1322 3566 1401 3623 perra

611 3638 781 3706 paruulorum
804 3640 928 3707 aniruas,
948 3641 993 3712 qui
1015 3651 1205 3710 regenerantur
1227 3642 1253 3696 iu
1276 3640 1399 3710 Christo,

612 3728 691 3783 nullis
708 3745 800 3784 eorurn
823 3729 1033 3800 precedentibus
1053 3731 1157 3788 eteritis
1173 3733 1286 3803 gratuita
1306 3733 1401 3789 liberat

610 3819 695 3889 gratia
707 3837 714 3874 a
725 3821 842 3891 alioquin
861 3822 945 3890 gratia
961 3821 1017 3892 jam
1034 3836 1087 3877 tren
1106 3832 1147 3878 est
1162 3824 1245 3893 gratia
1257 3822 1345 3898 (aaa.
1359 3840 1398 3891 ιι,

610 3908 651 3981 d).
668 3908 782 3966 Proinde
806 3911 856 3966 iste
881 3910 961 3967 boum
976 3912 1052 3971 rablc
1067 3913 1232 3987 intelligens,
1248 3916 1290 3971 eui
1305 3915 1401 3987 displi-

612 4008 656 4053 cet
666 3999 693 4054 in
707 4009 780 4056 tauta
792 4001 980 4071 profunditate,
993 4003 1043 4059 etsi
1056 4019 1108 4059 nou
1121 4003 1209 4071 docta,
1223 4015 1310 4061 minen
1323 4016 1398 4064 cauta

609 4100 699 4145 nostra
713 4092 858 4159 cunctatio,
874 4091 944 4148 dicat
956 4094 978 4148 si
991 4103 1089 4167 potest,
1103 4095 1129 4149 ιιι
1143 4096 1211 4152 baruc
1225 4111 1331 4166 poerram
1346 4113 1400 4168 quo

609 4182 761 4251 pervenerit
773 4183 861 4238 anima
878 4185 989 4249 nterito,
1004 4185 1038 4242 de
1051 4201 1103 4256 qua
1117 4200 1196 4257 prena
1210 4187 1304 4243 liberat
1316 4189 1400 4260 gratia

611 4272 670 4327 siue
685 4272 789 4327 rrterito.
807 4274 890 4341 Dicat,
907 4284 935 4333 ut
948 4276 1018 4346 quod
1033 4276 1109 4342 dixit,
1125 4278 1223 4348 aliqua,
1240 4278 1263 4334 si
1278 4279 1399 4349 valuerit,

610 4360 711 4416 ratione
725 4361 860 4419 defendat.
886 4363 944 4423 Nou
959 4366 1030 4423 eninr
1045 4366 1096 4422 froc
1110 4369 1262 4439 exigerem,
1278 4369 1329 4425 nisi
1344 4370 1401 4440 ipse

609 4447 721 4506 dixisset
741 4454 812 4524 quud
833 4455 922 4510 anima
943 4457 1069 4512 meruerit
1083 4472 1143 4513 esse
1164 4459 1309 4528 peccatrix.
1326 4460 1402 4520 [licat

610 4543 733 4598 meritum
747 4532 821 4616 ejus.
839 4557 925 4602 utrum
940 4548 1038 4603 bouum
1054 4546 1148 4614 fuerit,
1164 4565 1233 4606 atine
1247 4552 1354 4608 malunt.
1371 4552 1400 4608 Si

610 4632 719 4702 bouum,
734 4652 787 4707 quo
799 4638 895 4694 merito
908 4639 978 4695 boun
994 4639 1103 4695 venitin
1117 4641 1235 4698 uiuunt
1246 4642 1275 4697 Si
1289 4644 1398 4711 malum,

610 4726 680 4782 unde
695 4727 800 4798 aliquod
816 4731 913 4785 malum
930 4733 1053 4786 exeritum
1068 4742 1130 4788 autc
1144 4747 1223 4789 ourne
1238 4736 1401 4803 mccatrrm?

611 4817 676 4872 item
691 4819 750 4873 (lieo
765 4837 771 4873 :
784 4818 811 4874 Si
826 4819 942 4888 bouum,
960 4838 1013 4877 nou
1027 4838 1090 4894 ergo
1104 4838 1163 4878 earu
1177 4826 1277 4895 gratie,
1293 4826 1340 4881 scd
1355 4841 1400 4881 sc·

608 4907 724 4962 cundum
739 4909 855 4964 debiturn
871 4910 963 4966 liberat
975 4913 1078 4979 gratia,
1100 4913 1176 4984 cujus
1194 4916 1329 4985 praecessit
1343 4932 1401 4972 me·

611 4997 690 5052 ritum
707 4998 823 5066 bouuur;
843 5017 874 5055 ae
890 5003 929 5057 sic
947 5004 1031 5073 gratia
1048 5006 1103 5073 jam
1122 5020 1174 5060 nun
1193 5007 1244 5062 crit
1259 5008 1352 5078 gratia.
1371 5008 1398 5064 Si

609 5095 698 5140 etitem
713 5087 823 5156 malum,
837 5106 927 5158 quarn
941 5093 1011 5160 qum
1024 5093 1056 5146 sit
1069 5111 1076 5149 z
1087 5108 1120 5148 arr
1135 5094 1206 5164 quod
1219 5096 1290 5152 reriit
1301 5097 1329 5152 in
1342 5113 1399 5153 car·

611 5192 689 5243 trem,
705 5192 758 5250 quo
773 5194 826 5234 nnn
840 5181 968 5247 uenisset,
983 5181 1033 5237 nisi
1048 5183 1117 5252 apud
1131 5200 1209 5256 quem
1224 5201 1276 5242 nou
1291 5197 1333 5243 est
1356 5189 1399 5244 iu·

609 5271 715 5344 lquitm,
728 5271 785 5342 ipse
793 5271 1071 5345 nrisissetflluuquam
1083 5275 1162 5347 igitur
1172 5277 1221 5332 nisi
1233 5293 1262 5334 se
1272 5279 1299 5334 ιιι
1309 5280 1400 5353 pejora

608 5363 788 5434 praecipitans,
801 5363 869 5421 banc
881 5380 955 5420 stram
966 5367 1125 5423 seruientium
1136 5368 1260 5426 molietur
1269 5380 1400 5438 astruere,

608 5469 661 5524 iqua
673 5454 744 5510 dixit
755 5455 825 5526 quod
838 5456 924 5511 anima
940 5459 1036 5513 urei-uit
1046 5474 1105 5515 esse
1117 5445 1259 5530 peccatrix.
1272 5463 1303 5516 tlt
1315 5463 1348 5517 de
1360 5465 1401 5522 bis

610 5548 974 5620 ¹guiderrtparrulis,quorum
984 5552 1401 5625 iuBaptismouttufunarigtuate

609 5649 759 5708 peceatum,
775 5640 875 5697 imeuit
887 5641 1116 5714 qualitercumque
1128 5645 1199 5715 quud
1211 5644 1322 5709 diceret,
1335 5662 1401 5719 ipro-

609 5729 680 5783 niam
695 5732 859 5799 praescientia
875 5732 920 5788 llei
936 5734 1130 5802 praedestinatis
1139 5737 1165 5792 ιιι
1180 5737 1401 5795 tinnimentum

612 5818 677 5874 nibil
690 5821 784 5877 abesse
798 5825 937 5894 potuisset,
951 5827 1086 5896 paulisper
1098 5828 1185 5883 alieno
1198 5828 1329 5885 iubaerere
1341 5846 1402 5900 pec·

610 5919 680 5963 cato.
696 5909 771 5979 erod
788 5913 960 5968 tolerabiliter
978 5915 1125 5985 diceretur,
1141 5919 1163 5972 si
1178 5932 1230 5972 narn
1247 5919 1298 5975 iste
1312 5921 1401 5977 uerbis

610 6000 667 6056 suis
686 6001 882 6073 implicaretur.
899 6005 990 6064 diceus
1008 6009 1078 6080 qarod
1093 6012 1220 6068 nreruerit
1239 6013 1327 6068 anirua
1341 6029 1402 6069 esse

610 6093 762 6165 peccatrix,
779 6095 848 6152 unde
861 6113 890 6154 se
904 6099 1012 6155 omnino
1027 6116 1080 6156 nou
1094 6102 1197 6172 liberat,
1213 6106 1263 6161 nisi
1277 6106 1326 6163 boc
1338 6121 1401 6161 eum

609 6183 708 6241 dixisse
720 6188 857 6256 poeuitcat.

663 6346 701 6391 fr.
722 6349 748 6393 et
758 6348 824 6406 totu,
836 6343 922 6397 iflisrrr.
936 6355 984 6398 em,
1001 6358 1096 6414 cluss,
1110 6350 1199 6423 illatae,

1050 870 1094 928 DE
1113 870 1219 928 stiittt
1240 868 1283 928 ΕΤ
1303 865 1384 926 ntus
1406 860 1551 931 eluctus,
1565 863 1593 918 S.
1614 862 1816 946 aucusltxt‘

2191 864 2244 926 ιιι

1486 999 1600 1056 eleut
1615 999 1742 1056 lx.-tu.
1755 1000 1794 1055 llo
1806 997 1859 1053 illis
1869 1008 1958 1053 autem
1972 998 2090 1068 paruulis
2102 998 2147 1069 qui
2160 997 2246 1055 morte

1452 1091 1649 1161 praeveniuntur
1661 1091 1815 1160 priusquam
1830 1090 1998 1158 baptizentur
2012 1090 2039 1143 in
2052 1088 2170 1158 Christo,
2184 1107 2245 1145 cum

1452 1178 1614 1247 respondere
1628 1179 1771 1241 voluisset,
1787 1194 1867 1232 ausus
1885 1187 1927 1232 est
1940 1178 1979 1232 eis
1998 1180 2172 1247 promittere,
2193 1196 2247 1234 non

1451 1269 1539 1324 solutu
1561 1269 1723 1338 paradisum,
1747 1284 1838 1323 rerum
1857 1270 1938 1324 etiam
1958 1284 2069 1339 reguum
2087 1270 2218 1332 coelorum
2238 1288 2246 1325 a

1452 1344 1506 1415 uun
1521 1360 1660 1415 irrueniens
1673 1375 1726 1430 qua
1740 1359 1835 1424 exiret,
1852 1376 1886 1415 ne
1901 1360 1984 1415 Deum
1998 1360 2102 1416 animas
2117 1361 2248 1419 inuucen·

1453 1458 1493 1506 tes
1505 1449 1595 1505 dicere
1606 1458 1746 1519 cogeretur
1754 1460 1855 1506 aeterna
1867 1459 1953 1505 morte
1963 1448 2100 1516 damnare,
2114 1466 2181 1522 quas
2193 1452 2251 1506 ιιιιι·

1452 1540 1584 1609 inmerito
1597 1541 1764 1611 praecedente
1777 1542 1887 1613 peccati,
1901 1542 1975 1598 carni
1988 1543 2079 1598 inserit
2092 1544 2247 1615 peccatrici.

1453 1630 1505 1686 snt
1520 1640 1663 1701 utcumque
1676 1634 1794 1686 sentiens
1807 1630 1871 1701 quid
1885 1630 1948 1686 mali
1963 1632 1971 1663 ¹
1986 1631 2097 1699 dixerit,
2120 1634 2248 1710 siueullx

1452 1719 1551 1776 Cbristi
1566 1722 1648 1793 gratia
1663 1737 1766 1777 ammas
1782 1706 1876 1777 redimi
1891 1722 2061 1792 paruulorum
2078 1724 2105 1779 in
2118 1737 2248 1781 aeternam

1453 1809 1533 1865 uitam
1549 1824 1714 1882 regnumque
1728 1811 1868 1879 roelorum,
1883 1822 1909 1867 et
1923 1811 2003 1868 ineis
2018 1828 2096 1883 posse
2109 1815 2177 1872 solvi
2190 1816 2248 1873 ori·

1453 1901 1541 1972 ginalc
1554 1912 1691 1971 peccatum
1709 1903 1766 1958 sine
1781 1904 1917 1973 baptismo
1928 1902 2038 1969 Christi,
2053 1907 2079 1960 in
2093 1921 2147 1977 quo
2161 1906 2192 1961 fit
2204 1922 2249 1964 re·

1455 1993 1547 2049 missio
1562 2005 1731 2065 peecatorum
1745 2012 1751 2048 :
1766 1994 1859 2051 ridens
1871 2010 1946 2066 ergo,
1961 1996 1986 2050 in
2001 2012 2081 2066 quarn
2095 2013 2125 2052 sc
2137 1998 2242 2069 profun-

1454 2083 1563 2158 ditatem
1579 2086 1727 2157 naufragosi
1741 2087 1853 2159 gurgitis
1864 2086 1974 2156 jecerit,
1992 2105 2003 2151 t
2018 2087 2099 2155 Sane,
2117 2107 2127 2142 ι
2145 2090 2245 2161 iuquit,

1458 2190 1467 2226 ι
1484 2190 1533 2245 pro
1557 2176 1597 2230 eis
1619 2159 1767 2232 ublatIoues
1786 2176 1927 2243 assiduas,
1947 2187 1975 2232 et
1994 2176 2130 2235 offerenda
2148 2180 2247 2253 jugiter

1453 2274 1605 2327 unctorum
1619 2282 1717 2323 censeo
1730 2264 1859 2322 sacrificia
1875 2267 2053 2324 sacerdotum.
2071 2291 2078 2322 ι
2092 2270 2162 2327 Eece
2175 2272 2247 2328 aliud

1454 2356 1525 2411 uude
1540 2373 1672 2429 uunquam
1687 2358 1807 2413 exiturus
1821 2367 1876 2422 est,
1901 2358 1951 2416 nisi
1965 2374 2026 2414 curn
2041 2360 2142 2418 dixisse
2158 2365 2247 2432 querri-

1455 2456 1518 2502 tent.
1534 2448 1598 2515 Quis
1612 2450 1682 2503 enim
1703 2448 1798 2504 afferat
1812 2463 1909 2520 eorpus
1929 2450 2049 2516 Cbristi,
2069 2454 2118 2508 nisi
2140 2441 2249 2525 procis

1453 2540 1498 2610 qui
1513 2540 1631 2595 membra
1646 2551 1708 2595 suut
1722 2532 1843 2597 Christi?
1858 2544 1964 2615 Exque
1985 2554 2072 2600 autem
2088 2547 2123 2603 ab
2144 2548 2190 2604 illo
2207 2550 2250 2605 di-

1454 2640 1525 2686 ctum
1537 2643 1589 2698 est,
1612 2620 1670 2688 Nbi
1681 2635 1736 2704 quis
1749 2645 1850 2690 renatus
1862 2638 1938 2705 fuerit
1951 2654 1983 2691 rr
1993 2655 2057 2708 equo
2069 2654 2093 2714 et
2108 2639 2207 2710 Spiritu
2224 2645 2248 2707 ⁸,

1454 2739 1504 2778 non
1518 2733 1597 2793 potest
1610 2724 1705 2780 intrare
1724 2726 1750 2779 in
1765 2742 1868 2797 regnum
1881 2726 1927 2780 bat
1936 2726 2025 2798 (foen.
2042 2745 2079 2794 tu,
2091 2730 2118 2801 5)
2130 2749 2138 2795 ;
2153 2736 2250 2788 etalio

1455 2812 1523 2877 leco,
1540 2813 1589 2879 Qut
1602 2816 1739 2881 perdiderit
1749 2816 1859 2869 ouirueur
1876 2834 1949 2871 sunm
1968 2830 2070 2888 propter
2080 2838 2129 2888 nte,
2140 2824 2251 2879 iurerrr'ea'

1454 2921 1508 2957 eum
1529 2904 1634 2973 (ffuttb.
1651 2922 1677 2971 x,
1691 2907 1738 2975 59)
1752 2925 1758 2961 :
1772 2922 1850 2962 nemo
1866 2907 1896 2961 ιιι
1908 2910 2057 2964 urerubrurn
2071 2911 2181 2975 Cbristi.
2195 2902 2250 2970 nisi
2339 2984 2346 2991 ι

1454 3005 1500 3050 aut
1515 2995 1674 3064 baptismate
1688 2996 1714 3052 in
1733 2995 1839 3052 Cbristo
1848 3008 1904 3063 ,aut
1917 3009 2002 3054 runrte
2017 3016 2063 3070 pro
2076 3000 2192 3058 Cbristo.

1489 3086 1532 3140 ll.
1555 3085 1631 3142 Unde
1649 3095 1677 3141 et
1696 3087 1764 3142 latro
1787 3088 1842 3156 ille,
1857 3104 1909 3143 nou
1930 3100 1993 3147 aute
2014 3106 2120 3147 errarem
2143 3096 2248 3152 Domini

1453 3176 1591 3240 sectator&
1603 3177 1650 3232 sed
1662 3179 1688 3232 in
1697 3178 1931 3248 cruceeonfessor,
1948 3183 1981 3236 de
1997 3198 2250 3256 quouounnnquam

1454 3266 1634 3337 praejudicium
1648 3278 1779 3339 captatur,
1790 3271 1847 3326 sive
1858 3280 1983 3339 tentatur,
1993 3283 2086 3330 contra
2100 3276 2251 3346 baptisare-

1454 3356 1487 3413 tis
1510 3371 1715 3428 sacramentum,
1735 3377 1751 3416 a
1770 3361 1903 3436 Cypriane
1922 3375 2015 3421 saneto
2036 3367 2105 3423 iuter
2117 3380 2251 3441 martyres

1453 3459 1621 3519 computatur
1633 3450 1800 3524 (Cyprianus,
1817 3453 1901 3525 Epist.
1912 3456 1946 3509 od
1955 3454 2132 3531 resumam),
2143 3461 2188 3535 qud
2199 3477 2250 3517 sun

1453 3540 1581 3610 sanguine
1600 3541 1780 3614 baptizantur,
1801 3546 1872 3615 quod
1886 3546 2020 3619 plerisque
2036 3565 2088 3605 nou
2109 3550 2250 3622 baptizatis·

1453 3627 1573 3687 fervente
1595 3635 1779 3704 perseeutione
1806 3639 1928 3708 provenit
1944 3639 2011 3712 (a).
2026 3641 2111 3699 Tanto
2133 3660 2250 3717 namque

1452 3721 1570 3792 pondere
1584 3739 1731 3794 appensum
1743 3736 1795 3792 est,
1816 3737 1971 3800 mumurque
1991 3733 2073 3788 valuit
2095 3736 2167 3805 apud
2187 3753 2248 3794 eura

1452 3812 1497 3884 qni
1513 3811 1570 3870 baec
1583 3814 1656 3870 nouit
1673 3817 1836 3888 appendere,
1851 3820 1922 3891 quod
1943 3821 2082 3881 confessus
2095 3837 2137 3882 est
2156 3827 2249 3886 bomi-

1453 3919 1516 3959 num
1529 3905 1696 3974 crucibxum,
1709 3919 1837 3979 quantum
1851 3911 1875 3966 si
1890 3911 1983 3968 fuisset
1993 3929 2042 3984 pro
2064 3916 2176 3973 unnim
2185 3935 2248 3976 cru·

1452 3994 1556 4055 cillxus.
1572 3997 1648 4053 Tunc
1658 3999 1730 4055 eninr
1746 4000 1812 4058 fades
1824 4002 1885 4074 ejus
1897 4003 1930 4061 de
1944 4004 2015 4076 ligno
2030 4006 2128 4076 floruit,
2142 4012 2249 4082 qrraodn

1452 4088 1641 4162 discipulorum
1651 4094 1764 4151 marcuit
1773 4113 1781 4164 ;
1791 4096 1860 4152 nist⁸
1871 4098 1948 4169 cuius
1963 4103 2170 4163 montisserrore
2180 4122 2251 4162 nuar-

1452 4192 1554 4250 cuerat,
1563 4184 1621 4253 ejus
1631 4187 1826 4243 resurreetione
1834 4192 2018 4246 reviresceret.
2031 4191 2070 4247 llli
2078 4195 2150 4249 enim
2158 4196 2249 4268 despo

1452 4271 1619 4329 raseruntde
1627 4276 1768 4342 moriente,
1778 4277 1822 4333 ille
1829 4281 1980 4349 speraritin
1988 4285 2249 4344 commorientezns·

1454 4360 1577 4435 fugerunt
1595 4365 1633 4420 illi
1655 4377 1792 4424 auctorem
1811 4370 1890 4437 ritae;
1911 4373 2014 4442 rogarit
2033 4375 2076 4430 ille
2094 4387 2248 4435 consortem

1453 4468 1539 4524 wne
1548 4455 2250 4534 :dolueruntillitanquamlrominisrnortem,eredidit

1453 4545 1673 4618 illeregnaturum
1682 4556 2251 4632 essepostmortemadeserueruntillispoe

1452 4653 1540 4696 sorem
1551 4641 1655 4708 salutis,
1665 4642 1803 4700 bonoravit
1814 4646 1859 4700 ille
1870 4647 1972 4702 socium
1982 4650 2079 4704 crucis.
2087 4651 2197 4708 lureuta
2207 4664 2250 4709 est

1453 4730 1479 4786 ιιι
1488 4745 1521 4786 eo
1529 4747 1654 4805 incursura
1668 4737 1802 4808 martyris,
1814 4738 1857 4806 qui
1867 4748 1931 4793 tunc
1943 4739 1970 4794 in
1981 4740 2116 4796 Christum
2124 4744 2248 4810 credidit,

1453 4820 1559 4889 quando
1578 4821 1733 4878 defecerunt
1749 4825 1794 4895 qni
1809 4827 1886 4881 futuri
1902 4837 1977 4883 erant
1992 4839 2134 4902 martyres.
2151 4833 2186 4887 Et
2199 4833 2250 4890 boe

1452 4912 1559 4982 quidem
1574 4915 1657 4970 oculis
1669 4916 1774 4971 Domini
1788 4919 1888 4974 clerum
1904 4919 1961 4985 fuit,
1979 4921 2025 4990 qni
2039 4937 2091 4977 non
2103 4923 2248 4994 bapizati,

1453 5008 1578 5071 tanquam
1593 5005 1711 5077 martyrii
1723 5007 1851 5076 sanguine
1864 5008 1964 5076 abluto,
1980 5020 2078 5066 unum
2094 5011 2248 5072 felicitatem

1452 5094 1543 5149 statim
1552 5095 1745 5168 corrtulit(l.ne.
1755 5114 1832 5161 xxur,
1840 5100 1896 5169 lb).
1908 5099 1959 5155 Sed
1970 5103 2049 5158 etiarn
2058 5114 2179 5160 nostrum
2189 5106 2250 5176 spuis

1453 5199 1506 5240 non
1517 5186 1679 5253 consideret,
1695 5199 1791 5258 quanta
1801 5189 1864 5255 ude,
1874 5203 1970 5264 quanta
1986 5209 2044 5264 spe,
2052 5199 2250 5266 quantsebari·

1453 5283 1507 5331 ure
1520 5286 1633 5332 mortem
1646 5293 1695 5348 pro
1705 5279 1812 5334 Christo
1824 5282 1928 5338 rirente
1940 5286 2076 5355 suscipere
2091 5289 2188 5357 potuit,
2203 5293 2250 5360 qui

1452 5364 1533 5421 vitam
1547 5366 1572 5422 iu
1588 5368 1719 5424 moriente
1730 5371 1861 5438 qrraestait.
1872 5372 1928 5427 llue
1942 5375 2052 5441 accedit,
2068 5377 2130 5446 quia
2145 5394 2199 5434 non
2210 5381 2251 5434 in·

1453 5456 1616 5512 credibiliter
1627 5457 1738 5528 dicitur,
1755 5460 1884 5517 latronem
1903 5465 1947 5535 qui
1963 5475 2025 5521 tune
2037 5469 2161 5537 credidit,
2174 5471 2250 5540 juxta

1455 5546 1595 5602 barnuinum
1605 5548 1773 5615 crucifixum,
1783 5566 1850 5621 aqru
1863 5553 1905 5607 illa
1920 5556 2021 5623 quade
2033 5558 2142 5615 exiluere
2156 5559 2251 5618 leteris

1454 5636 1511 5706 ejus
1532 5637 1650 5705 emicuit,
1671 5648 1796 5709 tanquam
1816 5644 1997 5700 saeratissimo
2014 5647 2147 5718 baptismo
2166 5650 2251 5708 fuisse

1455 5726 1600 5796 perfusum.
1616 5729 1650 5785 lit
1668 5732 1787 5788 omittam
1801 5735 1873 5804 quod
1891 5752 1965 5805 eum,
1978 5749 2117 5809 antequam
2136 5742 2249 5803 damus·

1454 5827 1538 5888 retur,
1548 5819 1707 5890 baptizatum
1720 5838 1774 5880 non
1788 5823 2017 5899 subsequamini
2032 5848 2111 5887 nemo
2126 5844 2251 5896 nostruin

1488 5997 1496 6025 ¹
1514 5993 1597 6044 utores
1608 6003 1672 6055 uss„
1685 5998 1830 6060 quodmele.

1486 6055 1499 6127 ¹.
1514 6057 1581 6138 edati,
1593 6070 1625 6107 ee
1637 6070 1700 6122 nque
1710 6066 1733 6110 et
1744 6060 1834 6125 spiritu
1842 6071 1931 6116 smero.
1951 6068 2033 6129 abest,
2041 6045 2133 6129 ιωισιο,
2145 6085 2246 6124 ananu-

1454 6122 1637 6230 seldptlrlrbt'ieanus
1649 6188 1700 6240 us..
1712 6192 1814 6235 erutor.

1486 6238 1496 6269 ι
1514 6239 1579 6290 tdem
1591 6247 1715 6292 vastemus
1727 6253 1777 6305 us,
1790 6255 1822 6297 rt.

1486 6299 1523 6357 (ni
1535 6302 1592 6350 tide
1605 6302 1645 6351 lib.
1657 6306 1671 6351 ι
1682 6307 1713 6354 de
1727 6313 1789 6367 bapt.
1803 6319 1885 6358 eirrtra
1895 6318 1988 6372 imitat..
2001 6327 2024 6363 u.
2036 6313 2073 6375 ᾖ,
2093 6324 2118 6366 ιι
2132 6316 2158 6366 ιι
2174 6320 2246 6368 bedf.

1457 6375 1481 6420 q.
1493 6359 1539 6422 dl,
1561 6361 1602 6414 tiu.
1616 6364 1631 6414 Ξ
1650 6372 1761 6427 betiaco,
1773 6383 1799 6422 cc
1824 6370 1851 6419 ¹8
1864 6380 1889 6422 et
1899 6374 1938 6425 55.
