5592 7350
648 897 680 961 cl
1369 883 1559 948 rhmrsrlo.
2245 905 2279 958 gg

647 997 725 1074 ipsis
741 992 892 1073 postulat.
905 990 982 1054 Crem
996 995 1127 1052 1111111,
1146 985 1261 1063 inquit,
1278 982 1369 1045 nobis
1390 992 1463 1043 esset
1484 984 1693 1050 auctoritatis,
1709 992 1742 1043 11
1758 980 1862 1044 nielles
1878 986 1913 1046 dc
1930 997 2038 1050 arnan
2052 994 2153 1074 pesele
2174 1002 2274 1058 reem.

647 1087 730 1135 ctore
748 1072 924 1136 sententio:
945 1069 1022 1130 rrildl
1037 1067 1163 1146 opimas,
1184 1063 1267 1144 qaod
1283 1080 1348 1123 aon
1362 1062 1402 1123 ad
1414 1072 1547 1123 cestram
1560 1064 1706 1125 notitiam
1719 1065 1838 1125 nostris
1854 1067 1939 1127 ultro
1951 1069 2066 1130 litteris
2079 1074 2274 1156 referremus,

647 1153 756 1214 doctos
769 1150 826 1213 hoc
839 1148 1044 1230 [1111111111.
1061 1154 1120 1206 etc.
1134 1145 1197 1204 lios
1210 1149 1316 1204 tamen
1336 1142 1488 1203 certiores
1510 1141 1595 1212 lacit,
1612 1158 1683 1202 sese
1697 1142 1805 1204 omnia
1818 1142 1928 1205 eodem
1950 1146 1982 1207 ln
2001 1153 2100 1221 statu,
2117 1157 2277 1230 quemad·

647 1230 776 1292 modum
800 1233 932 1307 rogatus
952 1229 994 1287 ab
1010 1226 1086 1301 ipsis
1102 1223 1217 1292 iuerat,
1240 1221 1422 1298 reliquisse.
1443 1219 1583 1280 innuere
1598 1220 1854 1296 autemridetur,
1878 1224 1939 1286 sibi
1966 1230 2180 1307 propositum,
2196 1236 2275 1313 qnid

647 1310 698 1370 bie
714 1309 795 1369 lacto
809 1324 891 1385 opus
911 1309 1006 1375 esset,
1022 1305 1138 1364 iterum
1151 1301 1330 1390 deliberare
1347 1296 1465 1389 (Intro,
1482 1298 1622 1435 Apffl’
1638 1308 1730 1376 porte
1742 1299 1787 1379 P).

685 1386 828 1465 Epistola
844 1386 910 1448 blec
923 1383 1017 1445 tertio
1032 1380 1180 1442 calendas
1196 1378 1273 1439 mari
1291 1381 1437 1456 perremt
1453 1393 1486 1436 m
1503 1382 1526 1436 A
1543 1393 1663 1448 rrcam,
1685 1395 1751 1455 quo
1767 1386 1909 1458 tempore
1929 1384 2081 1459 presules
2100 1385 2277 1471 Carthagi-

646 1482 719 1525 nem
731 1482 851 1525 novum
862 1470 974 1524 contra
988 1459 1177 1539 Pelagianos
1191 1457 1364 1519 concilium
1374 1455 1566 1516 celebraturi
1577 1458 1829 1530 conveniebaut3
1845 1460 1931 1552 quod
1945 1462 2075 1539 quidem
2089 1464 2123 1525 iu
2142 1468 2276 1536 basilica

646 1543 755 1604 Fausti
778 1559 864 1604 anno
880 1537 1197 1618 quadringentesimo
1211 1535 1335 1596 decimo
1352 1539 1478 1606 octavo,
1496 1534 1545 1594 die
1568 1539 1671 1611 prima
1694 1535 1769 1596 maii
1786 1536 2056 1619 habiturumque
2076 1561 2116 1603 cx
2141 1550 2278 1624 provin-

645 1622 702 1682 ciis
718 1622 896 1700 Byzacena,
918 1617 1113 1679 Mauritania
1131 1613 1284 1685 Sitilensi,
1301 1613 1513 1690 Tripolitana,
1534 1613 1694 1683 Numidia,
1708 1614 1903 1679 Mauritania
1919 1617 2137 1694 caesareensi,
2160 1629 2192 1685 et
2210 1627 2270 1687 lli·

645 1700 777 1777 spania,
794 1704 1025 1777 congregatum
1042 1696 1075 1755 in
1093 1693 1254 1755 veteribus
1270 1691 1509 1783 exemplaribus
1534 1697 1751 1768 prenotatam
1766 1692 1800 1752 iu
1822 1711 1926 1773 eoque
1949 1698 2070 1761 sedisse
2093 1702 2275 1777 Aurelium,

645 1796 718 1839 cum
744 1778 880 1855 primate
903 1777 1077 1855 Byzacena
1093 1770 1276 1833 Donatiauo
1290 1770 1494 1847 Teleplensr,
1521 1779 1552 1830 et
1566 1771 1638 1830 aliis
1653 1771 1798 1854 ducentis
1821 1774 1923 1835 tribus
1946 1777 2116 1855 episcopis,
2140 1780 2271 1861 iegitur.

645 1857 777 1919 Photius
792 1856 947 1917 ducentos
963 1853 1075 1933 viginti
1089 1854 1230 1929 quatuor
1243 1852 1358 1926 prteter
1374 1847 1541 1908 Aurelium
1555 1854 1586 1909 ot
1599 1850 1814 1910 horatianum
1830 1860 1978 1915 punierat
1995 1854 2119 1936 (told).

683 1936 769 2009 Quin
784 1939 891 1996 autern
914 1934 974 1994 hoc
988 1934 1092 2009 ipsum
1117 1927 1410 2007 plenariumtotius
1425 1925 1539 1987 Africae
1555 1927 1652 1987 luerit
1675 1929 1860 2003 concilium,
1879 1931 1912 1990 in
1939 1950 2005 2009 quo
2020 1936 2218 2014 Augustinus
2239 1958 2275 2002 se

567 2058 570 2064 -
643 2018 741 2092 atque
756 2014 837 2074 alios
853 2013 1011 2073 antistites
1029 2008 1194 2088 quidpiam
1209 2006 1363 2067 adversus
1385 2005 1590 2084 Pelagianam
1617 2006 1762 2067 heresim
1787 2008 1927 2069 breviter
1949 2013 2155 2076 constituisse
2174 2022 2276 2079 testa-

643 2096 697 2151 tur
712 2092 832 2171 (Epist.
848 2088 919 2158 2115,
934 2106 966 2149 o.
983 2088 1027 2165 P),
1048 2088 1155 2146 nullus
1171 2093 1219 2146 est
1232 2083 1413 2222 ambigendi
1427 2084 1529 2144 locus.
1551 2084 1587 2143 In
1600 2101 1640 2145 eo
1653 2091 1738 2145 certe
1753 2090 1824 2146 octo
1840 2088 1907 2148 sive
1931 2106 2047 2151 norem
2070 2093 2141 2154 illos
2168 2112 2275 2157 cano-

643 2187 713 2242 nes,
730 2170 786 2247 qui
800 2170 986 2230 hlilevitano
1003 2165 1153 2242 adscripti
1169 2163 1304 2225 concilio
1338 2163 1527 2241 egebautur,
1551 2179 1634 2239 quos
1657 2169 1689 2222 et
1714 2164 1906 2227 Baroniusa
1930 2169 2053 2248 synodo
2071 2172 2103 2229 in
2129 2187 2168 2234 ea
2193 2177 2274 2237 urhe

645 2264 733 2310 aurio
754 2246 1074 2326 quadringentesimo
1087 2242 1210 2304 decimo
1232 2246 1324 2301 sexto
1345 2245 1540 2320 congregata
1552 2241 1692 2325 sancitos
1704 2243 1911 2316 existimavit,
1923 2247 2144 2310 condiderunt.
2163 2252 2275 2313 Enim-

643 2343 720 2387 vero
740 2342 797 2387 eos
813 2324 888 2386 huic
900 2324 1048 2393 coneilio,
1066 2326 1182 2399 preter
1196 2317 1379 2381 Airicanam
1404 2319 1637 2389 collectionem,
1654 2320 1903 2382 vetustissimum
1919 2325 2132 2389 Gandareuse
2156 2347 2275 2391 exem-

643 2405 713 2481 plar
734 2404 798 2467 assi
824 2411 890 2474 nat,
916 2407 948 2464 et
973 2400 1074 2463 codex
1093 2400 1261 2460 Canobum
1275 2398 1426 2459 Ecclesia
1446 2399 1610 2466 llomane,
1624 2401 1655 2457 el
1681 2399 1749 2475 ipse
1764 2401 1897 2476 pariter,
1923 2405 1978 2480 qui
1996 2404 2066 2482 ejus
2087 2411 2159 2468 acta
2182 2410 2272 2489 legit,

641 2483 772 2543 Photius
790 2423 904 2562 (intro,
925 2478 1067 2560 Appead.
1084 2485 1178 2557 porte
1202 2476 1246 2555 P).
1271 2476 1527 2568 lotorumetiam
1552 2492 1714 2566 canonum
1741 2478 1864 2551 tertius,
1880 2487 2027 2556 quartus,
2043 2489 2073 2544 et
2096 2486 2229 2561 quintus
2254 2508 2274 2551 a

641 2560 812 2622 Coelestino
827 2577 911 2638 papa
926 2557 1188 2635 Carthaginensis
1202 2555 1330 2626 concilii
1341 2570 1471 2613 nominc
1490 2557 1632 2614 citantur
1648 2553 1755 2633 (iord).
1769 2557 1886 2618 Praeter
1900 2559 1979 2632 brec,
2000 2561 2195 2625 hlilcvitanae
2216 2586 2274 2646 sy-

641 2638 716 2700 nodi
732 2640 772 2701 ad
787 2638 1011 2699 Innocentium
1029 2634 1164 2711 epistola
1180 2634 1313 2692 omnino
1326 2632 1520 2691 mentionem
1543 2648 1608 2692 non
1622 2631 1696 2693 iecit
1721 2634 1838 2695 horum
1859 2653 2019 2698 canonum
2035 2660 2042 2697 :
2060 2658 2141 2717 quos
2166 2649 2272 2705 tannen

642 2718 680 2779 ad
697 2736 783 2787 eum,
800 2721 835 2777 ul
849 2715 992 2795 ejusdem
1014 2713 1205 2776 auctoritate
1219 2710 1500 2780 confirmarentur,
1514 2710 1639 2770 mittere
1653 2711 1826 2773 debuisset.
1852 2715 1936 2787 Quia
1958 2718 2022 2777 imo
2046 2719 2112 2780 hac
2130 2724 2272 2800 synodus

643 2795 722 2859 nihil
737 2792 856 2857 alludi
871 2792 1022 2856 Pontifice
1038 2792 1140 2870 petiit,
1164 2790 1226 2850 nisi
1241 2795 1277 2849 nt
1288 2805 1415 2850 errores
1433 2788 1679 2867 Pelagianorum
1691 2789 1785 2863 duos,
1801 2795 1959 2872 originale
1975 2803 2138 2873 peceatum
2152 2804 2185 2859 cl
2199 2819 2273 2881 gra-

641 2875 692 2935 tire
708 2874 932 2935 necessitatem
946 2872 1171 2949 impugnantes
1191 2867 1359 2929 damnaret
1372 2887 1380 2926 ε
1393 2884 1467 2929 cum
1482 2871 1588 2927 lamen
1605 2867 1735 2929 illerum
1750 2886 1911 2932 mnodum
1924 2877 1988 2934 tres
2001 2879 2154 2952 postremi
2175 2882 2274 2941 eliam

641 2970 696 3013 eos
711 2952 914 3014 anathemate
926 2950 1113 3028 percellant,
1129 2946 1185 3024 qui
1197 2947 1295 3007 verba
1308 2945 1455 3016 loannis,
1471 2948 1503 3004 el
1516 2945 1638 3017 iacobi,
1653 2946 1885 3025 dominicoque
1894 2952 2049 3015 orationis
2061 2956 2102 3015 ab
2117 2974 2273 3034 germano

560 3073 562 3079 -
641 3030 808 3092 intellectu
826 3030 1067 3106 detorquerent,
1086 3030 1121 3086 111
1135 3042 1174 3085 uo
1189 3024 1262 3085 inde
1276 3040 1527 3105 agnosceremus
1546 3022 1650 3101 justos
1688 3041 1814 3117 uosque
1828 3028 1889 3089 hac
1908 3028 1941 3089 in
1963 3030 2029 3092 vita
2044 3035 2180 3108 peccatis
2206 3052 2274 3097 non

641 3125 764 3171 carere.
783 3107 877 3183 Quid,
894 3107 979 3185 quod
992 3105 1149 3166 antistites
1163 3104 1209 3163 illi
1225 3102 1381 3181 quinque,
1396 3118 1417 3163 a
1430 3100 1550 3179 quibus
1562 3109 1635 3193 post
1692 3105 1877 3168 ilerrtanaur
1898 3109 2058 3187 synodum
2080 3111 2272 3175 innocentio

641 3189 794 3266 scriplum
810 3180 880 3258 suit,
907 3184 1159 3261 haudquaquam
1180 3182 1313 3241 omnino
1327 3184 1447 3253 vetant,
1464 3196 1504 3240 ne
1518 3197 1591 3257 quis
1611 3182 1773 3244 hominem
1795 3183 1880 3245 dicat
1897 3203 1991 3263 posse
2005 3205 2077 3249 cum
2092 3192 2201 3282 gratie
2214 3194 2275 3254 ad*

641 3266 760 3333 iutorio
775 3284 846 3327 esse
861 3266 894 3326 in
912 3263 972 3325 bac
983 3266 1048 3325 vita
1064 3264 1133 3323 sine
1146 3264 1289 3338 peccato,
1304 3259 1399 3319 modo
1414 3262 1537 3320 tantam
1550 3258 1779 3336 perlectionem
1790 3260 1924 3340 justitie
1939 3283 2032 3326 nemo
2046 3268 2106 3330 sibr
2121 3273 2274 3349 arrogett
2297 3312 2299 3315 ψ

639 3345 672 3405 id
687 3345 806 3423 quippe
831 3345 949 3405 iterum
975 3342 1014 3402 ad
1041 3357 1177 3401 examen
1199 3357 1270 3399 esso
1296 3337 1514 3402 revocandum
1542 3343 1675 3400 censent
1689 3338 1811 3477 SEM
1837 3342 1975 3416 177,11.
1996 3344 2045 3416 ld,
2064 3345 2127 3425 18).
2148 3349 2273 3410 Rursus

641 3423 784 3485 eamdem
800 3424 889 3484 illam
899 3422 1110 3499 questionem
1123 3417 1323 3497 Augustinus
1337 3418 1369 3477 in
1386 3416 1469 3477 libro
1482 3416 1521 3477 de
1536 3416 1640 3478 Gestis
1652 3419 1693 3479 Pe
1707 3418 1783 3500 egli,
1799 3418 1969 3497 aliquanto
1983 3427 2055 3501 post
2069 3426 2271 3501 elucubrate,

642 3508 834 3563 annumerat
849 3502 899 3572 iis,
916 3516 998 3576 quas
1015 3515 1079 3558 non
1090 3497 1243 3559 adversus
1257 3491 1424 3557 hereticos
1439 3493 1611 3572 disputari,
1635 3495 1690 3557 sed
1704 3496 1836 3576 pacifice
1852 3500 1937 3561 inter
1949 3500 2131 3566 catholicos
2145 3507 2275 3569 exami-

641 3580 710 3645 uari
726 3585 873 3658 oporteat
887 3576 1002 3657 (infra,
1020 3575 1057 3637 dc
1067 3575 1169 3638 Gestis
1179 3574 1312 3653 Pelagii,
1329 3592 1362 3636 a.
1378 3572 1443 3651 55).
2271 3618 2277 3630 .

679 3658 771 3734 Quod
785 3657 825 3720 ad
841 3674 1011 3718 numerum
1027 3654 1142 3716 horum
1160 3670 1335 3727 canonum,
1348 3652 1468 3731 quibus
1479 3652 1642 3715 wnlixam
1656 3671 1726 3716 esse
1738 3651 1759 3716 A
1772 3655 1910 3718 concilio
1920 3656 2165 3741 Carthaginensi
2183 3664 2274 3727 Pela6

644 3739 774 3817 gianam
791 3735 951 3806 haeresim,
966 3734 999 3794 in
1011 3733 1158 3794 confesso
1176 3736 1236 3803 est,
1251 3751 1324 3793 cum
1339 3737 1414 3794 ante
1440 3732 1474 3793 in
1496 3732 1685 3794 collectione
1700 3732 1850 3797 Africana
1869 3754 1933 3806 non
1951 3738 2011 3799 nisi
2038 3745 2111 3800 oclo
2126 3743 2272 3834 legerer·

641 3822 705 3888 tur,
719 3814 783 3876 duo
801 3812 922 3875 scilicet
935 3813 1029 3891 primi
1043 3813 1082 3872 de
1096 3814 1227 3890 peccato
1239 3810 1401 3890 originali,
1418 3816 1482 3873 tres
1498 3811 1592 3871 medii
1608 3810 1766 3889 degentia
1778 3813 1950 3892 adjalorio,
1971 3821 2100 3894 tresque
2112 3820 2216 3882 ultimi
2234 3822 2273 3884 de

612 3904 619 3919 ’
640 3893 870 3974 impeccantia;
884 3908 1007 3952 nonum
1021 3889 1237 3968 antiquissimi
1251 3891 1375 3952 codices
1393 3889 1547 3951 exhibent
1562 3891 1656 3952 lertio
1666 3892 1737 3951 loco
1751 3891 1920 3964 insertum,
1936 3911 2002 3972 quo
2017 3895 2038 3955 ii
2053 3898 2271 3960 condemnan-

641 3977 705 4044 tur,
719 3972 775 4049 qui
788 3970 932 4051 parvulis
949 3969 1024 4029 hinc
1044 3969 1114 4030 sine
1131 3969 1295 4046 Baptismo
1312 3968 1523 4048 migrantibus
1546 3968 1686 4030 medium
1710 3970 1851 4048 aliquem
1876 3971 2034 4036 iclicitalis
2050 3975 2157 4037 locum
2179 3983 2273 4042 extra

639 4052 938 4130 coelorumreguum
951 4065 990 4110 ac
1005 4046 1186 4109 demonum
1201 4048 1449 4108 contubernium
1460 4047 1676 4125 assignarent.
1699 4047 1828 4110 Photius
1852 4050 1976 4113 huncce
1998 4070 2154 4117 canonem
2171 4073 2273 4136 agno-

640 4132 712 4204 scit,
730 4131 825 4207 eique
848 4127 956 4190 sedern
971 4126 1114 4187 camdem
1137 4125 1293 4187 attribuit.
1320 4125 1431 4203 Neque
1450 4125 1538 4186 deest
1554 4127 1725 4203 Augustini
1751 4128 1981 4203 testimonium,
2006 4132 2195 4196 allirmantis
2212 4152 2272 4196 no·

641 4210 740 4271 collos
755 4206 922 4270 haereticos
933 4204 1122 4285 Pelagianos
1135 4204 1312 4283 justissime
1323 4204 1535 4266 conciliorum
1546 4205 1778 4267 catholicorum
1792 4212 1823 4267 el
1833 4206 1920 4269 Sedis
1932 4209 2123 4287 Apostoliee
2136 4213 2274 4277 damaa⁴

639 4291 689 4349 los
708 4286 916 4357 auctoritate,
936 4300 975 4345 eo
996 4283 1081 4362 quod
1103 4283 1174 4345 ausi
1194 4282 1329 4354 luerint,
1344 4299 1409 4344 non
1424 4283 1593 4360 baptizatis
1609 4285 1750 4360 parvulis
1766 4285 1843 4347 dare
1858 4288 1972 4348 salutis
1988 4292 2020 4349 et
2032 4290 2150 4368 quletis
2165 4293 2273 4355 locum

639 4368 736 4428 otiam
759 4369 874 4443 preter
894 4380 1030 4442 regnum
1057 4361 1211 4423 coelorum
1228 4361 1345 4441 (Infra,
1372 4360 1565 4422 deriumrt
1579 4364 1644 4422 e'os
1659 4362 1802 4443 Origine,
1816 4382 1850 4425 1.
1875 4366 1938 4445 171.
1957 4367 2008 4428 Sic
2022 4385 2099 4429 vero
2112 4372 2174 4431 sub
2195 4373 2273 4432 anni

639 4443 946 4523 quadringentesimi
962 4440 1075 4502 decimi
1090 4441 1166 4500 noni
1182 4440 1277 4502 linem
1295 4441 1489 4516 loquebatur
1509 4382 1639 4501 sancius
1654 4442 1773 4503 Doctor
1788 4462 1795 4501 :
1810 4449 1907 4520 atque
1924 4445 2006 4506 adeo
2031 4447 2204 4509 verisimile
2226 4448 2273 4523 hl,

640 4523 828 4587 Africanum
840 4520 1011 4584 concilium
1026 4519 1202 4597 superioris
1214 4519 1291 4580 anni
1304 4518 1342 4579 de
1361 4518 1422 4578 hoc
1437 4518 1684 4597 Pelagianorum
1705 4519 1825 4600 ellugio
1840 4523 2002 4585 Zosimum
2022 4523 2135 4587 iecisse
2148 4529 2272 4588 certio-

639 4620 720 4674 rem,
734 4602 829 4679 idque
843 4604 876 4662 et
887 4601 928 4662 ab
942 4598 1027 4660 Airis
1043 4599 1077 4658 iu
1100 4598 1161 4660 hoc
1175 4598 1321 4676 plenario
1335 4598 1471 4659 concilio
1488 4597 1566 4658 auri
1579 4597 1888 4679 quadringentesimi
1911 4603 2024 4663 decimi
2041 4606 2158 4678 octavi,
2177 4613 2208 4667 el
2232 4608 2274 4668 alr

640 4679 696 4743 illo
712 4679 860 4759 pontifico
875 4680 908 4740 in
921 4694 980 4739 sua
996 4677 1132 4754 epistola
1146 4677 1365 4748 Tractatoria,
1382 4677 1588 4739 anathemate
1601 4675 1750 4739 allectum
1768 4678 1879 4741 luisse.

678 4761 724 4821 De
737 4764 875 4836 utroque
888 4758 943 4820 illo
960 4756 1073 4818 Alricas
1086 4757 1223 4818 concilio
1240 4757 1376 4834 Prosper
1388 4756 1423 4815 iu
1437 4755 1579 4816 carmine
1592 4755 1631 4818 de
1647 4758 1785 4837 lugralis
1799 4778 1807 4817 ε

1100 4856 1139 4912 Tu
1150 4872 1256 4912 causam
1270 4855 1329 4910 hdci
1344 4855 1507 4926 flagrantius,
1520 4854 1618 4918 Airiea,
1633 4867 1730 4911 unstrre

1100 4928 1278 4997 Exsequeris;
1294 4935 1433 4996 tecumque
1443 4940 1520 4980 suum
1534 4929 1663 4996 lungeme
1675 4929 1792 4997 rigorem

1101 4997 1172 5052 laris
1183 4997 1320 5065 apostolici
1334 4996 1419 5060 solio,
1433 4995 1487 5050 iera
1503 4996 1603 5051 viscera
1616 4997 1677 5051 bclli

1098 5066 1223 5130 Conficis,
1235 5076 1263 5121 ct
1272 5067 1326 5120 lato
1339 5065 1485 5136 prosternis
1495 5066 1577 5119 liuritc
1590 5067 1684 5120 siclos.

1100 5138 1252 5195 Convenere
1265 5137 1301 5190 tui
1312 5135 1346 5190 de
1357 5135 1460 5190 cunctis
1474 5137 1582 5199 urbibus
1596 5136 1659 5190 alini
1676 5199 1678 5202 Α

1098 5205 1255 5271 Pontillces3
1271 5207 1429 5276 geminoque
1441 5221 1534 5260 senum
1547 5206 1721 5262 celeberrima
1733 5217 1804 5262 coetu
1818 5251 1825 5273 ,

1099 5277 1223 5331 Decernis
1233 5275 1302 5347 quod
1311 5276 1393 5330 1111111
1405 5273 1507 5345 probet,
1517 5275 1587 5346 quod
1602 5291 1682 5347 regna
1692 5287 1850 5347 serebantur.

677 5399 717 5460 Et
731 5396 829 5476 paulo
843 5392 916 5472 post
926 5391 959 5453 in
979 5391 1150 5473 Augustini
1166 5388 1279 5452 laudes
1290 5387 1411 5451 ellusus
1427 5388 1656 5468 prosequitur:

1097 5496 1137 5549 An
1150 5494 1230 5548 alium
1246 5492 1271 5547 iu
1286 5491 1364 5546 linem
1378 5499 1467 5559 posset
1480 5490 1623 5559 praetere
1633 5502 1755 5546 salictum

1096 5564 1251 5626 Caesellium,
1266 5563 1307 5617 cui
1320 5562 1373 5616 dur
1385 5561 1516 5626 Aurelius,
1529 5560 1716 5631 ingeniumque

1099 5633 1261 5704 Augustinus
1275 5631 1349 5686 erntl
1363 5645 1442 5701 quem
1457 5629 1555 5686 Christi
1568 5631 1651 5700 gratia
1664 5646 1747 5687 corum
1859 5696 1865 5704 ³

1096 5704 1226 5761 liberiore
1239 5705 1337 5772 rigans,
1350 5710 1442 5756 nostro
1454 5700 1541 5755 lumen
1551 5700 1625 5756 dedit
1636 5717 1707 5766 ecre,

1098 5778 1245 5830 Accensum
1257 5789 1319 5826 vero
1332 5772 1364 5826 de
1378 5772 1487 5826 lumine.
1504 5770 1569 5824 llam
1583 5772 1658 5825 cibus
1669 5772 1725 5838 illi,

1095 5843 1208 5909 Elvira,
1221 5852 1248 5898 et
1262 5843 1383 5913 requies,
1400 5842 1469 5896 Deus
1479 5851 1534 5906 esr;
1548 5842 1687 5910 orunisqne
1701 5841 1838 5912 uoluptas,
1854 5854 1905 5899 eto.

1334 5910 1433 5984 11111111,
1451 5911 1565 5983 Appellit.
1581 5912 1703 5982 parisi.)

635 6022 1483 6114 1111111111111111111111111111111111111
1498 6023 1678 6165 imperator.
1693 6020 1831 6087 Eosdem
1846 6023 1990 6090 Zosimus
2004 6032 2178 6096 decretorio
2195 6037 2282 6111 tort-J

933 6112 999 6173 dem
1013 6110 1137 6172 damnat
1150 6103 1317 6172 sententio,
1332 6121 1400 6184 quc
1411 6101 1450 6165 od
1462 6102 1532 6163 Ecc
1546 6103 1610 6165 csio
1622 6104 1771 6166 salomo
1780 6106 1966 6184 suscipitur.

675 6199 786 6261 Soluto
800 6192 956 6260 concilio,
979 6189 1179 6330 Augustinus
1191 6202 1263 6246 cum
1276 6185 1397 6261 aliquot
1412 6182 1619 6261 episcopisad
1638 6184 1780 6264 reliquas
1789 6185 1979 6247 decidendas
1989 6203 2105 6248 causas
2115 6190 2272 6268 delectus,

636 6278 789 6342 renransit
804 6269 999 6355 Carthagine
1015 6268 1025 6349 1
1049 6270 1132 6348 asro,
1147 6273 1219 6326 onte
1234 6262 1335 6355 libros
1355 6260 1392 6322 dc
1405 6260 1519 6323 Grotio
1539 6261 1676 6355 christi.
1692 6264 1762 6325 oide
1777 6273 1883 6325 aotam
1903 6265 2001 6344 copiti
2018 6265 2273 6348 quinquagesimo

624 6360 710 6417 atsi
719 6352 1020 6418 rectractationum
1034 6344 1212 6426 subjectam)
1229 6363 1235 6403 :
1251 6359 1317 6407 uua
1328 6360 1359 6402 m
1372 6343 1470 6413 urbe,
1486 6341 1586 6405 donec
1599 6361 1632 6404 111
1653 6343 1882 6406 Manduriam
1907 6344 2142 6413 Cesareeusem
2167 6350 2276 6419 praa..
