<?xml version="1.0" encoding="UTF-8"?>
<!DOCTYPE html PUBLIC "-//W3C//DTD XHTML 1.0 Transitional//EN"
    "http://www.w3.org/TR/xhtml1/DTD/xhtml1-transitional.dtd">
<html xmlns="http://www.w3.org/1999/xhtml" xml:lang="en" lang="en">
 <head>
  <title>
</title>
<meta http-equiv="Content-Type" content="text/html;charset=utf-8" />
  <meta name='ocr-system' content='tesseract 3.04.00' />
  <meta name='ocr-capabilities' content='ocr_page ocr_carea ocr_par ocr_line ocrx_word'/>
</head>
<body>
  <div class='ocr_page' id='page_1' title='image "./patrologiaecurs04goog/patrologiaecurs04goog_0551.png"; bbox 0 0 5592 7350; ppageno 0'>
   <div class='ocr_carea' id='block_1_1' title="bbox 554 913 2204 994">
    <p class='ocr_par' dir='ltr' id='par_1_1' title="bbox 554 913 2204 994">
     <span class='ocr_line' id='line_1_1' title="bbox 554 913 2204 994; baseline -0.007 -9"><span class='ocrx_word' id='word_1_1' title='bbox 554 926 623 994; x_wconf 62' lang='lat' dir='ltr'>,als</span> <span class='ocrx_word' id='word_1_2' title='bbox 1056 915 1221 979; x_wconf 75' lang='lat' dir='ltr'>bristout</span> <span class='ocrx_word' id='word_1_3' title='bbox 1242 915 1430 981; x_wconf 53' lang='lat' dir='ltr'>bathemam·</span> <span class='ocrx_word' id='word_1_4' title='bbox 1446 918 1493 972; x_wconf 78' lang='grc'><strong>,111</strong></span> <span class='ocrx_word' id='word_1_5' title='bbox 1511 913 1743 979; x_wconf 62' lang='lat' dir='ltr'>thebarmam</span> <span class='ocrx_word' id='word_1_6' title='bbox 2153 917 2204 975; x_wconf 78' lang='grc'>911</span> 
     </span>
    </p>
   </div>
   <div class='ocr_carea' id='block_1_2' title="bbox 517 1030 2236 3010">
    <p class='ocr_par' dir='ltr' id='par_1_2' title="bbox 570 1030 2214 1847">
     <span class='ocr_line' id='line_1_2' title="bbox 611 1030 2211 1112; baseline -0.009 -14"><span class='ocrx_word' id='word_1_7' title='bbox 611 1043 637 1098; x_wconf 71' lang='lat'>2.</span> <span class='ocrx_word' id='word_1_8' title='bbox 660 1042 819 1112; x_wconf 80' lang='lat' dir='ltr'>Incipiamus</span> <span class='ocrx_word' id='word_1_9' title='bbox 833 1044 931 1101; x_wconf 80' lang='lat' dir='ltr'>arrlcnr,</span> <span class='ocrx_word' id='word_1_10' title='bbox 945 1035 1052 1091; x_wconf 88' lang='lat' dir='ltr'>domine</span> <span class='ocrx_word' id='word_1_11' title='bbox 1065 1035 1218 1091; x_wconf 75' lang='lat' dir='ltr'>beatissime</span> <span class='ocrx_word' id='word_1_12' title='bbox 1235 1048 1310 1103; x_wconf 87' lang='lat' dir='ltr'>papa,</span> <span class='ocrx_word' id='word_1_13' title='bbox 1325 1033 1410 1103; x_wconf 86' lang='lat' dir='ltr'>ipsius</span> <span class='ocrx_word' id='word_1_14' title='bbox 1422 1032 1543 1088; x_wconf 80' lang='lat' dir='ltr'>ordinem</span> <span class='ocrx_word' id='word_1_15' title='bbox 1559 1033 1765 1103; x_wconf 69' lang='lat' dir='ltr'><strong>perturbationis</strong></span> <span class='ocrx_word' id='word_1_16' title='bbox 1777 1030 1922 1104; x_wconf 62' lang='lat' dir='ltr'>erpellere.</span> <span class='ocrx_word' id='word_1_17' title='bbox 1936 1030 2120 1086; x_wconf 77' lang='lat' dir='ltr'>charissimus</span> <span class='ocrx_word' id='word_1_18' title='bbox 2131 1031 2211 1085; x_wconf 86' lang='lat' dir='ltr'>irater</span> 
     </span>
     <span class='ocr_line' id='line_1_3' title="bbox 573 1122 2210 1197; baseline -0.007 -8"><span class='ocrx_word' id='word_1_19' title='bbox 573 1145 663 1189; x_wconf 75' lang='lat' dir='ltr'>noster</span> <span class='ocrx_word' id='word_1_20' title='bbox 676 1133 782 1197; x_wconf 86' lang='lat' dir='ltr'>Florus,</span> <span class='ocrx_word' id='word_1_21' title='bbox 798 1142 892 1184; x_wconf 86' lang='lat' dir='ltr'>serras</span> <span class='ocrx_word' id='word_1_22' title='bbox 907 1128 1076 1182; x_wconf 70' lang='lat' dir='ltr'>paternitatis</span> <span class='ocrx_word' id='word_1_23' title='bbox 1090 1136 1151 1193; x_wconf 74' lang='lat' dir='ltr'>tuac,</span> <span class='ocrx_word' id='word_1_24' title='bbox 1165 1143 1225 1182; x_wconf 92' lang='lat' dir='ltr'>curu</span> <span class='ocrx_word' id='word_1_25' title='bbox 1241 1126 1274 1179; x_wconf 91' lang='lat' dir='ltr'>ad</span> <span class='ocrx_word' id='word_1_26' title='bbox 1290 1124 1447 1182; x_wconf 81' lang='lat' dir='ltr'>limiensem</span> <span class='ocrx_word' id='word_1_27' title='bbox 1462 1126 1572 1193; x_wconf 89' lang='lat' dir='ltr'>patriam</span> <span class='ocrx_word' id='word_1_28' title='bbox 1584 1124 1678 1181; x_wconf 92' lang='lat' dir='ltr'>inisset</span> <span class='ocrx_word' id='word_1_29' title='bbox 1689 1124 1817 1180; x_wconf 77' lang='lat' dir='ltr'>suadente</span> <span class='ocrx_word' id='word_1_30' title='bbox 1830 1122 1959 1178; x_wconf 89' lang='lat' dir='ltr'>charitate</span> <span class='ocrx_word' id='word_1_31' title='bbox 1975 1123 2120 1193; x_wconf 80' lang='lat' dir='ltr'>protectus,</span> <span class='ocrx_word' id='word_1_32' title='bbox 2137 1124 2210 1178; x_wconf 89' lang='lat' dir='ltr'>eule-</span> 
     </span>
     <span class='ocr_line' id='line_1_4' title="bbox 571 1213 2212 1294; baseline -0.004 -19"><span class='ocrx_word' id='word_1_33' title='bbox 571 1225 628 1294; x_wconf 79' lang='lat' dir='ltr'>qias</span> <span class='ocrx_word' id='word_1_34' title='bbox 642 1225 802 1278; x_wconf 88' lang='lat' dir='ltr'>monasterio</span> <span class='ocrx_word' id='word_1_35' title='bbox 816 1220 824 1250; x_wconf 90' lang='lat'>¹</span> <span class='ocrx_word' id='word_1_36' title='bbox 836 1218 905 1271; x_wconf 91' lang='lat' dir='ltr'>inter</span> <span class='ocrx_word' id='word_1_37' title='bbox 918 1215 987 1285; x_wconf 89' lang='lat' dir='ltr'>ipsas</span> <span class='ocrx_word' id='word_1_38' title='bbox 1001 1231 1055 1273; x_wconf 78' lang='lat' dir='ltr'>suo</span> <span class='ocrx_word' id='word_1_39' title='bbox 1070 1219 1186 1273; x_wconf 82' lang='lat' dir='ltr'>ciuitatis</span> <span class='ocrx_word' id='word_1_40' title='bbox 1200 1219 1331 1273; x_wconf 90' lang='lat' dir='ltr'>morasdc</span> <span class='ocrx_word' id='word_1_41' title='bbox 1345 1218 1479 1287; x_wconf 79' lang='lat' dir='ltr'><strong>opusculis</strong></span> <span class='ocrx_word' id='word_1_42' title='bbox 1494 1217 1570 1271; x_wconf 86' lang='lat' dir='ltr'>nobis</span> <span class='ocrx_word' id='word_1_43' title='bbox 1585 1226 1636 1271; x_wconf 73' lang='lat' dir='ltr'>tuae</span> <span class='ocrx_word' id='word_1_44' title='bbox 1648 1216 1737 1271; x_wconf 90' lang='lat' dir='ltr'>attulit</span> <span class='ocrx_word' id='word_1_45' title='bbox 1750 1214 1913 1279; x_wconf 74' lang='lat' dir='ltr'>sanctitatis,</span> <span class='ocrx_word' id='word_1_46' title='bbox 1930 1230 1983 1269; x_wconf 92' lang='lat' dir='ltr'>uno</span> <span class='ocrx_word' id='word_1_47' title='bbox 2006 1213 2089 1269; x_wconf 85' lang='lat' dir='ltr'>haue</span> <span class='ocrx_word' id='word_1_48' title='bbox 2102 1213 2212 1278; x_wconf 79' lang='lat' dir='ltr'>Felice,</span> 
     </span>
     <span class='ocr_line' id='line_1_5' title="bbox 570 1305 2208 1388; baseline -0.004 -20"><span class='ocrx_word' id='word_1_49' title='bbox 570 1316 613 1386; x_wconf 92' lang='lat' dir='ltr'>qui</span> <span class='ocrx_word' id='word_1_50' title='bbox 628 1315 660 1369; x_wconf 91' lang='lat' dir='ltr'>ad</span> <span class='ocrx_word' id='word_1_51' title='bbox 673 1326 744 1371; x_wconf 92' lang='lat' dir='ltr'>trram</span> <span class='ocrx_word' id='word_1_52' title='bbox 758 1317 931 1377; x_wconf 79' lang='lat' dir='ltr'>sanctitatem</span> <span class='ocrx_word' id='word_1_53' title='bbox 946 1318 1019 1375; x_wconf 87' lang='lat' dir='ltr'>tarde</span> <span class='ocrx_word' id='word_1_54' title='bbox 1032 1323 1093 1388; x_wconf 91' lang='lat' dir='ltr'>post</span> <span class='ocrx_word' id='word_1_55' title='bbox 1104 1314 1214 1369; x_wconf 81' lang='lat' dir='ltr'>comites</span> <span class='ocrx_word' id='word_1_56' title='bbox 1226 1324 1289 1364; x_wconf 86' lang='lat' dir='ltr'>suos</span> <span class='ocrx_word' id='word_1_57' title='bbox 1302 1309 1405 1365; x_wconf 81' lang='lat' dir='ltr'>venisse</span> <span class='ocrx_word' id='word_1_58' title='bbox 1417 1310 1589 1379; x_wconf 72' lang='lat' dir='ltr'>dignoscitur,</span> <span class='ocrx_word' id='word_1_59' title='bbox 1603 1308 1726 1363; x_wconf 89' lang='lat' dir='ltr'>eumdem</span> <span class='ocrx_word' id='word_1_60' title='bbox 1736 1308 1831 1361; x_wconf 90' lang='lat' dir='ltr'>librum</span> <span class='ocrx_word' id='word_1_61' title='bbox 1841 1305 1877 1377; x_wconf 83' lang='grc' dir='ltr'>(ιι)</span> <span class='ocrx_word' id='word_1_62' title='bbox 1888 1306 1983 1363; x_wconf 80' lang='lat' dir='ltr'>devote</span> <span class='ocrx_word' id='word_1_63' title='bbox 1996 1306 2111 1363; x_wconf 79' lang='lat' dir='ltr'>dictante</span> <span class='ocrx_word' id='word_1_64' title='bbox 2122 1324 2130 1372; x_wconf 86' lang='lat'><strong>;</strong></span> <span class='ocrx_word' id='word_1_65' title='bbox 2142 1323 2208 1362; x_wconf 86' lang='lat' dir='ltr'>ren-</span> 
     </span>
     <span class='ocr_line' id='line_1_6' title="bbox 576 1398 2211 1472; baseline -0.005 -12"><span class='ocrx_word' id='word_1_66' title='bbox 576 1417 630 1460; x_wconf 91' lang='lat' dir='ltr'>tum</span> <span class='ocrx_word' id='word_1_67' title='bbox 646 1419 684 1461; x_wconf 89' lang='lat' dir='ltr'>cst</span> <span class='ocrx_word' id='word_1_68' title='bbox 699 1408 731 1462; x_wconf 89' lang='lat' dir='ltr'>ad</span> <span class='ocrx_word' id='word_1_69' title='bbox 746 1414 935 1467; x_wconf 86' lang='lat' dir='ltr'>monasterium</span> <span class='ocrx_word' id='word_1_70' title='bbox 949 1428 1009 1467; x_wconf 91' lang='lat' dir='ltr'>cum</span> <span class='ocrx_word' id='word_1_71' title='bbox 1025 1407 1118 1464; x_wconf 89' lang='lat' dir='ltr'>eodem</span> <span class='ocrx_word' id='word_1_72' title='bbox 1135 1403 1237 1466; x_wconf 90' lang='lat' dir='ltr'>libello,</span> <span class='ocrx_word' id='word_1_73' title='bbox 1253 1401 1335 1456; x_wconf 89' lang='lat' dir='ltr'>iratre</span> <span class='ocrx_word' id='word_1_74' title='bbox 1348 1400 1428 1456; x_wconf 88' lang='lat' dir='ltr'>Floro</span> <span class='ocrx_word' id='word_1_75' title='bbox 1442 1402 1475 1455; x_wconf 92' lang='lat' dir='ltr'>ad</span> <span class='ocrx_word' id='word_1_76' title='bbox 1487 1400 1673 1472; x_wconf 74' lang='lat' dir='ltr'>Carthaginem</span> <span class='ocrx_word' id='word_1_77' title='bbox 1693 1400 1727 1454; x_wconf 90' lang='lat' dir='ltr'>de</span> <span class='ocrx_word' id='word_1_78' title='bbox 1741 1398 1865 1456; x_wconf 86' lang='lat' dir='ltr'>Uzalcnsi</span> <span class='ocrx_word' id='word_1_79' title='bbox 1880 1399 1986 1454; x_wconf 86' lang='lat' dir='ltr'>civitate</span> <span class='ocrx_word' id='word_1_80' title='bbox 2002 1402 2131 1469; x_wconf 84' lang='lat' dir='ltr'>prolecto.</span> <span class='ocrx_word' id='word_1_81' title='bbox 2146 1400 2211 1454; x_wconf 85' lang='lat' dir='ltr'>llilri</span> 
     </span>
     <span class='ocr_line' id='line_1_7' title="bbox 570 1489 2212 1571; baseline -0.004 -21"><span class='ocrx_word' id='word_1_82' title='bbox 570 1514 625 1551; x_wconf 93' lang='lat' dir='ltr'>nun</span> <span class='ocrx_word' id='word_1_83' title='bbox 642 1508 789 1555; x_wconf 88' lang='lat' dir='ltr'>monstrato</span> <span class='ocrx_word' id='word_1_84' title='bbox 810 1503 897 1565; x_wconf 86' lang='lat' dir='ltr'>libro,</span> <span class='ocrx_word' id='word_1_85' title='bbox 912 1502 1041 1571; x_wconf 89' lang='lat' dir='ltr'>imperitis</span> <span class='ocrx_word' id='word_1_86' title='bbox 1054 1497 1179 1553; x_wconf 75' lang='lat' dir='ltr'>iratribus</span> <span class='ocrx_word' id='word_1_87' title='bbox 1193 1495 1306 1550; x_wconf 88' lang='lat' dir='ltr'>recitare</span> <span class='ocrx_word' id='word_1_88' title='bbox 1319 1502 1459 1561; x_wconf 79' lang='lat' dir='ltr'>creperum</span> <span class='ocrx_word' id='word_1_89' title='bbox 1474 1508 1480 1544; x_wconf 92' lang='lat'><strong>:</strong></span> <span class='ocrx_word' id='word_1_90' title='bbox 1495 1493 1540 1562; x_wconf 89' lang='lat' dir='ltr'>qui</span> <span class='ocrx_word' id='word_1_91' title='bbox 1559 1491 1735 1562; x_wconf 87' lang='lat' dir='ltr'>quorumdam</span> <span class='ocrx_word' id='word_1_92' title='bbox 1751 1507 1803 1544; x_wconf 91' lang='lat' dir='ltr'>non</span> <span class='ocrx_word' id='word_1_93' title='bbox 1826 1489 2028 1560; x_wconf 81' lang='lat' dir='ltr'>intelligentium</span> <span class='ocrx_word' id='word_1_94' title='bbox 2043 1489 2122 1545; x_wconf 91' lang='lat' dir='ltr'>corda</span> <span class='ocrx_word' id='word_1_95' title='bbox 2136 1505 2212 1545; x_wconf 91' lang='lat' dir='ltr'>eom·</span> 
     </span>
     <span class='ocr_line' id='line_1_8' title="bbox 571 1580 2210 1659; baseline -0.006 -15"><span class='ocrx_word' id='word_1_96' title='bbox 571 1591 668 1651; x_wconf 66' lang='lat' dir='ltr'>mosim</span> <span class='ocrx_word' id='word_1_97' title='bbox 680 1591 740 1659; x_wconf 88' lang='lat' dir='ltr'>quia</span> <span class='ocrx_word' id='word_1_98' title='bbox 752 1600 780 1646; x_wconf 90' lang='lat' dir='ltr'>et</span> <span class='ocrx_word' id='word_1_99' title='bbox 792 1609 851 1647; x_wconf 94' lang='lat' dir='ltr'>cum</span> <span class='ocrx_word' id='word_1_100' title='bbox 867 1595 966 1650; x_wconf 91' lang='lat' dir='ltr'>diceret</span> <span class='ocrx_word' id='word_1_101' title='bbox 983 1592 1122 1653; x_wconf 84' lang='lat' dir='ltr'>Dominus,</span> <span class='ocrx_word' id='word_1_102' title='bbox 1141 1588 1191 1655; x_wconf 85' lang='lat' dir='ltr'>Qui</span> <span class='ocrx_word' id='word_1_103' title='bbox 1204 1602 1253 1639; x_wconf 86' lang='lat' dir='ltr'>uon</span> <span class='ocrx_word' id='word_1_104' title='bbox 1267 1584 1455 1637; x_wconf 75' lang='lat' dir='ltr'>nuaramrmrir</span> <span class='ocrx_word' id='word_1_105' title='bbox 1469 1600 1570 1637; x_wconf 83' lang='lat' dir='ltr'>emnem</span> <span class='ocrx_word' id='word_1_106' title='bbox 1585 1580 1647 1636; x_wconf 78' lang='lat' dir='ltr'>Filii</span> <span class='ocrx_word' id='word_1_107' title='bbox 1659 1583 1779 1647; x_wconf 82' lang='lat' dir='ltr'>honrirris,</span> <span class='ocrx_word' id='word_1_108' title='bbox 1796 1599 1875 1648; x_wconf 86' lang='lat' dir='ltr'>neque</span> <span class='ocrx_word' id='word_1_109' title='bbox 1886 1581 1974 1636; x_wconf 79' lang='lat' dir='ltr'>biberit</span> <span class='ocrx_word' id='word_1_110' title='bbox 1987 1582 2135 1652; x_wconf 70' lang='lat' dir='ltr'>sanquinem</span> <span class='ocrx_word' id='word_1_111' title='bbox 2145 1582 2210 1649; x_wconf 80' lang='lat' dir='ltr'>eius,</span> 
     </span>
     <span class='ocr_line' id='line_1_9' title="bbox 573 1673 2214 1755; baseline -0.004 -22"><span class='ocrx_word' id='word_1_112' title='bbox 573 1699 621 1734; x_wconf 85' lang='lat' dir='ltr'>uorr</span> <span class='ocrx_word' id='word_1_113' title='bbox 635 1681 732 1735; x_wconf 80' lang='lat' dir='ltr'>irniohit</span> <span class='ocrx_word' id='word_1_114' title='bbox 745 1685 821 1739; x_wconf 86' lang='lat' dir='ltr'>rrr&#39;tum</span> <span class='ocrx_word' id='word_1_115' title='bbox 836 1688 861 1739; x_wconf 92' lang='lat' dir='ltr'>hr</span> <span class='ocrx_word' id='word_1_116' title='bbox 874 1686 1005 1755; x_wconf 81' lang='lat' dir='ltr'>semetipso</span> <span class='ocrx_word' id='word_1_117' title='bbox 1020 1683 1107 1755; x_wconf 79' lang='lat' dir='ltr'>(loon.</span> <span class='ocrx_word' id='word_1_118' title='bbox 1120 1697 1156 1746; x_wconf 83' lang='lat' dir='ltr'>rr,</span> <span class='ocrx_word' id='word_1_119' title='bbox 1174 1675 1241 1750; x_wconf 79' lang='lat' dir='ltr'>al),</span> <span class='ocrx_word' id='word_1_120' title='bbox 1258 1678 1438 1732; x_wconf 88' lang='lat' dir='ltr'>discesserunt</span> <span class='ocrx_word' id='word_1_121' title='bbox 1451 1676 1495 1745; x_wconf 90' lang='lat' dir='ltr'>qui</span> <span class='ocrx_word' id='word_1_122' title='bbox 1509 1674 1589 1744; x_wconf 91' lang='lat' dir='ltr'>impie</span> <span class='ocrx_word' id='word_1_123' title='bbox 1604 1673 1802 1742; x_wconf 80' lang='lat' dir='ltr'>hrtettererrrnt,</span> <span class='ocrx_word' id='word_1_124' title='bbox 1818 1689 1871 1730; x_wconf 89' lang='grc' dir='ltr'>ιιοιι</span> <span class='ocrx_word' id='word_1_125' title='bbox 1884 1677 1959 1745; x_wconf 91' lang='lat' dir='ltr'>culpa</span> <span class='ocrx_word' id='word_1_126' title='bbox 1973 1674 2078 1730; x_wconf 87' lang='lat' dir='ltr'>bornini</span> <span class='ocrx_word' id='word_1_127' title='bbox 2090 1673 2214 1741; x_wconf 86' lang='lat' dir='ltr'>dicentis,</span> 
     </span>
     <span class='ocr_line' id='line_1_10' title="bbox 571 1754 1831 1847; baseline 0.007 -19"><span class='ocrx_word' id='word_1_128' title='bbox 571 1776 1007 1847; x_wconf 73' lang='lat' dir='ltr'>aurulamtrrprtsstmtcotors.</span> <span class='ocrx_word' id='word_1_129' title='bbox 1421 1827 1423 1833; x_wconf 92' lang='lat'>.</span> <span class='ocrx_word' id='word_1_130' title='bbox 1827 1754 1831 1761; x_wconf 77' lang='grc'><strong>’</strong></span> 
     </span>
    </p>

    <p class='ocr_par' dir='ltr' id='par_1_3' title="bbox 517 1859 2236 3010">
     <span class='ocr_line' id='line_1_11' title="bbox 606 1859 2212 1938; baseline -0.007 -16"><span class='ocrx_word' id='word_1_131' title='bbox 606 1868 633 1922; x_wconf 74' lang='grc'><strong>1.</strong></span> <span class='ocrx_word' id='word_1_132' title='bbox 655 1868 798 1938; x_wconf 75' lang='lat' dir='ltr'>Crrrperrmt</span> <span class='ocrx_word' id='word_1_133' title='bbox 811 1869 949 1924; x_wconf 87' lang='lat' dir='ltr'>memorati</span> <span class='ocrx_word' id='word_1_134' title='bbox 966 1868 1072 1931; x_wconf 84' lang='lat' dir='ltr'>iratres,</span> <span class='ocrx_word' id='word_1_135' title='bbox 1087 1866 1131 1935; x_wconf 90' lang='lat' dir='ltr'>qui</span> <span class='ocrx_word' id='word_1_136' title='bbox 1144 1863 1233 1918; x_wconf 91' lang='lat' dir='ltr'>omnia</span> <span class='ocrx_word' id='word_1_137' title='bbox 1248 1862 1447 1928; x_wconf 77' lang='lat' dir='ltr'>subvenerunt,</span> <span class='ocrx_word' id='word_1_138' title='bbox 1460 1862 1631 1918; x_wconf 85' lang='lat' dir='ltr'>innocentum</span> <span class='ocrx_word' id='word_1_139' title='bbox 1645 1861 1749 1917; x_wconf 88' lang='lat' dir='ltr'>animos</span> <span class='ocrx_word' id='word_1_140' title='bbox 1758 1874 1938 1923; x_wconf 85' lang='lat' dir='ltr'>commorere,</span> <span class='ocrx_word' id='word_1_141' title='bbox 1950 1874 2009 1913; x_wconf 87' lang='lat' dir='ltr'>mea</span> <span class='ocrx_word' id='word_1_142' title='bbox 2023 1859 2151 1928; x_wconf 88' lang='lat' dir='ltr'>parvitate</span> <span class='ocrx_word' id='word_1_143' title='bbox 2163 1873 2212 1930; x_wconf 85' lang='lat' dir='ltr'>pe·</span> 
     </span>
     <span class='ocr_line' id='line_1_12' title="bbox 574 1949 2214 2028; baseline -0.005 -18"><span class='ocrx_word' id='word_1_144' title='bbox 574 1958 646 2012; x_wconf 87' lang='lat' dir='ltr'>nilus</span> <span class='ocrx_word' id='word_1_145' title='bbox 659 1959 806 2028; x_wconf 82' lang='lat' dir='ltr'>ignorante,</span> <span class='ocrx_word' id='word_1_146' title='bbox 822 1960 848 2014; x_wconf 93' lang='lat' dir='ltr'>in</span> <span class='ocrx_word' id='word_1_147' title='bbox 863 1968 963 2014; x_wconf 90' lang='lat' dir='ltr'>tautum</span> <span class='ocrx_word' id='word_1_148' title='bbox 980 1968 1126 2014; x_wconf 86' lang='lat' dir='ltr'>conventus</span> <span class='ocrx_word' id='word_1_149' title='bbox 1140 1955 1246 2010; x_wconf 87' lang='lat' dir='ltr'>illorum</span> <span class='ocrx_word' id='word_1_150' title='bbox 1257 1953 1447 2008; x_wconf 88' lang='lat' dir='ltr'>murmurantis</span> <span class='ocrx_word' id='word_1_151' title='bbox 1457 1954 1468 1984; x_wconf 82' lang='lat'>&#39;</span> <span class='ocrx_word' id='word_1_152' title='bbox 1478 1952 1572 2019; x_wconf 91' lang='lat' dir='ltr'>nescii,</span> <span class='ocrx_word' id='word_1_153' title='bbox 1586 1961 1615 2007; x_wconf 97' lang='grc' dir='ltr'>ιιι</span> <span class='ocrx_word' id='word_1_154' title='bbox 1631 1952 1681 2007; x_wconf 90' lang='lat' dir='ltr'>nisi</span> <span class='ocrx_word' id='word_1_155' title='bbox 1702 1951 1783 2007; x_wconf 88' lang='lat' dir='ltr'>irater</span> <span class='ocrx_word' id='word_1_156' title='bbox 1798 1951 1893 2006; x_wconf 81' lang='lat' dir='ltr'>Floras</span> <span class='ocrx_word' id='word_1_157' title='bbox 1909 1950 1943 2006; x_wconf 89' lang='lat' dir='ltr'>de</span> <span class='ocrx_word' id='word_1_158' title='bbox 1955 1949 2116 2020; x_wconf 76' lang='lat' dir='ltr'>Carthagine</span> <span class='ocrx_word' id='word_1_159' title='bbox 2135 1964 2214 2017; x_wconf 88' lang='lat' dir='ltr'>repe·</span> 
     </span>
     <span class='ocr_line' id='line_1_13' title="bbox 578 2042 2236 2132; baseline -0.006 -28"><span class='ocrx_word' id='word_1_160' title='bbox 578 2051 698 2123; x_wconf 57' lang='lat' dir='ltr'>tlahs„ct</span> <span class='ocrx_word' id='word_1_161' title='bbox 710 2067 802 2105; x_wconf 89' lang='lat' dir='ltr'>corum</span> <span class='ocrx_word' id='word_1_162' title='bbox 818 2050 1032 2132; x_wconf 78' lang='lat' dir='ltr'>pcrtqrbationes</span> <span class='ocrx_word' id='word_1_163' title='bbox 1045 2048 1056 2081; x_wconf 82' lang='lat'>⁸</span> <span class='ocrx_word' id='word_1_164' title='bbox 1068 2061 1215 2117; x_wconf 71' lang='lat' dir='ltr'>aprrosccos</span> <span class='ocrx_word' id='word_1_165' title='bbox 1229 2046 1293 2101; x_wconf 92' lang='lat' dir='ltr'>mihi</span> <span class='ocrx_word' id='word_1_166' title='bbox 1304 2046 1416 2103; x_wconf 79' lang='lat' dir='ltr'>sollicite</span> <span class='ocrx_word' id='word_1_167' title='bbox 1426 2046 1586 2109; x_wconf 81' lang='lat' dir='ltr'>nuntiasset,</span> <span class='ocrx_word' id='word_1_168' title='bbox 1600 2044 1696 2100; x_wconf 86' lang='lat' dir='ltr'>iurtiva</span> <span class='ocrx_word' id='word_1_169' title='bbox 1711 2053 1740 2099; x_wconf 90' lang='lat' dir='ltr'>et</span> <span class='ocrx_word' id='word_1_170' title='bbox 1751 2052 1875 2113; x_wconf 76' lang='lat' dir='ltr'>tanquam</span> <span class='ocrx_word' id='word_1_171' title='bbox 1894 2042 1998 2098; x_wconf 84' lang='lat' dir='ltr'>seruilis</span> <span class='ocrx_word' id='word_1_172' title='bbox 2010 2052 2068 2098; x_wconf 90' lang='lat' dir='ltr'>erat</span> <span class='ocrx_word' id='word_1_173' title='bbox 2085 2042 2154 2096; x_wconf 88' lang='lat' dir='ltr'>inter</span> <span class='ocrx_word' id='word_1_174' title='bbox 2166 2057 2214 2095; x_wconf 90' lang='lat' dir='ltr'>eos</span> <span class='ocrx_word' id='word_1_175' title='bbox 2233 2078 2236 2082; x_wconf 60' lang='grc'><strong><em>«</em></strong></span> 
     </span>
     <span class='ocr_line' id='line_1_14' title="bbox 517 2131 2213 2210; baseline -0.005 -16"><span class='ocrx_word' id='word_1_176' title='bbox 517 2134 519 2137; x_wconf 69' lang='grc'>’</span> <span class='ocrx_word' id='word_1_177' title='bbox 573 2139 607 2193; x_wconf 91' lang='lat' dir='ltr'>de</span> <span class='ocrx_word' id='word_1_178' title='bbox 620 2155 671 2194; x_wconf 90' lang='lat' dir='ltr'>uon</span> <span class='ocrx_word' id='word_1_179' title='bbox 686 2141 856 2210; x_wconf 78' lang='lat' dir='ltr'>intelligenda</span> <span class='ocrx_word' id='word_1_180' title='bbox 873 2140 985 2196; x_wconf 86' lang='lat' dir='ltr'>veritate</span> <span class='ocrx_word' id='word_1_181' title='bbox 997 2140 1143 2195; x_wconf 87' lang='lat' dir='ltr'>contentio.</span> <span class='ocrx_word' id='word_1_182' title='bbox 1160 2137 1300 2207; x_wconf 77' lang='lat' dir='ltr'>imposui,</span> <span class='ocrx_word' id='word_1_183' title='bbox 1321 2136 1355 2192; x_wconf 91' lang='lat' dir='ltr'>ad</span> <span class='ocrx_word' id='word_1_184' title='bbox 1373 2134 1534 2192; x_wconf 87' lang='lat' dir='ltr'>auiercndas</span> <span class='ocrx_word' id='word_1_185' title='bbox 1549 2134 1644 2204; x_wconf 91' lang='lat' dir='ltr'>impias</span> <span class='ocrx_word' id='word_1_186' title='bbox 1656 2135 1833 2205; x_wconf 76' lang='lat' dir='ltr'>quaestiones,</span> <span class='ocrx_word' id='word_1_187' title='bbox 1848 2143 1876 2188; x_wconf 92' lang='grc' dir='ltr'>ιιι</span> <span class='ocrx_word' id='word_1_188' title='bbox 1885 2132 1919 2188; x_wconf 91' lang='lat' dir='ltr'>ad</span> <span class='ocrx_word' id='word_1_189' title='bbox 1927 2132 2056 2188; x_wconf 89' lang='lat' dir='ltr'>domnum</span> <span class='ocrx_word' id='word_1_190' title='bbox 2068 2131 2079 2164; x_wconf 75' lang='lat'>⁸</span> <span class='ocrx_word' id='word_1_191' title='bbox 2092 2141 2213 2187; x_wconf 90' lang='lat' dir='ltr'>sanctum</span> 
     </span>
     <span class='ocr_line' id='line_1_15' title="bbox 574 2222 2215 2300; baseline -0.003 -18"><span class='ocrx_word' id='word_1_192' title='bbox 574 2239 675 2300; x_wconf 85' lang='lat' dir='ltr'>patrem</span> <span class='ocrx_word' id='word_1_193' title='bbox 692 2231 820 2284; x_wconf 83' lang='lat' dir='ltr'>Erorlimu</span> <span class='ocrx_word' id='word_1_194' title='bbox 835 2231 1012 2296; x_wconf 89' lang='lat' dir='ltr'>mitteremus,</span> <span class='ocrx_word' id='word_1_195' title='bbox 1023 2237 1050 2286; x_wconf 86' lang='lat' dir='ltr'>et</span> <span class='ocrx_word' id='word_1_196' title='bbox 1065 2230 1121 2300; x_wconf 90' lang='lat' dir='ltr'>ipse</span> <span class='ocrx_word' id='word_1_197' title='bbox 1144 2228 1221 2282; x_wconf 91' lang='lat' dir='ltr'>nohis</span> <span class='ocrx_word' id='word_1_198' title='bbox 1242 2226 1276 2283; x_wconf 90' lang='lat' dir='ltr'>de</span> <span class='ocrx_word' id='word_1_199' title='bbox 1297 2226 1348 2282; x_wconf 93' lang='lat' dir='ltr'>hoc</span> <span class='ocrx_word' id='word_1_200' title='bbox 1362 2234 1534 2282; x_wconf 88' lang='lat' dir='ltr'>sacrosancto</span> <span class='ocrx_word' id='word_1_201' title='bbox 1554 2224 1622 2278; x_wconf 90' lang='lat' dir='ltr'>libro</span> <span class='ocrx_word' id='word_1_202' title='bbox 1640 2233 1750 2295; x_wconf 88' lang='lat' dir='ltr'>propter</span> <span class='ocrx_word' id='word_1_203' title='bbox 1771 2223 1877 2295; x_wconf 76' lang='lat' dir='ltr'>ignaros</span> <span class='ocrx_word' id='word_1_204' title='bbox 1890 2223 1991 2294; x_wconf 89' lang='lat' dir='ltr'>aliquid</span> <span class='ocrx_word' id='word_1_205' title='bbox 2005 2223 2104 2278; x_wconf 89' lang='lat' dir='ltr'>certius</span> <span class='ocrx_word' id='word_1_206' title='bbox 2118 2222 2215 2277; x_wconf 88' lang='lat' dir='ltr'>reseri-</span> 
     </span>
     <span class='ocr_line' id='line_1_16' title="bbox 575 2299 2214 2390; baseline -0.001 -21"><span class='ocrx_word' id='word_1_207' title='bbox 575 2320 672 2385; x_wconf 73' lang='lat' dir='ltr'>psisset</span> <span class='ocrx_word' id='word_1_208' title='bbox 684 2317 734 2390; x_wconf 80' lang='lat' dir='ltr'>(a).</span> <span class='ocrx_word' id='word_1_209' title='bbox 751 2319 804 2374; x_wconf 84' lang='lat' dir='ltr'>liec</span> <span class='ocrx_word' id='word_1_210' title='bbox 818 2320 868 2374; x_wconf 92' lang='lat' dir='ltr'>lroc</span> <span class='ocrx_word' id='word_1_211' title='bbox 882 2322 1004 2389; x_wconf 88' lang='lat' dir='ltr'>accipere</span> <span class='ocrx_word' id='word_1_212' title='bbox 1023 2318 1166 2390; x_wconf 89' lang='lat' dir='ltr'>patientius</span> <span class='ocrx_word' id='word_1_213' title='bbox 1181 2315 1340 2381; x_wconf 85' lang='lat' dir='ltr'>voluerunt,</span> <span class='ocrx_word' id='word_1_214' title='bbox 1355 2315 1403 2371; x_wconf 91' lang='lat' dir='ltr'>sed</span> <span class='ocrx_word' id='word_1_215' title='bbox 1418 2317 1588 2385; x_wconf 89' lang='lat' dir='ltr'>arripuerunt</span> <span class='ocrx_word' id='word_1_216' title='bbox 1607 2299 1799 2384; x_wconf 82' lang='lat' dir='ltr'>proiectioncm</span> <span class='ocrx_word' id='word_1_217' title='bbox 1818 2314 1895 2369; x_wconf 92' lang='lat' dir='ltr'>nobis</span> <span class='ocrx_word' id='word_1_218' title='bbox 1909 2313 1997 2369; x_wconf 86' lang='lat' dir='ltr'>taliter</span> <span class='ocrx_word' id='word_1_219' title='bbox 2009 2329 2063 2368; x_wconf 92' lang='lat' dir='ltr'>non</span> <span class='ocrx_word' id='word_1_220' title='bbox 2076 2321 2214 2384; x_wconf 90' lang='lat' dir='ltr'>optatam:</span> 
     </span>
     <span class='ocr_line' id='line_1_17' title="bbox 575 2403 2216 2481; baseline -0.003 -17"><span class='ocrx_word' id='word_1_221' title='bbox 575 2409 657 2464; x_wconf 87' lang='lat' dir='ltr'>iratre</span> <span class='ocrx_word' id='word_1_222' title='bbox 673 2409 692 2463; x_wconf 85' lang='lat' dir='ltr'><strong>F</strong></span> <span class='ocrx_word' id='word_1_223' title='bbox 694 2410 751 2464; x_wconf 87' lang='lat' dir='ltr'>loro</span> <span class='ocrx_word' id='word_1_224' title='bbox 763 2409 850 2467; x_wconf 90' lang='lat' dir='ltr'>lurore</span> <span class='ocrx_word' id='word_1_225' title='bbox 862 2412 970 2465; x_wconf 90' lang='lat' dir='ltr'>illorum</span> <span class='ocrx_word' id='word_1_226' title='bbox 986 2408 1179 2481; x_wconf 84' lang='lat' dir='ltr'>propemodum</span> <span class='ocrx_word' id='word_1_227' title='bbox 1195 2406 1364 2476; x_wconf 89' lang='lat' dir='ltr'>conturbato,</span> <span class='ocrx_word' id='word_1_228' title='bbox 1380 2406 1407 2461; x_wconf 91' lang='lat' dir='ltr'>in</span> <span class='ocrx_word' id='word_1_229' title='bbox 1427 2422 1505 2475; x_wconf 91' lang='lat' dir='ltr'>quem</span> <span class='ocrx_word' id='word_1_230' title='bbox 1521 2406 1676 2472; x_wconf 80' lang='lat' dir='ltr'>sanemur,</span> <span class='ocrx_word' id='word_1_231' title='bbox 1691 2406 1752 2476; x_wconf 91' lang='lat' dir='ltr'>quia</span> <span class='ocrx_word' id='word_1_232' title='bbox 1766 2405 1823 2476; x_wconf 90' lang='lat' dir='ltr'>ipse</span> <span class='ocrx_word' id='word_1_233' title='bbox 1837 2405 1901 2473; x_wconf 89' lang='lat' dir='ltr'>illis,</span> <span class='ocrx_word' id='word_1_234' title='bbox 1917 2412 1947 2460; x_wconf 94' lang='lat' dir='ltr'>ut</span> <span class='ocrx_word' id='word_1_235' title='bbox 1959 2404 2095 2475; x_wconf 88' lang='lat' dir='ltr'>putabant,</span> <span class='ocrx_word' id='word_1_236' title='bbox 2106 2403 2216 2461; x_wconf 78' lang='lat' dir='ltr'>vulnera</span> 
     </span>
     <span class='ocr_line' id='line_1_18' title="bbox 576 2495 2217 2571; baseline -0.002 -16"><span class='ocrx_word' id='word_1_237' title='bbox 576 2499 635 2555; x_wconf 86' lang='lat' dir='ltr'>libri</span> <span class='ocrx_word' id='word_1_238' title='bbox 650 2498 729 2568; x_wconf 84' lang='lat' dir='ltr'>hujus</span> <span class='ocrx_word' id='word_1_239' title='bbox 743 2500 893 2567; x_wconf 88' lang='lat' dir='ltr'>attulissct;</span> <span class='ocrx_word' id='word_1_240' title='bbox 909 2502 935 2556; x_wconf 91' lang='lat' dir='ltr'>in</span> <span class='ocrx_word' id='word_1_241' title='bbox 949 2516 1002 2571; x_wconf 86' lang='lat' dir='ltr'>quo</span> <span class='ocrx_word' id='word_1_242' title='bbox 1015 2500 1175 2555; x_wconf 86' lang='lat' dir='ltr'>medicinam</span> <span class='ocrx_word' id='word_1_243' title='bbox 1188 2513 1240 2552; x_wconf 92' lang='lat' dir='ltr'>oon</span> <span class='ocrx_word' id='word_1_244' title='bbox 1256 2506 1380 2567; x_wconf 88' lang='lat' dir='ltr'>poterant</span> <span class='ocrx_word' id='word_1_245' title='bbox 1394 2497 1494 2553; x_wconf 91' lang='lat' dir='ltr'>iuhrrni</span> <span class='ocrx_word' id='word_1_246' title='bbox 1509 2511 1680 2567; x_wconf 73' lang='lat' dir='ltr'>cognoscere.</span> <span class='ocrx_word' id='word_1_247' title='bbox 1696 2496 1772 2553; x_wconf 86' lang='lat' dir='ltr'>Unde</span> <span class='ocrx_word' id='word_1_248' title='bbox 1787 2507 1815 2553; x_wconf 87' lang='lat' dir='ltr'>et</span> <span class='ocrx_word' id='word_1_249' title='bbox 1825 2506 1946 2552; x_wconf 87' lang='lat' dir='ltr'>sanctum</span> <span class='ocrx_word' id='word_1_250' title='bbox 1965 2496 2151 2568; x_wconf 80' lang='lat' dir='ltr'>presbyterum</span> <span class='ocrx_word' id='word_1_251' title='bbox 2165 2495 2217 2553; x_wconf 86' lang='lat' dir='ltr'>Sa·</span> 
     </span>
     <span class='ocr_line' id='line_1_19' title="bbox 574 2579 2216 2659; baseline 0.001 -19"><span class='ocrx_word' id='word_1_252' title='bbox 574 2586 667 2642; x_wconf 91' lang='lat' dir='ltr'>binum</span> <span class='ocrx_word' id='word_1_253' title='bbox 685 2588 717 2641; x_wconf 91' lang='lat' dir='ltr'>arl</span> <span class='ocrx_word' id='word_1_254' title='bbox 732 2588 860 2658; x_wconf 77' lang='lat' dir='ltr'>maiorem</span> <span class='ocrx_word' id='word_1_255' title='bbox 876 2591 1062 2644; x_wconf 89' lang='lat' dir='ltr'>auctoritatem</span> <span class='ocrx_word' id='word_1_256' title='bbox 1077 2588 1246 2658; x_wconf 75' lang='lat' dir='ltr'>rogavimus,</span> <span class='ocrx_word' id='word_1_257' title='bbox 1263 2595 1290 2642; x_wconf 91' lang='lat' dir='ltr'>et</span> <span class='ocrx_word' id='word_1_258' title='bbox 1304 2579 1387 2657; x_wconf 77' lang='lat' dir='ltr'>ipsios</span> <span class='ocrx_word' id='word_1_259' title='bbox 1402 2588 1535 2645; x_wconf 85' lang='lat' dir='ltr'>Sanctitas</span> <span class='ocrx_word' id='word_1_260' title='bbox 1548 2586 1644 2641; x_wconf 90' lang='lat' dir='ltr'>librum</span> <span class='ocrx_word' id='word_1_261' title='bbox 1664 2601 1725 2642; x_wconf 88' lang='lat' dir='ltr'>cum</span> <span class='ocrx_word' id='word_1_262' title='bbox 1738 2587 1845 2657; x_wconf 83' lang='lat' dir='ltr'>liquidis</span> <span class='ocrx_word' id='word_1_263' title='bbox 1858 2587 2121 2658; x_wconf 85' lang='lat' dir='ltr'>interpretationibus</span> <span class='ocrx_word' id='word_1_264' title='bbox 2135 2586 2216 2659; x_wconf 60' lang='lat' dir='ltr'>legin</span> 
     </span>
     <span class='ocr_line' id='line_1_20' title="bbox 574 2677 2215 2749; baseline 0 -15"><span class='ocrx_word' id='word_1_265' title='bbox 574 2694 624 2734; x_wconf 88' lang='lat' dir='ltr'>nec</span> <span class='ocrx_word' id='word_1_266' title='bbox 635 2681 673 2734; x_wconf 90' lang='lat' dir='ltr'>sic</span> <span class='ocrx_word' id='word_1_267' title='bbox 687 2682 776 2735; x_wconf 90' lang='lat' dir='ltr'>anima</span> <span class='ocrx_word' id='word_1_268' title='bbox 788 2682 905 2737; x_wconf 90' lang='lat' dir='ltr'>sauciata</span> <span class='ocrx_word' id='word_1_269' title='bbox 925 2691 1015 2735; x_wconf 91' lang='lat' dir='ltr'>curata</span> <span class='ocrx_word' id='word_1_270' title='bbox 1032 2689 1082 2736; x_wconf 91' lang='lat' dir='ltr'>est.</span> <span class='ocrx_word' id='word_1_271' title='bbox 1105 2679 1205 2747; x_wconf 82' lang='lat' dir='ltr'>Quibus</span> <span class='ocrx_word' id='word_1_272' title='bbox 1219 2689 1327 2749; x_wconf 92' lang='lat' dir='ltr'>propter</span> <span class='ocrx_word' id='word_1_273' title='bbox 1340 2681 1424 2748; x_wconf 85' lang='lat' dir='ltr'>ipsam</span> <span class='ocrx_word' id='word_1_274' title='bbox 1439 2679 1563 2749; x_wconf 90' lang='lat' dir='ltr'>pietatem</span> <span class='ocrx_word' id='word_1_275' title='bbox 1584 2687 1706 2747; x_wconf 89' lang='lat' dir='ltr'>sumptus</span> <span class='ocrx_word' id='word_1_276' title='bbox 1718 2678 1850 2742; x_wconf 88' lang='lat' dir='ltr'>dedimus,</span> <span class='ocrx_word' id='word_1_277' title='bbox 1863 2693 1897 2734; x_wconf 89' lang='lat' dir='ltr'>ne</span> <span class='ocrx_word' id='word_1_278' title='bbox 1911 2678 2021 2735; x_wconf 84' lang='lat' dir='ltr'>vulnera</span> <span class='ocrx_word' id='word_1_279' title='bbox 2036 2677 2154 2748; x_wconf 89' lang='lat' dir='ltr'>ipsorum</span> <span class='ocrx_word' id='word_1_280' title='bbox 2166 2696 2215 2735; x_wconf 90' lang='lat' dir='ltr'>eu-</span> 
     </span>
     <span class='ocr_line' id='line_1_21' title="bbox 573 2767 2215 2845; baseline -0.002 -18"><span class='ocrx_word' id='word_1_281' title='bbox 573 2772 752 2841; x_wconf 90' lang='lat' dir='ltr'>mularemus,</span> <span class='ocrx_word' id='word_1_282' title='bbox 768 2789 827 2845; x_wconf 78' lang='lat' dir='ltr'>qum</span> <span class='ocrx_word' id='word_1_283' title='bbox 844 2783 933 2844; x_wconf 84' lang='lat' dir='ltr'>posset</span> <span class='ocrx_word' id='word_1_284' title='bbox 955 2787 1050 2827; x_wconf 83' lang='lat' dir='ltr'>sanare</span> <span class='ocrx_word' id='word_1_285' title='bbox 1064 2771 1124 2826; x_wconf 87' lang='lat' dir='ltr'>libri</span> <span class='ocrx_word' id='word_1_286' title='bbox 1147 2770 1230 2840; x_wconf 81' lang='lat' dir='ltr'>ipsius</span> <span class='ocrx_word' id='word_1_287' title='bbox 1252 2771 1354 2840; x_wconf 80' lang='lat' dir='ltr'>qratia,</span> <span class='ocrx_word' id='word_1_288' title='bbox 1377 2769 1403 2823; x_wconf 90' lang='lat' dir='ltr'>in</span> <span class='ocrx_word' id='word_1_289' title='bbox 1427 2783 1478 2841; x_wconf 90' lang='lat' dir='ltr'>qua</span> <span class='ocrx_word' id='word_1_290' title='bbox 1493 2767 1605 2838; x_wconf 77' lang='lat' dir='ltr'>refulget</span> <span class='ocrx_word' id='word_1_291' title='bbox 1620 2777 1664 2822; x_wconf 91' lang='lat' dir='ltr'>ma</span> <span class='ocrx_word' id='word_1_292' title='bbox 1685 2778 1775 2823; x_wconf 88' lang='lat' dir='ltr'>sancta</span> <span class='ocrx_word' id='word_1_293' title='bbox 1796 2768 1948 2839; x_wconf 76' lang='lat' dir='ltr'>praesuma.</span> <span class='ocrx_word' id='word_1_294' title='bbox 1963 2767 2065 2836; x_wconf 81' lang='lat' dir='ltr'>Quibus</span> <span class='ocrx_word' id='word_1_295' title='bbox 2077 2768 2215 2839; x_wconf 86' lang='lat' dir='ltr'>proiectis,</span> 
     </span>
     <span class='ocr_line' id='line_1_22' title="bbox 574 2857 2215 2932; baseline -0.001 -16"><span class='ocrx_word' id='word_1_296' title='bbox 574 2862 650 2931; x_wconf 85' lang='lat' dir='ltr'>quies</span> <span class='ocrx_word' id='word_1_297' title='bbox 664 2872 691 2917; x_wconf 83' lang='lat' dir='ltr'>et</span> <span class='ocrx_word' id='word_1_298' title='bbox 702 2878 750 2932; x_wconf 84' lang='lat' dir='ltr'>pax</span> <span class='ocrx_word' id='word_1_299' title='bbox 764 2879 810 2932; x_wconf 86' lang='lat' dir='ltr'>per</span> <span class='ocrx_word' id='word_1_300' title='bbox 819 2877 914 2919; x_wconf 89' lang='lat' dir='ltr'>omnes</span> <span class='ocrx_word' id='word_1_301' title='bbox 925 2864 1020 2919; x_wconf 86' lang='lat' dir='ltr'>iratres</span> <span class='ocrx_word' id='word_1_302' title='bbox 1032 2860 1175 2918; x_wconf 82' lang='lat' dir='ltr'>exsultarit</span> <span class='ocrx_word' id='word_1_303' title='bbox 1186 2861 1212 2915; x_wconf 91' lang='lat' dir='ltr'>in</span> <span class='ocrx_word' id='word_1_304' title='bbox 1227 2859 1350 2916; x_wconf 85' lang='lat' dir='ltr'>Domino.</span> <span class='ocrx_word' id='word_1_305' title='bbox 1360 2857 1483 2930; x_wconf 81' lang='lat' dir='ltr'>Quinque</span> <span class='ocrx_word' id='word_1_306' title='bbox 1495 2862 1567 2915; x_wconf 89' lang='lat' dir='ltr'>enim</span> <span class='ocrx_word' id='word_1_307' title='bbox 1580 2860 1622 2915; x_wconf 88' lang='lat' dir='ltr'>rel</span> <span class='ocrx_word' id='word_1_308' title='bbox 1637 2858 1751 2930; x_wconf 91' lang='lat' dir='ltr'>amplius</span> <span class='ocrx_word' id='word_1_309' title='bbox 1764 2859 1875 2916; x_wconf 91' lang='lat' dir='ltr'>iratrum</span> <span class='ocrx_word' id='word_1_310' title='bbox 1890 2859 2058 2916; x_wconf 88' lang='lat' dir='ltr'>animositate</span> <span class='ocrx_word' id='word_1_311' title='bbox 2066 2859 2115 2915; x_wconf 86' lang='lat' dir='ltr'>ista</span> <span class='ocrx_word' id='word_1_312' title='bbox 2124 2860 2215 2918; x_wconf 86' lang='lat' dir='ltr'>estin·</span> 
     </span>
     <span class='ocr_line' id='line_1_23' title="bbox 578 2956 799 3010; baseline 0.005 -2"><span class='ocrx_word' id='word_1_313' title='bbox 578 2963 640 3009; x_wconf 86' lang='lat' dir='ltr'>nam</span> <span class='ocrx_word' id='word_1_314' title='bbox 654 2956 799 3010; x_wconf 89' lang='lat' dir='ltr'>contentio.</span> 
     </span>
    </p>
   </div>
   <div class='ocr_carea' id='block_1_3' title="bbox 574 3045 2235 5496">
    <p class='ocr_par' dir='ltr' id='par_1_4' title="bbox 574 3045 2235 5035">
     <span class='ocr_line' id='line_1_24' title="bbox 579 3045 2218 3123; baseline -0.002 -15"><span class='ocrx_word' id='word_1_315' title='bbox 579 3115 581 3117; x_wconf 13' lang='lat' dir='ltr'>v</span> <span class='ocrx_word' id='word_1_316' title='bbox 611 3053 637 3108; x_wconf 81' lang='grc'><strong>1.</strong></span> <span class='ocrx_word' id='word_1_317' title='bbox 651 3051 703 3108; x_wconf 88' lang='lat' dir='ltr'>Sed</span> <span class='ocrx_word' id='word_1_318' title='bbox 715 3054 777 3123; x_wconf 89' lang='lat' dir='ltr'>quia</span> <span class='ocrx_word' id='word_1_319' title='bbox 794 3053 938 3117; x_wconf 88' lang='lat' dir='ltr'>interdum,</span> <span class='ocrx_word' id='word_1_320' title='bbox 953 3053 1061 3109; x_wconf 89' lang='lat' dir='ltr'>tlonrine</span> <span class='ocrx_word' id='word_1_321' title='bbox 1072 3066 1148 3123; x_wconf 85' lang='lat' dir='ltr'>papa,</span> <span class='ocrx_word' id='word_1_322' title='bbox 1162 3050 1286 3123; x_wconf 83' lang='lat' dir='ltr'>pror-erm</span> <span class='ocrx_word' id='word_1_323' title='bbox 1298 3048 1424 3121; x_wconf 75' lang='lat' dir='ltr'>gaudium</span> <span class='ocrx_word' id='word_1_324' title='bbox 1439 3064 1470 3104; x_wconf 83' lang='lat' dir='ltr'>ex</span> <span class='ocrx_word' id='word_1_325' title='bbox 1483 3048 1599 3115; x_wconf 82' lang='lat' dir='ltr'>tristitia,</span> <span class='ocrx_word' id='word_1_326' title='bbox 1615 3063 1668 3103; x_wconf 91' lang='lat' dir='ltr'>non</span> <span class='ocrx_word' id='word_1_327' title='bbox 1679 3048 1746 3103; x_wconf 68' lang='lat' dir='ltr'>aleo</span> <span class='ocrx_word' id='word_1_328' title='bbox 1757 3045 1968 3114; x_wconf 84' lang='lat' dir='ltr'>nrmstiiicamur,</span> <span class='ocrx_word' id='word_1_329' title='bbox 1980 3046 2042 3119; x_wconf 89' lang='lat' dir='ltr'>qula</span> <span class='ocrx_word' id='word_1_330' title='bbox 2053 3061 2101 3117; x_wconf 89' lang='lat' dir='ltr'>per</span> <span class='ocrx_word' id='word_1_331' title='bbox 2110 3046 2218 3119; x_wconf 77' lang='lat' dir='ltr'>tqmroa</span> 
     </span>
     <span class='ocr_line' id='line_1_25' title="bbox 575 3136 2216 3209; baseline -0.004 -9"><span class='ocrx_word' id='word_1_332' title='bbox 575 3153 602 3200; x_wconf 88' lang='lat' dir='ltr'>el</span> <span class='ocrx_word' id='word_1_333' title='bbox 611 3145 734 3200; x_wconf 78' lang='lat' dir='ltr'>curiosos</span> <span class='ocrx_word' id='word_1_334' title='bbox 747 3146 913 3201; x_wconf 75' lang='lat' dir='ltr'>atrocissimis</span> <span class='ocrx_word' id='word_1_335' title='bbox 927 3145 1118 3200; x_wconf 90' lang='lat' dir='ltr'>monitionibus</span> <span class='ocrx_word' id='word_1_336' title='bbox 1133 3153 1185 3198; x_wconf 79' lang='lat' dir='ltr'>tue</span> <span class='ocrx_word' id='word_1_337' title='bbox 1197 3140 1350 3197; x_wconf 88' lang='lat' dir='ltr'>Sanctitatis</span> <span class='ocrx_word' id='word_1_338' title='bbox 1360 3140 1503 3195; x_wconf 90' lang='lat' dir='ltr'>illuminari</span> <span class='ocrx_word' id='word_1_339' title='bbox 1517 3141 1671 3195; x_wconf 87' lang='lat' dir='ltr'>meruimus.</span> <span class='ocrx_word' id='word_1_340' title='bbox 1686 3138 1752 3193; x_wconf 81' lang='lat' dir='ltr'>llam</span> <span class='ocrx_word' id='word_1_341' title='bbox 1763 3149 1791 3195; x_wconf 91' lang='lat' dir='ltr'>et</span> <span class='ocrx_word' id='word_1_342' title='bbox 1801 3138 1932 3194; x_wconf 89' lang='lat' dir='ltr'>dubitatio</span> <span class='ocrx_word' id='word_1_343' title='bbox 1945 3137 2015 3194; x_wconf 90' lang='lat' dir='ltr'>beati</span> <span class='ocrx_word' id='word_1_344' title='bbox 2026 3136 2140 3195; x_wconf 81' lang='lat' dir='ltr'>Thema</span> <span class='ocrx_word' id='word_1_345' title='bbox 2150 3152 2216 3209; x_wconf 84' lang='lat' dir='ltr'>apo-</span> 
     </span>
     <span class='ocr_line' id='line_1_26' title="bbox 574 3228 2219 3306; baseline -0.002 -17"><span class='ocrx_word' id='word_1_346' title='bbox 574 3234 635 3289; x_wconf 84' lang='lat' dir='ltr'>mli</span> <span class='ocrx_word' id='word_1_347' title='bbox 651 3233 780 3291; x_wconf 88' lang='lat' dir='ltr'>ioramirra</span> <span class='ocrx_word' id='word_1_348' title='bbox 791 3236 926 3290; x_wconf 83' lang='lat' dir='ltr'>clavorum</span> <span class='ocrx_word' id='word_1_349' title='bbox 941 3234 1086 3306; x_wconf 89' lang='lat' dir='ltr'>quaerentis</span> <span class='ocrx_word' id='word_1_350' title='bbox 1100 3231 1189 3305; x_wconf 80' lang='lat' dir='ltr'>(icon.</span> <span class='ocrx_word' id='word_1_351' title='bbox 1204 3249 1250 3294; x_wconf 84' lang='grc' dir='ltr'>ιι,</span> <span class='ocrx_word' id='word_1_352' title='bbox 1262 3231 1309 3301; x_wconf 71' lang='grc'><strong>15)</strong></span> <span class='ocrx_word' id='word_1_353' title='bbox 1325 3230 1495 3286; x_wconf 89' lang='lat' dir='ltr'>conlirmatio</span> <span class='ocrx_word' id='word_1_354' title='bbox 1505 3230 1554 3285; x_wconf 89' lang='lat' dir='ltr'>iuit</span> <span class='ocrx_word' id='word_1_355' title='bbox 1565 3230 1690 3286; x_wconf 75' lang='lat' dir='ltr'>Ecclesia</span> <span class='ocrx_word' id='word_1_356' title='bbox 1702 3229 1874 3287; x_wconf 83' lang='lat' dir='ltr'>uniuersalis.</span> <span class='ocrx_word' id='word_1_357' title='bbox 1888 3229 2051 3299; x_wconf 73' lang='lat' dir='ltr'>decepimus</span> <span class='ocrx_word' id='word_1_358' title='bbox 2065 3228 2153 3300; x_wconf 75' lang='lat' dir='ltr'>igitrrr,</span> <span class='ocrx_word' id='word_1_359' title='bbox 2167 3229 2219 3285; x_wconf 90' lang='lat' dir='ltr'>do·</span> 
     </span>
     <span class='ocr_line' id='line_1_27' title="bbox 575 3316 2217 3399; baseline -0.001 -20"><span class='ocrx_word' id='word_1_360' title='bbox 575 3327 647 3380; x_wconf 83' lang='lat' dir='ltr'>mine</span> <span class='ocrx_word' id='word_1_361' title='bbox 669 3339 734 3393; x_wconf 87' lang='lat' dir='ltr'>papa</span> <span class='ocrx_word' id='word_1_362' title='bbox 747 3366 755 3392; x_wconf 92' lang='lat'>,</span> <span class='ocrx_word' id='word_1_363' title='bbox 770 3325 990 3380; x_wconf 86' lang='lat' dir='ltr'>medicamentum</span> <span class='ocrx_word' id='word_1_364' title='bbox 1014 3325 1056 3394; x_wconf 90' lang='lat' dir='ltr'>pie</span> <span class='ocrx_word' id='word_1_365' title='bbox 1076 3316 1226 3379; x_wconf 87' lang='lat' dir='ltr'>curantium</span> <span class='ocrx_word' id='word_1_366' title='bbox 1251 3330 1355 3377; x_wconf 89' lang='lat' dir='ltr'>tuarum</span> <span class='ocrx_word' id='word_1_367' title='bbox 1374 3334 1436 3399; x_wconf 80' lang='lat' dir='ltr'>eum</span> <span class='ocrx_word' id='word_1_368' title='bbox 1455 3322 1540 3392; x_wconf 77' lang='lat' dir='ltr'>qratia</span> <span class='ocrx_word' id='word_1_369' title='bbox 1562 3321 1720 3390; x_wconf 89' lang='lat' dir='ltr'>litterarum,</span> <span class='ocrx_word' id='word_1_370' title='bbox 1735 3328 1762 3376; x_wconf 89' lang='lat' dir='ltr'>et</span> <span class='ocrx_word' id='word_1_371' title='bbox 1781 3320 1952 3377; x_wconf 88' lang='lat' dir='ltr'>contudimus</span> <span class='ocrx_word' id='word_1_372' title='bbox 1974 3328 2083 3391; x_wconf 82' lang='lat' dir='ltr'>pectora</span> <span class='ocrx_word' id='word_1_373' title='bbox 2110 3329 2217 3386; x_wconf 86' lang='lat' dir='ltr'>nestra;</span> 
     </span>
     <span class='ocr_line' id='line_1_28' title="bbox 575 3409 2219 3483; baseline 0 -16"><span class='ocrx_word' id='word_1_374' title='bbox 575 3421 604 3467; x_wconf 93' lang='grc' dir='ltr'>ιιι</span> <span class='ocrx_word' id='word_1_375' title='bbox 616 3413 654 3467; x_wconf 88' lang='lat' dir='ltr'>sic</span> <span class='ocrx_word' id='word_1_376' title='bbox 665 3414 758 3468; x_wconf 89' lang='lat' dir='ltr'>saltem</span> <span class='ocrx_word' id='word_1_377' title='bbox 771 3420 880 3468; x_wconf 81' lang='lat' dir='ltr'>saneim</span> <span class='ocrx_word' id='word_1_378' title='bbox 894 3413 1055 3468; x_wconf 82' lang='lat' dir='ltr'>corocieotia</span> <span class='ocrx_word' id='word_1_379' title='bbox 1069 3420 1168 3475; x_wconf 89' lang='lat' dir='ltr'>nostra,</span> <span class='ocrx_word' id='word_1_380' title='bbox 1179 3427 1259 3483; x_wconf 90' lang='lat' dir='ltr'>quaro</span> <span class='ocrx_word' id='word_1_381' title='bbox 1275 3426 1321 3480; x_wconf 86' lang='lat' dir='ltr'>per</span> <span class='ocrx_word' id='word_1_382' title='bbox 1336 3409 1450 3466; x_wconf 88' lang='lat' dir='ltr'>liberum</span> <span class='ocrx_word' id='word_1_383' title='bbox 1460 3410 1598 3466; x_wconf 84' lang='lat' dir='ltr'>arbitrium</span> <span class='ocrx_word' id='word_1_384' title='bbox 1612 3420 1745 3476; x_wconf 90' lang='lat' dir='ltr'>nostrum,</span> <span class='ocrx_word' id='word_1_385' title='bbox 1757 3409 1829 3481; x_wconf 89' lang='lat' dir='ltr'>quod</span> <span class='ocrx_word' id='word_1_386' title='bbox 1842 3410 1923 3467; x_wconf 91' lang='lat' dir='ltr'>donat</span> <span class='ocrx_word' id='word_1_387' title='bbox 1933 3409 2126 3476; x_wconf 87' lang='lat' dir='ltr'>misericordia,</span> <span class='ocrx_word' id='word_1_388' title='bbox 2141 3422 2219 3467; x_wconf 85' lang='lat' dir='ltr'>curat</span> 
     </span>
     <span class='ocr_line' id='line_1_29' title="bbox 575 3500 2217 3574; baseline -0.001 -14"><span class='ocrx_word' id='word_1_389' title='bbox 575 3513 603 3560; x_wconf 91' lang='lat' dir='ltr'>et</span> <span class='ocrx_word' id='word_1_390' title='bbox 618 3504 733 3559; x_wconf 85' lang='lat' dir='ltr'>ririircat</span> <span class='ocrx_word' id='word_1_391' title='bbox 747 3503 831 3574; x_wconf 78' lang='lat' dir='ltr'>qratia</span> <span class='ocrx_word' id='word_1_392' title='bbox 847 3523 853 3558; x_wconf 93' lang='lat'>:</span> <span class='ocrx_word' id='word_1_393' title='bbox 868 3504 915 3560; x_wconf 89' lang='lat' dir='ltr'>sed</span> <span class='ocrx_word' id='word_1_394' title='bbox 930 3503 956 3558; x_wconf 90' lang='lat' dir='ltr'>in</span> <span class='ocrx_word' id='word_1_395' title='bbox 971 3505 1022 3560; x_wconf 91' lang='lat' dir='ltr'>hoe</span> <span class='ocrx_word' id='word_1_396' title='bbox 1035 3514 1165 3573; x_wconf 87' lang='lat' dir='ltr'>ternpore,</span> <span class='ocrx_word' id='word_1_397' title='bbox 1179 3501 1286 3573; x_wconf 89' lang='lat' dir='ltr'>quando</span> <span class='ocrx_word' id='word_1_398' title='bbox 1300 3501 1388 3557; x_wconf 88' lang='lat' dir='ltr'>adhue</span> <span class='ocrx_word' id='word_1_399' title='bbox 1407 3500 1617 3556; x_wconf 87' lang='lat' dir='ltr'>misericordiam</span> <span class='ocrx_word' id='word_1_400' title='bbox 1627 3516 1687 3556; x_wconf 92' lang='lat' dir='ltr'>cum</span> <span class='ocrx_word' id='word_1_401' title='bbox 1700 3501 1829 3559; x_wconf 87' lang='lat' dir='ltr'>dilatione</span> <span class='ocrx_word' id='word_1_402' title='bbox 1842 3509 1992 3559; x_wconf 74' lang='lat' dir='ltr'>mammas.</span> <span class='ocrx_word' id='word_1_403' title='bbox 2005 3501 2072 3557; x_wconf 83' lang='lat' dir='ltr'>llam</span> <span class='ocrx_word' id='word_1_404' title='bbox 2085 3514 2146 3559; x_wconf 90' lang='lat' dir='ltr'>eum</span> <span class='ocrx_word' id='word_1_405' title='bbox 2160 3516 2217 3558; x_wconf 81' lang='lat' dir='ltr'>em·</span> 
     </span>
     <span class='ocr_line' id='line_1_30' title="bbox 575 3585 2220 3679; baseline -0.001 -32"><span class='ocrx_word' id='word_1_406' title='bbox 575 3585 693 3664; x_wconf 81' lang='lat' dir='ltr'>periurus</span> <span class='ocrx_word' id='word_1_407' title='bbox 705 3594 833 3663; x_wconf 79' lang='lat' dir='ltr'>iudicium</span> <span class='ocrx_word' id='word_1_408' title='bbox 845 3604 954 3648; x_wconf 88' lang='lat' dir='ltr'>cantare</span> <span class='ocrx_word' id='word_1_409' title='bbox 970 3594 1092 3660; x_wconf 86' lang='lat' dir='ltr'>bonrlno,</span> <span class='ocrx_word' id='word_1_410' title='bbox 1106 3591 1266 3663; x_wconf 88' lang='lat' dir='ltr'>reportaturi</span> <span class='ocrx_word' id='word_1_411' title='bbox 1280 3605 1372 3647; x_wconf 88' lang='lat' dir='ltr'>sumus</span> <span class='ocrx_word' id='word_1_412' title='bbox 1394 3591 1547 3647; x_wconf 88' lang='lat' dir='ltr'>mercedem</span> <span class='ocrx_word' id='word_1_413' title='bbox 1561 3605 1610 3679; x_wconf 78' lang='lat' dir='ltr'>prp</span> <span class='ocrx_word' id='word_1_414' title='bbox 1624 3606 1706 3663; x_wconf 90' lang='lat' dir='ltr'>opere</span> <span class='ocrx_word' id='word_1_415' title='bbox 1721 3601 1832 3659; x_wconf 89' lang='lat' dir='ltr'>nestro,</span> <span class='ocrx_word' id='word_1_416' title='bbox 1852 3593 1915 3663; x_wconf 90' lang='lat' dir='ltr'>quia</span> <span class='ocrx_word' id='word_1_417' title='bbox 1929 3590 2083 3647; x_wconf 84' lang='lat' dir='ltr'>misericors</span> <span class='ocrx_word' id='word_1_418' title='bbox 2096 3590 2220 3661; x_wconf 79' lang='lat' dir='ltr'>etiustoa</span> 
     </span>
     <span class='ocr_line' id='line_1_31' title="bbox 576 3682 2219 3758; baseline -0.002 -16"><span class='ocrx_word' id='word_1_419' title='bbox 576 3687 714 3750; x_wconf 84' lang='lat' dir='ltr'>Dominus,</span> <span class='ocrx_word' id='word_1_420' title='bbox 726 3688 867 3740; x_wconf 89' lang='lat' dir='ltr'>miserator</span> <span class='ocrx_word' id='word_1_421' title='bbox 880 3694 908 3742; x_wconf 91' lang='lat' dir='ltr'>et</span> <span class='ocrx_word' id='word_1_422' title='bbox 923 3694 1011 3741; x_wconf 90' lang='lat' dir='ltr'>rectus</span> <span class='ocrx_word' id='word_1_423' title='bbox 1024 3684 1166 3757; x_wconf 77' lang='lat' dir='ltr'>(Parthen,</span> <span class='ocrx_word' id='word_1_424' title='bbox 1179 3682 1217 3758; x_wconf 87' lang='grc'><strong>1).</strong></span> <span class='ocrx_word' id='word_1_425' title='bbox 1232 3682 1309 3753; x_wconf 81' lang='lat' dir='ltr'>Quia,</span> <span class='ocrx_word' id='word_1_426' title='bbox 1326 3683 1395 3738; x_wconf 90' lang='lat' dir='ltr'>sicut</span> <span class='ocrx_word' id='word_1_427' title='bbox 1409 3682 1489 3739; x_wconf 90' lang='lat' dir='ltr'>tlocet</span> <span class='ocrx_word' id='word_1_428' title='bbox 1500 3697 1550 3738; x_wconf 88' lang='lat' dir='ltr'>nos</span> <span class='ocrx_word' id='word_1_429' title='bbox 1562 3683 1695 3739; x_wconf 89' lang='lat' dir='ltr'>Sanctitas</span> <span class='ocrx_word' id='word_1_430' title='bbox 1707 3692 1762 3751; x_wconf 89' lang='lat' dir='ltr'>tua,</span> <span class='ocrx_word' id='word_1_431' title='bbox 1775 3685 1963 3755; x_wconf 75' lang='lat' dir='ltr'>representari</span> <span class='ocrx_word' id='word_1_432' title='bbox 1974 3698 2024 3740; x_wconf 91' lang='lat' dir='ltr'>nos</span> <span class='ocrx_word' id='word_1_433' title='bbox 2035 3691 2142 3754; x_wconf 88' lang='lat' dir='ltr'>oportet</span> <span class='ocrx_word' id='word_1_434' title='bbox 2155 3693 2219 3739; x_wconf 85' lang='lat' dir='ltr'>ante</span> 
     </span>
     <span class='ocr_line' id='line_1_32' title="bbox 576 3769 2219 3851; baseline -0.002 -16"><span class='ocrx_word' id='word_1_435' title='bbox 576 3769 690 3835; x_wconf 88' lang='lat' dir='ltr'>trihorrol</span> <span class='ocrx_word' id='word_1_436' title='bbox 713 3778 823 3844; x_wconf 88' lang='lat' dir='ltr'>Christi,</span> <span class='ocrx_word' id='word_1_437' title='bbox 839 3788 869 3835; x_wconf 92' lang='lat' dir='ltr'>ut</span> <span class='ocrx_word' id='word_1_438' title='bbox 882 3780 993 3851; x_wconf 90' lang='lat' dir='ltr'>recipiat</span> <span class='ocrx_word' id='word_1_439' title='bbox 1014 3778 1193 3848; x_wconf 87' lang='lat' dir='ltr'>unusquisque</span> <span class='ocrx_word' id='word_1_440' title='bbox 1213 3785 1334 3831; x_wconf 84' lang='lat' dir='ltr'>nostrum</span> <span class='ocrx_word' id='word_1_441' title='bbox 1349 3775 1456 3846; x_wconf 87' lang='lat' dir='ltr'>propria</span> <span class='ocrx_word' id='word_1_442' title='bbox 1475 3775 1615 3845; x_wconf 88' lang='lat' dir='ltr'>corporis,</span> <span class='ocrx_word' id='word_1_443' title='bbox 1631 3785 1710 3846; x_wconf 91' lang='lat' dir='ltr'>prout</span> <span class='ocrx_word' id='word_1_444' title='bbox 1729 3776 1829 3848; x_wconf 70' lang='lat' dir='ltr'>gessit,</span> <span class='ocrx_word' id='word_1_445' title='bbox 1843 3776 1901 3834; x_wconf 87' lang='lat' dir='ltr'>sire</span> <span class='ocrx_word' id='word_1_446' title='bbox 1914 3775 2014 3832; x_wconf 86' lang='lat' dir='ltr'>bonum</span> <span class='ocrx_word' id='word_1_447' title='bbox 2026 3816 2035 3843; x_wconf 96' lang='lat'>,</span> <span class='ocrx_word' id='word_1_448' title='bbox 2049 3775 2106 3832; x_wconf 85' lang='lat' dir='ltr'>sire</span> <span class='ocrx_word' id='word_1_449' title='bbox 2119 3776 2219 3832; x_wconf 72' lang='lat' dir='ltr'>malum</span> 
     </span>
     <span class='ocr_line' id='line_1_33' title="bbox 579 3866 2220 3943; baseline -0.001 -19"><span class='ocrx_word' id='word_1_450' title='bbox 579 3871 611 3943; x_wconf 77' lang='lat' dir='ltr'>tlt</span> <span class='ocrx_word' id='word_1_451' title='bbox 626 3869 684 3925; x_wconf 86' lang='lat' dir='ltr'>Cor.</span> <span class='ocrx_word' id='word_1_452' title='bbox 701 3887 726 3938; x_wconf 88' lang='lat' dir='ltr'>v,</span> <span class='ocrx_word' id='word_1_453' title='bbox 741 3869 785 3941; x_wconf 87' lang='lat' dir='ltr'>lh)</span> <span class='ocrx_word' id='word_1_454' title='bbox 805 3889 812 3925; x_wconf 74' lang='grc' dir='ltr'>ι</span> <span class='ocrx_word' id='word_1_455' title='bbox 826 3873 888 3941; x_wconf 90' lang='lat' dir='ltr'>quia</span> <span class='ocrx_word' id='word_1_456' title='bbox 901 3871 990 3926; x_wconf 87' lang='lat' dir='ltr'>reniet</span> <span class='ocrx_word' id='word_1_457' title='bbox 1002 3869 1139 3932; x_wconf 83' lang='lat' dir='ltr'>[lominus.</span> <span class='ocrx_word' id='word_1_458' title='bbox 1151 3876 1178 3923; x_wconf 91' lang='lat' dir='ltr'>ct</span> <span class='ocrx_word' id='word_1_459' title='bbox 1189 3882 1291 3923; x_wconf 89' lang='lat' dir='ltr'>merces</span> <span class='ocrx_word' id='word_1_460' title='bbox 1309 3866 1366 3938; x_wconf 88' lang='lat' dir='ltr'>ejus</span> <span class='ocrx_word' id='word_1_461' title='bbox 1379 3867 1515 3939; x_wconf 71' lang='lat' dir='ltr'>cumipse</span> <span class='ocrx_word' id='word_1_462' title='bbox 1530 3867 1606 3939; x_wconf 82' lang='lat' dir='ltr'>(laci.</span> <span class='ocrx_word' id='word_1_463' title='bbox 1627 3884 1671 3934; x_wconf 84' lang='grc' dir='ltr'>ιι,</span> <span class='ocrx_word' id='word_1_464' title='bbox 1685 3868 1730 3942; x_wconf 87' lang='lat' dir='ltr'>lo)</span> <span class='ocrx_word' id='word_1_465' title='bbox 1742 3885 1751 3923; x_wconf 75' lang='lat' dir='ltr'>a</span> <span class='ocrx_word' id='word_1_466' title='bbox 1764 3869 1827 3940; x_wconf 81' lang='lat' dir='ltr'>quia</span> <span class='ocrx_word' id='word_1_467' title='bbox 1838 3869 1920 3925; x_wconf 82' lang='lat' dir='ltr'>stabit</span> <span class='ocrx_word' id='word_1_468' title='bbox 1934 3868 2024 3932; x_wconf 90' lang='lat' dir='ltr'>home,</span> <span class='ocrx_word' id='word_1_469' title='bbox 2039 3878 2067 3924; x_wconf 89' lang='lat' dir='ltr'>et</span> <span class='ocrx_word' id='word_1_470' title='bbox 2081 3882 2149 3939; x_wconf 88' lang='lat' dir='ltr'>opus</span> <span class='ocrx_word' id='word_1_471' title='bbox 2160 3867 2220 3938; x_wconf 83' lang='lat' dir='ltr'>ejus</span> 
     </span>
     <span class='ocr_line' id='line_1_34' title="bbox 576 3957 2214 4032; baseline 0.001 -18"><span class='ocrx_word' id='word_1_472' title='bbox 576 3971 639 4016; x_wconf 89' lang='lat' dir='ltr'>ante</span> <span class='ocrx_word' id='word_1_473' title='bbox 652 3962 738 4031; x_wconf 89' lang='lat' dir='ltr'>ipsura</span> <span class='ocrx_word' id='word_1_474' title='bbox 756 3980 763 4016; x_wconf 76' lang='grc' dir='ltr'>ε</span> <span class='ocrx_word' id='word_1_475' title='bbox 778 3961 840 4032; x_wconf 88' lang='lat' dir='ltr'>quia</span> <span class='ocrx_word' id='word_1_476' title='bbox 857 3961 947 4017; x_wconf 85' lang='lat' dir='ltr'>ueniet</span> <span class='ocrx_word' id='word_1_477' title='bbox 960 3961 1088 4016; x_wconf 88' lang='lat' dir='ltr'>bonriuus</span> <span class='ocrx_word' id='word_1_478' title='bbox 1102 3959 1169 4016; x_wconf 90' lang='lat' dir='ltr'>sicut</span> <span class='ocrx_word' id='word_1_479' title='bbox 1182 3959 1302 4014; x_wconf 89' lang='lat' dir='ltr'>clibanus</span> <span class='ocrx_word' id='word_1_480' title='bbox 1314 3957 1422 4025; x_wconf 83' lang='lat' dir='ltr'>ardeus,</span> <span class='ocrx_word' id='word_1_481' title='bbox 1436 3969 1465 4014; x_wconf 90' lang='lat' dir='ltr'>nt</span> <span class='ocrx_word' id='word_1_482' title='bbox 1478 3960 1601 4017; x_wconf 89' lang='lat' dir='ltr'>incendat</span> <span class='ocrx_word' id='word_1_483' title='bbox 1614 3960 1709 4030; x_wconf 90' lang='lat' dir='ltr'>impios</span> <span class='ocrx_word' id='word_1_484' title='bbox 1724 3969 1849 4032; x_wconf 84' lang='lat' dir='ltr'>tanqttam</span> <span class='ocrx_word' id='word_1_485' title='bbox 1860 3960 1985 4031; x_wconf 85' lang='lat' dir='ltr'>stipulam</span> <span class='ocrx_word' id='word_1_486' title='bbox 2004 3958 2077 4031; x_wconf 73' lang='lat' dir='ltr'>(ioci</span> <span class='ocrx_word' id='word_1_487' title='bbox 2085 3975 2116 4027; x_wconf 92' lang='grc' dir='ltr'>ιι,</span> <span class='ocrx_word' id='word_1_488' title='bbox 2131 3961 2159 4026; x_wconf 78' lang='lat' dir='ltr'>a,</span> <span class='ocrx_word' id='word_1_489' title='bbox 2172 3960 2214 4030; x_wconf 75' lang='grc'><strong>51,</strong></span> 
     </span>
     <span class='ocr_line' id='line_1_35' title="bbox 576 4048 2218 4123; baseline -0.002 -18"><span class='ocrx_word' id='word_1_490' title='bbox 576 4062 604 4106; x_wconf 90' lang='lat' dir='ltr'>et</span> <span class='ocrx_word' id='word_1_491' title='bbox 616 4051 768 4107; x_wconf 89' lang='lat' dir='ltr'>timentibus</span> <span class='ocrx_word' id='word_1_492' title='bbox 782 4068 878 4107; x_wconf 87' lang='lat' dir='ltr'>nomeu</span> <span class='ocrx_word' id='word_1_493' title='bbox 894 4051 999 4107; x_wconf 86' lang='lat' dir='ltr'>Domini</span> <span class='ocrx_word' id='word_1_494' title='bbox 1014 4053 1115 4106; x_wconf 87' lang='lat' dir='ltr'>orietur</span> <span class='ocrx_word' id='word_1_495' title='bbox 1127 4049 1168 4104; x_wconf 92' lang='lat' dir='ltr'>sol</span> <span class='ocrx_word' id='word_1_496' title='bbox 1179 4049 1304 4119; x_wconf 74' lang='lat' dir='ltr'>justitiae,</span> <span class='ocrx_word' id='word_1_497' title='bbox 1321 4048 1428 4119; x_wconf 89' lang='lat' dir='ltr'>quando</span> <span class='ocrx_word' id='word_1_498' title='bbox 1451 4048 1524 4118; x_wconf 92' lang='lat' dir='ltr'>impii</span> <span class='ocrx_word' id='word_1_499' title='bbox 1542 4051 1686 4121; x_wconf 89' lang='lat' dir='ltr'>punientur</span> <span class='ocrx_word' id='word_1_500' title='bbox 1696 4050 1796 4120; x_wconf 80' lang='lat' dir='ltr'>iudicio</span> <span class='ocrx_word' id='word_1_501' title='bbox 1812 4050 1923 4121; x_wconf 77' lang='lat' dir='ltr'>justitiae</span> <span class='ocrx_word' id='word_1_502' title='bbox 1938 4048 2074 4123; x_wconf 80' lang='lat' dir='ltr'>(iictori.</span> <span class='ocrx_word' id='word_1_503' title='bbox 2086 4065 2124 4117; x_wconf 87' lang='grc' dir='ltr'>ιι,</span> <span class='ocrx_word' id='word_1_504' title='bbox 2138 4050 2188 4106; x_wconf 78' lang='lat' dir='ltr'>l-tr</span> <span class='ocrx_word' id='word_1_505' title='bbox 2198 4050 2218 4119; x_wconf 87' lang='lat'>).</span> 
     </span>
     <span class='ocr_line' id='line_1_36' title="bbox 578 4140 2221 4213; baseline -0.001 -16"><span class='ocrx_word' id='word_1_506' title='bbox 578 4141 634 4198; x_wconf 90' lang='lat' dir='ltr'>lloc</span> <span class='ocrx_word' id='word_1_507' title='bbox 644 4143 743 4211; x_wconf 80' lang='lat' dir='ltr'>iustus,</span> <span class='ocrx_word' id='word_1_508' title='bbox 759 4145 835 4213; x_wconf 84' lang='lat' dir='ltr'>eujus</span> <span class='ocrx_word' id='word_1_509' title='bbox 851 4154 877 4199; x_wconf 94' lang='lat' dir='ltr'>tu</span> <span class='ocrx_word' id='word_1_510' title='bbox 890 4145 991 4200; x_wconf 88' lang='lat' dir='ltr'>anricus</span> <span class='ocrx_word' id='word_1_511' title='bbox 1005 4158 1045 4209; x_wconf 90' lang='lat' dir='ltr'>es,</span> <span class='ocrx_word' id='word_1_512' title='bbox 1061 4142 1169 4198; x_wconf 88' lang='lat' dir='ltr'>domine</span> <span class='ocrx_word' id='word_1_513' title='bbox 1184 4156 1263 4211; x_wconf 88' lang='lat' dir='ltr'>papa,</span> <span class='ocrx_word' id='word_1_514' title='bbox 1276 4140 1418 4207; x_wconf 86' lang='lat' dir='ltr'>exclamat,</span> <span class='ocrx_word' id='word_1_515' title='bbox 1434 4141 1628 4207; x_wconf 88' lang='lat' dir='ltr'>contremiscit,</span> <span class='ocrx_word' id='word_1_516' title='bbox 1642 4152 1671 4197; x_wconf 88' lang='lat' dir='ltr'>et</span> <span class='ocrx_word' id='word_1_517' title='bbox 1682 4141 1837 4213; x_wconf 90' lang='lat' dir='ltr'>suppliciter</span> <span class='ocrx_word' id='word_1_518' title='bbox 1850 4143 1914 4198; x_wconf 92' lang='lat' dir='ltr'>tlicit</span> <span class='ocrx_word' id='word_1_519' title='bbox 1930 4160 1937 4197; x_wconf 88' lang='lat'>:</span> <span class='ocrx_word' id='word_1_520' title='bbox 1951 4142 2077 4211; x_wconf 78' lang='lat' dir='ltr'>bomine,</span> <span class='ocrx_word' id='word_1_521' title='bbox 2096 4158 2127 4197; x_wconf 84' lang='lat' dir='ltr'>ne</span> <span class='ocrx_word' id='word_1_522' title='bbox 2143 4142 2221 4197; x_wconf 84' lang='lat' dir='ltr'>irrtrer</span> 
     </span>
     <span class='ocr_line' id='line_1_37' title="bbox 578 4232 2221 4306; baseline 0.002 -20"><span class='ocrx_word' id='word_1_523' title='bbox 578 4235 603 4287; x_wconf 92' lang='lat' dir='ltr'>r&#39;n</span> <span class='ocrx_word' id='word_1_524' title='bbox 612 4236 738 4303; x_wconf 75' lang='lat' dir='ltr'>iodicium</span> <span class='ocrx_word' id='word_1_525' title='bbox 749 4252 806 4289; x_wconf 85' lang='lat' dir='ltr'>cum</span> <span class='ocrx_word' id='word_1_526' title='bbox 817 4253 887 4290; x_wconf 77' lang='lat' dir='ltr'>seruo</span> <span class='ocrx_word' id='word_1_527' title='bbox 900 4246 944 4290; x_wconf 87' lang='lat' dir='ltr'>trra</span> <span class='ocrx_word' id='word_1_528' title='bbox 959 4234 1044 4305; x_wconf 78' lang='lat' dir='ltr'>(Ptol.</span> <span class='ocrx_word' id='word_1_529' title='bbox 1060 4250 1140 4300; x_wconf 79' lang='lat' dir='ltr'>erran,</span> <span class='ocrx_word' id='word_1_530' title='bbox 1153 4233 1193 4304; x_wconf 74' lang='lat'>2).</span> <span class='ocrx_word' id='word_1_531' title='bbox 1209 4233 1237 4289; x_wconf 88' lang='lat' dir='ltr'>Si</span> <span class='ocrx_word' id='word_1_532' title='bbox 1251 4232 1336 4303; x_wconf 80' lang='lat' dir='ltr'>qratia</span> <span class='ocrx_word' id='word_1_533' title='bbox 1350 4240 1422 4288; x_wconf 89' lang='lat' dir='ltr'>esset</span> <span class='ocrx_word' id='word_1_534' title='bbox 1437 4233 1648 4298; x_wconf 89' lang='lat' dir='ltr'>remunerantis,</span> <span class='ocrx_word' id='word_1_535' title='bbox 1661 4248 1714 4289; x_wconf 90' lang='lat' dir='ltr'>non</span> <span class='ocrx_word' id='word_1_536' title='bbox 1732 4235 1838 4291; x_wconf 83' lang='lat' dir='ltr'>timeret</span> <span class='ocrx_word' id='word_1_537' title='bbox 1853 4235 1943 4304; x_wconf 83' lang='lat' dir='ltr'>justus</span> <span class='ocrx_word' id='word_1_538' title='bbox 1954 4235 2128 4291; x_wconf 85' lang='lat' dir='ltr'>secretarium</span> <span class='ocrx_word' id='word_1_539' title='bbox 2146 4235 2221 4306; x_wconf 83' lang='lat' dir='ltr'>judi·</span> 
     </span>
     <span class='ocr_line' id='line_1_38' title="bbox 578 4321 2220 4396; baseline -0.001 -17"><span class='ocrx_word' id='word_1_540' title='bbox 578 4325 648 4380; x_wconf 92' lang='lat' dir='ltr'>cium</span> <span class='ocrx_word' id='word_1_541' title='bbox 661 4326 815 4396; x_wconf 78' lang='lat' dir='ltr'>majestatis.</span> <span class='ocrx_word' id='word_1_542' title='bbox 831 4327 908 4382; x_wconf 86' lang='lat' dir='ltr'>Servi</span> <span class='ocrx_word' id='word_1_543' title='bbox 922 4328 959 4381; x_wconf 92' lang='lat' dir='ltr'>tui</span> <span class='ocrx_word' id='word_1_544' title='bbox 975 4326 1046 4382; x_wconf 82' lang='lat' dir='ltr'>Flori</span> <span class='ocrx_word' id='word_1_545' title='bbox 1063 4326 1120 4379; x_wconf 72' lang='lat' dir='ltr'>hacc</span> <span class='ocrx_word' id='word_1_546' title='bbox 1135 4325 1200 4380; x_wconf 92' lang='lat' dir='ltr'>lides</span> <span class='ocrx_word' id='word_1_547' title='bbox 1213 4332 1263 4387; x_wconf 89' lang='lat' dir='ltr'>est,</span> <span class='ocrx_word' id='word_1_548' title='bbox 1278 4331 1363 4393; x_wconf 89' lang='lat' dir='ltr'>pater,</span> <span class='ocrx_word' id='word_1_549' title='bbox 1376 4338 1429 4377; x_wconf 89' lang='lat' dir='ltr'>noo</span> <span class='ocrx_word' id='word_1_550' title='bbox 1442 4321 1511 4377; x_wconf 88' lang='lat' dir='ltr'>sicut</span> <span class='ocrx_word' id='word_1_551' title='bbox 1522 4321 1617 4378; x_wconf 90' lang='lat' dir='ltr'>iratres</span> <span class='ocrx_word' id='word_1_552' title='bbox 1631 4324 1675 4379; x_wconf 90' lang='lat' dir='ltr'>isti</span> <span class='ocrx_word' id='word_1_553' title='bbox 1689 4332 1752 4379; x_wconf 91' lang='lat' dir='ltr'>sunt</span> <span class='ocrx_word' id='word_1_554' title='bbox 1766 4324 1858 4380; x_wconf 88' lang='lat' dir='ltr'>locuti.</span> <span class='ocrx_word' id='word_1_555' title='bbox 1872 4325 1900 4381; x_wconf 90' lang='lat' dir='ltr'>in</span> <span class='ocrx_word' id='word_1_556' title='bbox 1912 4325 2114 4396; x_wconf 72' lang='lat' dir='ltr'>praesentiarum</span> <span class='ocrx_word' id='word_1_557' title='bbox 2126 4325 2220 4381; x_wconf 90' lang='lat' dir='ltr'>audie.</span> 
     </span>
     <span class='ocr_line' id='line_1_39' title="bbox 579 4414 2222 4489; baseline 0.002 -17"><span class='ocrx_word' id='word_1_558' title='bbox 579 4428 642 4472; x_wconf 90' lang='lat' dir='ltr'>runt</span> <span class='ocrx_word' id='word_1_559' title='bbox 655 4418 687 4471; x_wconf 88' lang='lat' dir='ltr'>ab</span> <span class='ocrx_word' id='word_1_560' title='bbox 702 4419 747 4472; x_wconf 92' lang='lat' dir='ltr'>illo</span> <span class='ocrx_word' id='word_1_561' title='bbox 760 4419 871 4485; x_wconf 84' lang='lat' dir='ltr'>dictum,</span> <span class='ocrx_word' id='word_1_562' title='bbox 884 4432 938 4473; x_wconf 93' lang='lat' dir='ltr'>non</span> <span class='ocrx_word' id='word_1_563' title='bbox 951 4420 1025 4488; x_wconf 81' lang='lat' dir='ltr'>jutta</span> <span class='ocrx_word' id='word_1_564' title='bbox 1042 4417 1135 4472; x_wconf 89' lang='lat' dir='ltr'>merita</span> <span class='ocrx_word' id='word_1_565' title='bbox 1151 4427 1241 4470; x_wconf 90' lang='lat' dir='ltr'>nostra</span> <span class='ocrx_word' id='word_1_566' title='bbox 1255 4414 1314 4470; x_wconf 87' lang='lat' dir='ltr'>dari</span> <span class='ocrx_word' id='word_1_567' title='bbox 1328 4415 1428 4470; x_wconf 87' lang='lat' dir='ltr'>donum</span> <span class='ocrx_word' id='word_1_568' title='bbox 1444 4415 1568 4487; x_wconf 85' lang='lat' dir='ltr'>pietatis.</span> <span class='ocrx_word' id='word_1_569' title='bbox 1584 4417 1631 4472; x_wconf 90' lang='lat' dir='ltr'>sed</span> <span class='ocrx_word' id='word_1_570' title='bbox 1645 4432 1693 4488; x_wconf 90' lang='lat' dir='ltr'>per</span> <span class='ocrx_word' id='word_1_571' title='bbox 1706 4418 1819 4489; x_wconf 81' lang='lat' dir='ltr'>gratiam</span> <span class='ocrx_word' id='word_1_572' title='bbox 1832 4418 2039 4489; x_wconf 83' lang='lat' dir='ltr'>liedempmris:</span> <span class='ocrx_word' id='word_1_573' title='bbox 2055 4435 2116 4474; x_wconf 91' lang='lat' dir='ltr'>nam</span> <span class='ocrx_word' id='word_1_574' title='bbox 2129 4418 2222 4476; x_wconf 89' lang='lat' dir='ltr'>ticillo</span> 
     </span>
     <span class='ocr_line' id='line_1_40' title="bbox 581 4507 2223 4581; baseline 0.002 -19"><span class='ocrx_word' id='word_1_575' title='bbox 581 4508 634 4575; x_wconf 89' lang='lat' dir='ltr'>dic,</span> <span class='ocrx_word' id='word_1_576' title='bbox 649 4510 708 4578; x_wconf 88' lang='lat' dir='ltr'>quis</span> <span class='ocrx_word' id='word_1_577' title='bbox 719 4509 822 4565; x_wconf 91' lang='lat' dir='ltr'>dubitet</span> <span class='ocrx_word' id='word_1_578' title='bbox 833 4509 910 4579; x_wconf 76' lang='lat' dir='ltr'>longe</span> <span class='ocrx_word' id='word_1_579' title='bbox 923 4525 983 4564; x_wconf 88' lang='lat' dir='ltr'>esse</span> <span class='ocrx_word' id='word_1_580' title='bbox 1001 4509 1124 4580; x_wconf 75' lang='lat' dir='ltr'>gratiam,</span> <span class='ocrx_word' id='word_1_581' title='bbox 1140 4523 1200 4562; x_wconf 91' lang='lat' dir='ltr'>cum</span> <span class='ocrx_word' id='word_1_582' title='bbox 1213 4508 1325 4576; x_wconf 72' lang='lat' dir='ltr'>coeperit</span> <span class='ocrx_word' id='word_1_583' title='bbox 1338 4507 1416 4564; x_wconf 89' lang='lat' dir='ltr'>irasci</span> <span class='ocrx_word' id='word_1_584' title='bbox 1428 4507 1552 4578; x_wconf 79' lang='lat' dir='ltr'>justitia?</span> <span class='ocrx_word' id='word_1_585' title='bbox 1566 4508 1622 4564; x_wconf 87' lang='lat' dir='ltr'>lice</span> <span class='ocrx_word' id='word_1_586' title='bbox 1635 4510 1792 4576; x_wconf 88' lang='lat' dir='ltr'>clamamus,</span> <span class='ocrx_word' id='word_1_587' title='bbox 1807 4520 1896 4581; x_wconf 85' lang='lat' dir='ltr'>pater;</span> <span class='ocrx_word' id='word_1_588' title='bbox 1912 4512 1965 4566; x_wconf 90' lang='lat' dir='ltr'>hoe</span> <span class='ocrx_word' id='word_1_589' title='bbox 1975 4519 2001 4567; x_wconf 87' lang='lat' dir='ltr'>te</span> <span class='ocrx_word' id='word_1_590' title='bbox 2014 4511 2127 4567; x_wconf 89' lang='lat' dir='ltr'>docente</span> <span class='ocrx_word' id='word_1_591' title='bbox 2146 4526 2223 4566; x_wconf 87' lang='lat' dir='ltr'>canr-</span> 
     </span>
     <span class='ocr_line' id='line_1_41' title="bbox 580 4598 2222 4673; baseline 0.003 -21"><span class='ocrx_word' id='word_1_592' title='bbox 580 4614 649 4660; x_wconf 86' lang='lat' dir='ltr'>mus,</span> <span class='ocrx_word' id='word_1_593' title='bbox 662 4615 715 4653; x_wconf 94' lang='lat' dir='ltr'>non</span> <span class='ocrx_word' id='word_1_594' title='bbox 730 4601 827 4664; x_wconf 90' lang='lat' dir='ltr'>securi,</span> <span class='ocrx_word' id='word_1_595' title='bbox 843 4600 890 4654; x_wconf 86' lang='lat' dir='ltr'>sed</span> <span class='ocrx_word' id='word_1_596' title='bbox 906 4599 1001 4668; x_wconf 88' lang='lat' dir='ltr'>trepidi</span> <span class='ocrx_word' id='word_1_597' title='bbox 1017 4617 1023 4653; x_wconf 94' lang='lat'>:</span> <span class='ocrx_word' id='word_1_598' title='bbox 1042 4598 1158 4665; x_wconf 79' lang='lat' dir='ltr'>beurim,</span> <span class='ocrx_word' id='word_1_599' title='bbox 1180 4614 1212 4652; x_wconf 87' lang='lat' dir='ltr'>ne</span> <span class='ocrx_word' id='word_1_600' title='bbox 1223 4599 1249 4652; x_wconf 88' lang='lat' dir='ltr'>in</span> <span class='ocrx_word' id='word_1_601' title='bbox 1266 4602 1352 4669; x_wconf 69' lang='lat' dir='ltr'>furore</span> <span class='ocrx_word' id='word_1_602' title='bbox 1369 4608 1411 4653; x_wconf 88' lang='lat' dir='ltr'>tue</span> <span class='ocrx_word' id='word_1_603' title='bbox 1424 4615 1517 4670; x_wconf 78' lang='lat' dir='ltr'>arquos</span> <span class='ocrx_word' id='word_1_604' title='bbox 1533 4617 1581 4666; x_wconf 89' lang='lat' dir='ltr'>me,</span> <span class='ocrx_word' id='word_1_605' title='bbox 1594 4617 1673 4671; x_wconf 83' lang='lat' dir='ltr'>neque</span> <span class='ocrx_word' id='word_1_606' title='bbox 1684 4603 1711 4656; x_wconf 90' lang='lat' dir='ltr'>in</span> <span class='ocrx_word' id='word_1_607' title='bbox 1725 4602 1765 4655; x_wconf 85' lang='lat' dir='ltr'>iro</span> <span class='ocrx_word' id='word_1_608' title='bbox 1777 4613 1822 4657; x_wconf 86' lang='lat' dir='ltr'>hro</span> <span class='ocrx_word' id='word_1_609' title='bbox 1835 4604 1958 4672; x_wconf 80' lang='lat' dir='ltr'>corripior</span> <span class='ocrx_word' id='word_1_610' title='bbox 1972 4619 2014 4659; x_wconf 81' lang='lat' dir='ltr'>me</span> <span class='ocrx_word' id='word_1_611' title='bbox 2026 4601 2112 4670; x_wconf 80' lang='lat' dir='ltr'>(Psoi.</span> <span class='ocrx_word' id='word_1_612' title='bbox 2129 4620 2165 4670; x_wconf 91' lang='lat' dir='ltr'>rr,</span> <span class='ocrx_word' id='word_1_613' title='bbox 2179 4603 2222 4673; x_wconf 73' lang='lat'>2).</span> 
     </span>
     <span class='ocr_line' id='line_1_42' title="bbox 581 4689 2222 4767; baseline 0.004 -23"><span class='ocrx_word' id='word_1_614' title='bbox 581 4691 636 4744; x_wconf 90' lang='lat' dir='ltr'>linc</span> <span class='ocrx_word' id='word_1_615' title='bbox 646 4690 780 4746; x_wconf 88' lang='lat' dir='ltr'>dicimus:</span> <span class='ocrx_word' id='word_1_616' title='bbox 798 4690 913 4745; x_wconf 81' lang='lat' dir='ltr'>Errrende</span> <span class='ocrx_word' id='word_1_617' title='bbox 926 4708 981 4757; x_wconf 89' lang='lat' dir='ltr'>noa,</span> <span class='ocrx_word' id='word_1_618' title='bbox 993 4689 1110 4753; x_wconf 87' lang='lat' dir='ltr'>Dourine,</span> <span class='ocrx_word' id='word_1_619' title='bbox 1125 4690 1189 4744; x_wconf 85' lang='lat' dir='ltr'>etde</span> <span class='ocrx_word' id='word_1_620' title='bbox 1202 4690 1255 4760; x_wconf 81' lang='lat' dir='ltr'>ieqe</span> <span class='ocrx_word' id='word_1_621' title='bbox 1273 4699 1316 4743; x_wconf 84' lang='lat' dir='ltr'>trra</span> <span class='ocrx_word' id='word_1_622' title='bbox 1328 4692 1400 4745; x_wconf 83' lang='lat' dir='ltr'>erodi</span> <span class='ocrx_word' id='word_1_623' title='bbox 1410 4707 1456 4745; x_wconf 80' lang='lat' dir='ltr'>nor</span> <span class='ocrx_word' id='word_1_624' title='bbox 1474 4701 1501 4745; x_wconf 90' lang='grc' dir='ltr'>ιιι</span> <span class='ocrx_word' id='word_1_625' title='bbox 1515 4692 1612 4762; x_wconf 82' lang='lat' dir='ltr'>mitiper</span> <span class='ocrx_word' id='word_1_626' title='bbox 1630 4709 1676 4746; x_wconf 84' lang='lat' dir='ltr'>nor</span> <span class='ocrx_word' id='word_1_627' title='bbox 1690 4708 1707 4746; x_wconf 87' lang='grc' dir='ltr'>ιι</span> <span class='ocrx_word' id='word_1_628' title='bbox 1719 4694 1810 4748; x_wconf 80' lang='lat' dir='ltr'>diebus</span> <span class='ocrx_word' id='word_1_629' title='bbox 1828 4695 1902 4750; x_wconf 82' lang='lat' dir='ltr'>molis</span> <span class='ocrx_word' id='word_1_630' title='bbox 1917 4694 2004 4765; x_wconf 78' lang='lat' dir='ltr'>(rut.</span> <span class='ocrx_word' id='word_1_631' title='bbox 2020 4710 2091 4761; x_wconf 83' lang='lat' dir='ltr'>xcru,</span> <span class='ocrx_word' id='word_1_632' title='bbox 2106 4695 2149 4762; x_wconf 79' lang='lat' dir='ltr'>la,</span> <span class='ocrx_word' id='word_1_633' title='bbox 2164 4698 2222 4767; x_wconf 76' lang='grc'><strong>13).</strong></span> 
     </span>
     <span class='ocr_line' id='line_1_43' title="bbox 580 4780 2235 4856; baseline 0.003 -20"><span class='ocrx_word' id='word_1_634' title='bbox 580 4781 637 4836; x_wconf 92' lang='lat' dir='ltr'>lloc</span> <span class='ocrx_word' id='word_1_635' title='bbox 651 4783 796 4847; x_wconf 88' lang='lat' dir='ltr'>credimus,</span> <span class='ocrx_word' id='word_1_636' title='bbox 811 4782 923 4838; x_wconf 87' lang='lat' dir='ltr'>docente</span> <span class='ocrx_word' id='word_1_637' title='bbox 938 4790 972 4847; x_wconf 90' lang='lat' dir='ltr'>te,</span> <span class='ocrx_word' id='word_1_638' title='bbox 986 4780 1146 4838; x_wconf 81' lang='lat' dir='ltr'>uenerabilis</span> <span class='ocrx_word' id='word_1_639' title='bbox 1159 4789 1243 4851; x_wconf 88' lang='lat' dir='ltr'>pater,</span> <span class='ocrx_word' id='word_1_640' title='bbox 1262 4781 1323 4851; x_wconf 91' lang='lat' dir='ltr'>quia</span> <span class='ocrx_word' id='word_1_641' title='bbox 1338 4781 1405 4837; x_wconf 87' lang='lat' dir='ltr'>bern</span> <span class='ocrx_word' id='word_1_642' title='bbox 1415 4782 1475 4836; x_wconf 88' lang='lat' dir='ltr'>inus</span> <span class='ocrx_word' id='word_1_643' title='bbox 1487 4781 1634 4852; x_wconf 77' lang='lat' dir='ltr'>interrogat</span> <span class='ocrx_word' id='word_1_644' title='bbox 1645 4782 1749 4853; x_wconf 84' lang='lat' dir='ltr'>justum</span> <span class='ocrx_word' id='word_1_645' title='bbox 1763 4791 1793 4839; x_wconf 87' lang='lat' dir='ltr'>et</span> <span class='ocrx_word' id='word_1_646' title='bbox 1805 4785 1926 4854; x_wconf 91' lang='lat' dir='ltr'>impium,</span> <span class='ocrx_word' id='word_1_647' title='bbox 1941 4785 2002 4856; x_wconf 90' lang='lat' dir='ltr'>quia</span> <span class='ocrx_word' id='word_1_648' title='bbox 2016 4800 2030 4839; x_wconf 93' lang='lat' dir='ltr'>a</span> <span class='ocrx_word' id='word_1_649' title='bbox 2045 4785 2146 4842; x_wconf 84' lang='lat' dir='ltr'>dextris</span> <span class='ocrx_word' id='word_1_650' title='bbox 2161 4795 2216 4842; x_wconf 91' lang='lat' dir='ltr'>eta</span> <span class='ocrx_word' id='word_1_651' title='bbox 2233 4780 2235 4785; x_wconf 51' lang='lat'><strong>⁴</strong></span> 
     </span>
     <span class='ocr_line' id='line_1_44' title="bbox 580 4859 2218 4958; baseline 0.004 -31"><span class='ocrx_word' id='word_1_652' title='bbox 580 4873 696 4929; x_wconf 86' lang='lat' dir='ltr'>sinistris</span> <span class='ocrx_word' id='word_1_653' title='bbox 711 4875 802 4943; x_wconf 89' lang='lat' dir='ltr'>positis</span> <span class='ocrx_word' id='word_1_654' title='bbox 816 4874 892 4928; x_wconf 91' lang='lat' dir='ltr'>bonis</span> <span class='ocrx_word' id='word_1_655' title='bbox 905 4873 1016 4928; x_wconf 88' lang='lat' dir='ltr'>etmalis</span> <span class='ocrx_word' id='word_1_656' title='bbox 1026 4872 1138 4942; x_wconf 89' lang='lat' dir='ltr'>imputat</span> <span class='ocrx_word' id='word_1_657' title='bbox 1152 4870 1345 4958; x_wconf 85' lang='lat' dir='ltr'>remuneranda</span> <span class='ocrx_word' id='word_1_658' title='bbox 1357 4886 1438 4940; x_wconf 88' lang='lat' dir='ltr'>opera</span> <span class='ocrx_word' id='word_1_659' title='bbox 1456 4873 1572 4941; x_wconf 89' lang='lat' dir='ltr'>pictatis,</span> <span class='ocrx_word' id='word_1_660' title='bbox 1583 4882 1723 4930; x_wconf 85' lang='lat' dir='ltr'>enumerat</span> <span class='ocrx_word' id='word_1_661' title='bbox 1738 4875 1898 4944; x_wconf 90' lang='lat' dir='ltr'>puniendam</span> <span class='ocrx_word' id='word_1_662' title='bbox 1915 4859 2218 4949; x_wconf 82' lang='lat' dir='ltr'>terraeitalemimpieta·</span> 
     </span>
     <span class='ocr_line' id='line_1_45' title="bbox 582 4961 1886 5035; baseline 0.003 -19"><span class='ocrx_word' id='word_1_663' title='bbox 582 4965 625 5017; x_wconf 88' lang='lat' dir='ltr'>tis.</span> <span class='ocrx_word' id='word_1_664' title='bbox 641 4963 691 5019; x_wconf 88' lang='lat' dir='ltr'>Ubi</span> <span class='ocrx_word' id='word_1_665' title='bbox 702 4967 753 5019; x_wconf 89' lang='lat' dir='ltr'>crit</span> <span class='ocrx_word' id='word_1_666' title='bbox 762 4964 857 5035; x_wconf 78' lang='lat' dir='ltr'>qratia,</span> <span class='ocrx_word' id='word_1_667' title='bbox 873 4963 979 5034; x_wconf 92' lang='lat' dir='ltr'>quando</span> <span class='ocrx_word' id='word_1_668' title='bbox 993 4963 1094 5033; x_wconf 86' lang='lat' dir='ltr'>presai</span> <span class='ocrx_word' id='word_1_669' title='bbox 1108 4961 1234 5032; x_wconf 86' lang='lat' dir='ltr'>qualitate</span> <span class='ocrx_word' id='word_1_670' title='bbox 1245 4961 1442 5032; x_wconf 72' lang='lat' dir='ltr'>dispungentur·</span> <span class='ocrx_word' id='word_1_671' title='bbox 1454 4976 1546 5031; x_wconf 87' lang='lat' dir='ltr'>opera,</span> <span class='ocrx_word' id='word_1_672' title='bbox 1562 4963 1619 5018; x_wconf 82' lang='lat' dir='ltr'>sire</span> <span class='ocrx_word' id='word_1_673' title='bbox 1630 4963 1712 5031; x_wconf 91' lang='lat' dir='ltr'>buna,</span> <span class='ocrx_word' id='word_1_674' title='bbox 1727 4965 1785 5021; x_wconf 83' lang='lat' dir='ltr'>sire</span> <span class='ocrx_word' id='word_1_675' title='bbox 1796 4965 1886 5021; x_wconf 79' lang='lat' dir='ltr'>malai</span> 
     </span>
    </p>

    <p class='ocr_par' dir='ltr' id='par_1_5' title="bbox 582 5051 2227 5496">
     <span class='ocr_line' id='line_1_46' title="bbox 617 5051 2227 5133; baseline 0.005 -23"><span class='ocrx_word' id='word_1_676' title='bbox 617 5055 645 5110; x_wconf 82' lang='grc'>5.</span> <span class='ocrx_word' id='word_1_677' title='bbox 659 5054 711 5110; x_wconf 85' lang='lat' dir='ltr'>Sed</span> <span class='ocrx_word' id='word_1_678' title='bbox 727 5072 774 5110; x_wconf 92' lang='lat' dir='ltr'>cur</span> <span class='ocrx_word' id='word_1_679' title='bbox 789 5070 841 5110; x_wconf 90' lang='lat' dir='ltr'>non</span> <span class='ocrx_word' id='word_1_680' title='bbox 856 5054 986 5109; x_wconf 90' lang='lat' dir='ltr'>directum</span> <span class='ocrx_word' id='word_1_681' title='bbox 997 5070 1050 5108; x_wconf 91' lang='lat' dir='ltr'>non</span> <span class='ocrx_word' id='word_1_682' title='bbox 1064 5052 1139 5109; x_wconf 89' lang='lat' dir='ltr'>timet</span> <span class='ocrx_word' id='word_1_683' title='bbox 1157 5051 1288 5122; x_wconf 80' lang='lat' dir='ltr'>prolerri⁸</span> <span class='ocrx_word' id='word_1_684' title='bbox 1305 5051 1491 5108; x_wconf 82' lang='lat' dir='ltr'>mendacium?</span> <span class='ocrx_word' id='word_1_685' title='bbox 1505 5053 1629 5108; x_wconf 84' lang='lat' dir='ltr'>Liberum</span> <span class='ocrx_word' id='word_1_686' title='bbox 1642 5054 1779 5110; x_wconf 85' lang='lat' dir='ltr'>arbitrium</span> <span class='ocrx_word' id='word_1_687' title='bbox 1794 5056 1840 5111; x_wconf 85' lang='lat' dir='ltr'>Dei</span> <span class='ocrx_word' id='word_1_688' title='bbox 1854 5057 1938 5127; x_wconf 76' lang='lat' dir='ltr'>qratia</span> <span class='ocrx_word' id='word_1_689' title='bbox 1950 5068 2070 5115; x_wconf 87' lang='lat' dir='ltr'>curatum</span> <span class='ocrx_word' id='word_1_690' title='bbox 2081 5076 2134 5115; x_wconf 90' lang='lat' dir='ltr'>non</span> <span class='ocrx_word' id='word_1_691' title='bbox 2145 5077 2227 5133; x_wconf 70' lang='lat' dir='ltr'>nepa·</span> 
     </span>
     <span class='ocr_line' id='line_1_47' title="bbox 582 5141 2222 5219; baseline 0.006 -20"><span class='ocrx_word' id='word_1_692' title='bbox 582 5161 643 5199; x_wconf 89' lang='lat' dir='ltr'>mus</span> <span class='ocrx_word' id='word_1_693' title='bbox 658 5162 665 5199; x_wconf 75' lang='grc' dir='ltr'><strong><em>ε</em></strong></span> <span class='ocrx_word' id='word_1_694' title='bbox 681 5144 728 5200; x_wconf 91' lang='lat' dir='ltr'>sed</span> <span class='ocrx_word' id='word_1_695' title='bbox 744 5161 791 5216; x_wconf 85' lang='lat' dir='ltr'>per</span> <span class='ocrx_word' id='word_1_696' title='bbox 804 5144 903 5199; x_wconf 89' lang='lat' dir='ltr'>Christi</span> <span class='ocrx_word' id='word_1_697' title='bbox 917 5143 1099 5214; x_wconf 88' lang='lat' dir='ltr'>quotidianam</span> <span class='ocrx_word' id='word_1_698' title='bbox 1112 5143 1224 5212; x_wconf 79' lang='lat' dir='ltr'>qratiam</span> <span class='ocrx_word' id='word_1_699' title='bbox 1239 5141 1370 5212; x_wconf 83' lang='lat' dir='ltr'>proicere</span> <span class='ocrx_word' id='word_1_700' title='bbox 1383 5141 1529 5208; x_wconf 84' lang='lat' dir='ltr'>credimus,</span> <span class='ocrx_word' id='word_1_701' title='bbox 1542 5151 1570 5197; x_wconf 90' lang='lat' dir='ltr'>et</span> <span class='ocrx_word' id='word_1_702' title='bbox 1586 5142 1706 5212; x_wconf 84' lang='lat' dir='ltr'>adjurari</span> <span class='ocrx_word' id='word_1_703' title='bbox 1719 5145 1887 5204; x_wconf 83' lang='lat' dir='ltr'>conlidimus.</span> <span class='ocrx_word' id='word_1_704' title='bbox 1901 5145 1969 5217; x_wconf 83' lang='lat' dir='ltr'>Quid</span> <span class='ocrx_word' id='word_1_705' title='bbox 1982 5148 2104 5208; x_wconf 89' lang='lat' dir='ltr'>immines</span> <span class='ocrx_word' id='word_1_706' title='bbox 2118 5151 2222 5219; x_wconf 88' lang='lat' dir='ltr'>dieunt,</span> 
     </span>
     <span class='ocr_line' id='line_1_48' title="bbox 584 5232 2224 5313; baseline 0.007 -23"><span class='ocrx_word' id='word_1_707' title='bbox 584 5235 612 5291; x_wconf 93' lang='lat' dir='ltr'>ln</span> <span class='ocrx_word' id='word_1_708' title='bbox 633 5252 692 5291; x_wconf 88' lang='lat' dir='ltr'>mea</span> <span class='ocrx_word' id='word_1_709' title='bbox 705 5245 747 5292; x_wconf 89' lang='lat' dir='ltr'>est</span> <span class='ocrx_word' id='word_1_710' title='bbox 764 5244 906 5307; x_wconf 87' lang='lat' dir='ltr'>potestate,</span> <span class='ocrx_word' id='word_1_711' title='bbox 922 5245 951 5290; x_wconf 92' lang='lat' dir='ltr'>ut</span> <span class='ocrx_word' id='word_1_712' title='bbox 971 5234 1064 5290; x_wconf 87' lang='lat' dir='ltr'>iaciam</span> <span class='ocrx_word' id='word_1_713' title='bbox 1087 5233 1207 5289; x_wconf 81' lang='lat' dir='ltr'>bonurn?</span> <span class='ocrx_word' id='word_1_714' title='bbox 1221 5232 1244 5288; x_wconf 91' lang='lat' dir='ltr'>si</span> <span class='ocrx_word' id='word_1_715' title='bbox 1263 5242 1351 5289; x_wconf 87' lang='lat' dir='ltr'>tamen</span> <span class='ocrx_word' id='word_1_716' title='bbox 1370 5232 1488 5289; x_wconf 83' lang='lat' dir='ltr'>iacerent</span> <span class='ocrx_word' id='word_1_717' title='bbox 1509 5234 1631 5291; x_wconf 87' lang='lat' dir='ltr'>homines</span> <span class='ocrx_word' id='word_1_718' title='bbox 1648 5236 1794 5295; x_wconf 82' lang='lat' dir='ltr'>bonomo</span> <span class='ocrx_word' id='word_1_719' title='bbox 1814 5239 1901 5295; x_wconf 84' lang='lat' dir='ltr'>imnis</span> <span class='ocrx_word' id='word_1_720' title='bbox 1918 5241 2224 5313; x_wconf 71' lang='lat' dir='ltr'>gloriabamiseromml</span> 
     </span>
     <span class='ocr_line' id='line_1_49' title="bbox 584 5323 2225 5398; baseline 0.004 -15"><span class='ocrx_word' id='word_1_721' title='bbox 584 5328 702 5398; x_wconf 82' lang='lat' dir='ltr'>quotidie</span> <span class='ocrx_word' id='word_1_722' title='bbox 718 5336 825 5396; x_wconf 90' lang='lat' dir='ltr'>peccata</span> <span class='ocrx_word' id='word_1_723' title='bbox 837 5335 959 5397; x_wconf 76' lang='lat' dir='ltr'>arguunt,</span> <span class='ocrx_word' id='word_1_724' title='bbox 973 5336 1000 5380; x_wconf 91' lang='lat' dir='ltr'>et</span> <span class='ocrx_word' id='word_1_725' title='bbox 1015 5324 1064 5394; x_wconf 92' lang='lat' dir='ltr'>ipsi</span> <span class='ocrx_word' id='word_1_726' title='bbox 1076 5323 1126 5380; x_wconf 92' lang='lat' dir='ltr'>sibi</span> <span class='ocrx_word' id='word_1_727' title='bbox 1140 5332 1279 5379; x_wconf 88' lang='lat' dir='ltr'>assumunt</span> <span class='ocrx_word' id='word_1_728' title='bbox 1291 5323 1390 5379; x_wconf 90' lang='lat' dir='ltr'>nudum</span> <span class='ocrx_word' id='word_1_729' title='bbox 1400 5325 1511 5379; x_wconf 85' lang='lat' dir='ltr'>liberum</span> <span class='ocrx_word' id='word_1_730' title='bbox 1523 5326 1655 5394; x_wconf 83' lang='lat' dir='ltr'>jactantes</span> <span class='ocrx_word' id='word_1_731' title='bbox 1668 5328 1817 5396; x_wconf 71' lang='lat' dir='ltr'>arbitrium</span> <span class='ocrx_word' id='word_1_732' title='bbox 1833 5346 1885 5386; x_wconf 90' lang='lat' dir='ltr'>non</span> <span class='ocrx_word' id='word_1_733' title='bbox 1901 5331 2072 5389; x_wconf 76' lang='lat' dir='ltr'>discutientes</span> <span class='ocrx_word' id='word_1_734' title='bbox 2084 5336 2225 5392; x_wconf 91' lang='lat' dir='ltr'>couscien-</span> 
     </span>
     <span class='ocr_line' id='line_1_50' title="bbox 585 5414 2225 5496; baseline 0.004 -22"><span class='ocrx_word' id='word_1_735' title='bbox 585 5418 649 5474; x_wconf 91' lang='lat' dir='ltr'>tiam</span> <span class='ocrx_word' id='word_1_736' title='bbox 669 5433 755 5481; x_wconf 91' lang='lat' dir='ltr'>suam,</span> <span class='ocrx_word' id='word_1_737' title='bbox 780 5432 839 5488; x_wconf 78' lang='lat' dir='ltr'>qum</span> <span class='ocrx_word' id='word_1_738' title='bbox 859 5432 912 5471; x_wconf 93' lang='lat' dir='ltr'>non</span> <span class='ocrx_word' id='word_1_739' title='bbox 933 5424 1020 5486; x_wconf 87' lang='lat' dir='ltr'>potest</span> <span class='ocrx_word' id='word_1_740' title='bbox 1039 5414 1125 5470; x_wconf 90' lang='lat' dir='ltr'>curari</span> <span class='ocrx_word' id='word_1_741' title='bbox 1149 5414 1198 5468; x_wconf 89' lang='lat' dir='ltr'>uisi</span> <span class='ocrx_word' id='word_1_742' title='bbox 1220 5429 1268 5485; x_wconf 87' lang='lat' dir='ltr'>per</span> <span class='ocrx_word' id='word_1_743' title='bbox 1288 5415 1411 5485; x_wconf 81' lang='lat' dir='ltr'>qratiam,</span> <span class='ocrx_word' id='word_1_744' title='bbox 1427 5423 1456 5469; x_wconf 90' lang='lat' dir='ltr'>ut</span> <span class='ocrx_word' id='word_1_745' title='bbox 1475 5415 1594 5471; x_wconf 89' lang='lat' dir='ltr'>dicerent</span> <span class='ocrx_word' id='word_1_746' title='bbox 1609 5417 1752 5473; x_wconf 76' lang='lat' dir='ltr'>:Miserere</span> <span class='ocrx_word' id='word_1_747' title='bbox 1772 5436 1831 5487; x_wconf 80' lang='lat' dir='ltr'>orer,</span> <span class='ocrx_word' id='word_1_748' title='bbox 1844 5438 1908 5477; x_wconf 83' lang='lat' dir='ltr'>runo</span> <span class='ocrx_word' id='word_1_749' title='bbox 1926 5422 2038 5478; x_wconf 82' lang='lat' dir='ltr'>unimam</span> <span class='ocrx_word' id='word_1_750' title='bbox 2059 5441 2149 5492; x_wconf 79' lang='lat' dir='ltr'>nuent,</span> <span class='ocrx_word' id='word_1_751' title='bbox 2164 5429 2225 5496; x_wconf 84' lang='lat' dir='ltr'>quia</span> 
     </span>
    </p>
   </div>
   <div class='ocr_carea' id='block_1_4' title="bbox 589 5551 2229 6348">
    <p class='ocr_par' dir='ltr' id='par_1_6' title="bbox 619 5551 2070 5623">
     <span class='ocr_line' id='line_1_51' title="bbox 619 5551 2070 5623; baseline 0.006 -20"><span class='ocrx_word' id='word_1_752' title='bbox 619 5556 627 5587; x_wconf 92' lang='lat'><strong>¹</strong></span> <span class='ocrx_word' id='word_1_753' title='bbox 647 5552 848 5614; x_wconf 60' lang='lat' dir='ltr'>renouauerit.</span> <span class='ocrx_word' id='word_1_754' title='bbox 864 5581 893 5591; x_wconf 94' lang='lat'>-</span> <span class='ocrx_word' id='word_1_755' title='bbox 909 5553 999 5602; x_wconf 75' lang='lat' dir='ltr'>’corb</span> <span class='ocrx_word' id='word_1_756' title='bbox 1008 5559 1059 5612; x_wconf 72' lang='lat' dir='ltr'>lis,</span> <span class='ocrx_word' id='word_1_757' title='bbox 1070 5559 1255 5604; x_wconf 84' lang='lat' dir='ltr'>rrrrormrrrnter.</span> <span class='ocrx_word' id='word_1_758' title='bbox 1265 5579 1291 5587; x_wconf 93' lang='lat'>-</span> <span class='ocrx_word' id='word_1_759' title='bbox 1314 5551 1380 5614; x_wconf 66' lang='grc'><strong>111,</strong></span> <span class='ocrx_word' id='word_1_760' title='bbox 1393 5553 1505 5617; x_wconf 81' lang='lat' dir='ltr'>repetitus</span> <span class='ocrx_word' id='word_1_761' title='bbox 1514 5568 1596 5607; x_wconf 86' lang='lat' dir='ltr'>eorum</span> <span class='ocrx_word' id='word_1_762' title='bbox 1605 5556 1803 5620; x_wconf 66' lang='lat' dir='ltr'>perturbationes.</span> <span class='ocrx_word' id='word_1_763' title='bbox 1815 5586 1845 5598; x_wconf 88' lang='lat'><em>-</em></span> <span class='ocrx_word' id='word_1_764' title='bbox 1862 5559 1926 5623; x_wconf 66' lang='lat' dir='ltr'>⁸·tli.,</span> <span class='ocrx_word' id='word_1_765' title='bbox 1939 5561 2070 5616; x_wconf 63' lang='lat' dir='ltr'>manum.</span> 
     </span>
    </p>

    <p class='ocr_par' dir='ltr' id='par_1_7' title="bbox 618 5615 1179 5723">
     <span class='ocr_line' id='line_1_52' title="bbox 618 5615 1179 5723; baseline -0.004 -60"><span class='ocrx_word' id='word_1_766' title='bbox 618 5617 791 5666; x_wconf 72' lang='lat' dir='ltr'>¹iorlreieusis</span> <span class='ocrx_word' id='word_1_767' title='bbox 802 5623 858 5675; x_wconf 86' lang='lat' dir='ltr'>lls.,</span> <span class='ocrx_word' id='word_1_768' title='bbox 878 5615 924 5665; x_wconf 87' lang='lat' dir='ltr'>scd</span> <span class='ocrx_word' id='word_1_769' title='bbox 937 5627 977 5664; x_wconf 87' lang='lat' dir='ltr'>cor</span> <span class='ocrx_word' id='word_1_770' title='bbox 981 5649 1049 5663; x_wconf 88' lang='grc'><em>.......</em></span> <span class='ocrx_word' id='word_1_771' title='bbox 1058 5615 1179 5723; x_wconf 69' lang='lat' dir='ltr'>proferre.</span> 
     </span>
    </p>

    <p class='ocr_par' dir='ltr' id='par_1_8' title="bbox 619 5674 1183 5738">
     <span class='ocr_line' id='line_1_53' title="bbox 619 5674 1183 5738; baseline -0.009 -11"><span class='ocrx_word' id='word_1_772' title='bbox 619 5677 645 5734; x_wconf 81' lang='lat' dir='ltr'>ie</span> <span class='ocrx_word' id='word_1_773' title='bbox 672 5679 764 5726; x_wconf 88' lang='lat' dir='ltr'>librum</span> <span class='ocrx_word' id='word_1_774' title='bbox 776 5691 821 5726; x_wconf 89' lang='lat' dir='ltr'>seu</span> <span class='ocrx_word' id='word_1_775' title='bbox 838 5675 965 5738; x_wconf 83' lang='lat' dir='ltr'>epistolam</span> <span class='ocrx_word' id='word_1_776' title='bbox 978 5674 1057 5731; x_wconf 63' lang='grc'><strong>1911</strong></span> <span class='ocrx_word' id='word_1_777' title='bbox 1085 5677 1183 5723; x_wconf 83' lang='lat' dir='ltr'>sixtum.</span> 
     </span>
    </p>

    <p class='ocr_par' dir='ltr' id='par_1_9' title="bbox 589 5735 2229 6348">
     <span class='ocr_line' id='line_1_54' title="bbox 620 5735 2227 5814; baseline 0.007 -26"><span class='ocrx_word' id='word_1_778' title='bbox 620 5739 646 5798; x_wconf 78' lang='lat' dir='ltr'>(lt</span> <span class='ocrx_word' id='word_1_779' title='bbox 673 5739 799 5798; x_wconf 75' lang='lat' dir='ltr'>descripsit</span> <span class='ocrx_word' id='word_1_780' title='bbox 809 5750 868 5786; x_wconf 88' lang='lat' dir='ltr'>sane</span> <span class='ocrx_word' id='word_1_781' title='bbox 881 5737 989 5790; x_wconf 76' lang='lat' dir='ltr'>erolus.</span> <span class='ocrx_word' id='word_1_782' title='bbox 1002 5737 1105 5805; x_wconf 84' lang='lat' dir='ltr'>ejusque</span> <span class='ocrx_word' id='word_1_783' title='bbox 1116 5737 1262 5796; x_wconf 82' lang='lat' dir='ltr'>superhaci</span> <span class='ocrx_word' id='word_1_784' title='bbox 1280 5750 1306 5787; x_wconf 91' lang='lat' dir='ltr'>sa</span> <span class='ocrx_word' id='word_1_785' title='bbox 1317 5749 1345 5786; x_wconf 89' lang='lat' dir='ltr'>rc</span> <span class='ocrx_word' id='word_1_786' title='bbox 1356 5735 1546 5788; x_wconf 83' lang='lat' dir='ltr'>adt&#39;aleollnum</span> <span class='ocrx_word' id='word_1_787' title='bbox 1557 5740 1789 5811; x_wconf 76' lang='lat' dir='ltr'>epistoiaineodiee</span> <span class='ocrx_word' id='word_1_788' title='bbox 1800 5751 1823 5794; x_wconf 85' lang='lat' dir='ltr'>s.</span> <span class='ocrx_word' id='word_1_789' title='bbox 1842 5747 1936 5799; x_wconf 83' lang='lat' dir='ltr'>tlaxlml</span> <span class='ocrx_word' id='word_1_790' title='bbox 1951 5752 2111 5802; x_wconf 62' lang='lat' dir='ltr'>nereensis</span> <span class='ocrx_word' id='word_1_791' title='bbox 2125 5761 2227 5814; x_wconf 70' lang='lat' dir='ltr'>reperta</span> 
     </span>
     <span class='ocr_line' id='line_1_55' title="bbox 589 5751 2227 5868; baseline 0.008 -19"><span class='ocrx_word' id='word_1_792' title='bbox 589 5806 628 5849; x_wconf 87' lang='lat' dir='ltr'>est</span> <span class='ocrx_word' id='word_1_793' title='bbox 639 5812 652 5847; x_wconf 92' lang='lat' dir='ltr'>a</span> <span class='ocrx_word' id='word_1_794' title='bbox 664 5801 750 5848; x_wconf 88' lang='lat' dir='ltr'>tacoho</span> <span class='ocrx_word' id='word_1_795' title='bbox 761 5798 892 5855; x_wconf 83' lang='lat' dir='ltr'>sirmondo,</span> <span class='ocrx_word' id='word_1_796' title='bbox 904 5799 945 5860; x_wconf 87' lang='lat' dir='ltr'>qui</span> <span class='ocrx_word' id='word_1_797' title='bbox 959 5797 1015 5868; x_wconf 84' lang='lat' dir='ltr'>inde</span> <span class='ocrx_word' id='word_1_798' title='bbox 1028 5800 1189 5857; x_wconf 79' lang='lat' dir='ltr'>hagrneotum</span> <span class='ocrx_word' id='word_1_799' title='bbox 1208 5751 1278 5847; x_wconf 80' lang='lat' dir='ltr'>istud</span> <span class='ocrx_word' id='word_1_800' title='bbox 1289 5799 1314 5848; x_wconf 93' lang='lat' dir='ltr'>in</span> <span class='ocrx_word' id='word_1_801' title='bbox 1334 5797 1543 5850; x_wconf 75' lang='lat' dir='ltr'>nauseantium</span> <span class='ocrx_word' id='word_1_802' title='bbox 1555 5804 1664 5862; x_wconf 85' lang='lat' dir='ltr'>llrstoria,</span> <span class='ocrx_word' id='word_1_803' title='bbox 1676 5817 1728 5864; x_wconf 85' lang='lat' dir='ltr'>cap.</span> <span class='ocrx_word' id='word_1_804' title='bbox 1743 5805 1766 5862; x_wconf 93' lang='grc'><strong>1,</strong></span> <span class='ocrx_word' id='word_1_805' title='bbox 1783 5806 1923 5858; x_wconf 87' lang='lat' dir='ltr'>transtulit:</span> <span class='ocrx_word' id='word_1_806' title='bbox 1941 5812 2117 5862; x_wconf 75' lang='lat' dir='ltr'>«honorabiles</span> <span class='ocrx_word' id='word_1_807' title='bbox 2138 5813 2227 5867; x_wconf 79' lang='lat' dir='ltr'>iratres</span> 
     </span>
     <span class='ocr_line' id='line_1_56' title="bbox 592 5858 2228 5928; baseline 0.011 -22"><span class='ocrx_word' id='word_1_808' title='bbox 592 5878 603 5906; x_wconf 83' lang='lat' dir='ltr'>r</span> <span class='ocrx_word' id='word_1_809' title='bbox 615 5858 753 5908; x_wconf 88' lang='lat' dir='ltr'>retulerunt</span> <span class='ocrx_word' id='word_1_810' title='bbox 765 5860 833 5909; x_wconf 84' lang='lat' dir='ltr'>nohis</span> <span class='ocrx_word' id='word_1_811' title='bbox 844 5860 899 5921; x_wconf 88' lang='lat' dir='ltr'>quia</span> <span class='ocrx_word' id='word_1_812' title='bbox 911 5872 993 5907; x_wconf 91' lang='lat' dir='ltr'>nescro</span> <span class='ocrx_word' id='word_1_813' title='bbox 1020 5870 1058 5906; x_wconf 69' lang='lat' dir='ltr'>uae</span> <span class='ocrx_word' id='word_1_814' title='bbox 1070 5859 1103 5907; x_wconf 89' lang='lat' dir='ltr'>ibi</span> <span class='ocrx_word' id='word_1_815' title='bbox 1114 5860 1263 5920; x_wconf 72' lang='lat' dir='ltr'>questiones</span> <span class='ocrx_word' id='word_1_816' title='bbox 1274 5860 1389 5907; x_wconf 81' lang='lat' dir='ltr'>intervos</span> <span class='ocrx_word' id='word_1_817' title='bbox 1400 5867 1463 5908; x_wconf 78' lang='lat' dir='ltr'>meae</span> <span class='ocrx_word' id='word_1_818' title='bbox 1473 5868 1531 5911; x_wconf 90' lang='lat' dir='ltr'>sunt</span> <span class='ocrx_word' id='word_1_819' title='bbox 1540 5862 1573 5911; x_wconf 90' lang='lat' dir='ltr'>de</span> <span class='ocrx_word' id='word_1_820' title='bbox 1585 5861 1662 5913; x_wconf 88' lang='lat' dir='ltr'>libem</span> <span class='ocrx_word' id='word_1_821' title='bbox 1670 5866 1768 5915; x_wconf 87' lang='lat' dir='ltr'>arlritrio</span> <span class='ocrx_word' id='word_1_822' title='bbox 1780 5868 1845 5917; x_wconf 89' lang='lat' dir='ltr'>etde</span> <span class='ocrx_word' id='word_1_823' title='bbox 1860 5869 1951 5928; x_wconf 87' lang='lat' dir='ltr'>justitia</span> <span class='ocrx_word' id='word_1_824' title='bbox 1970 5872 2022 5919; x_wconf 87' lang='lat' dir='ltr'>bel.</span> <span class='ocrx_word' id='word_1_825' title='bbox 2033 5873 2164 5923; x_wconf 84' lang='lat' dir='ltr'>taurlamus</span> <span class='ocrx_word' id='word_1_826' title='bbox 2173 5890 2181 5923; x_wconf 89' lang='grc' dir='ltr'>ι</span> <span class='ocrx_word' id='word_1_827' title='bbox 2191 5878 2228 5926; x_wconf 89' lang='lat' dir='ltr'>ul·</span> 
     </span>
     <span class='ocr_line' id='line_1_57' title="bbox 593 5872 2228 5999; baseline 0.012 -33"><span class='ocrx_word' id='word_1_828' title='bbox 593 5921 671 5969; x_wconf 79' lang='lat' dir='ltr'>«doru</span> <span class='ocrx_word' id='word_1_829' title='bbox 680 5920 787 5990; x_wconf 19' lang='lat' dir='ltr'>&#39;sttrrdirrrn</span> <span class='ocrx_word' id='word_1_830' title='bbox 800 5928 915 5976; x_wconf 82' lang='lat' dir='ltr'>rostrum,</span> <span class='ocrx_word' id='word_1_831' title='bbox 928 5919 972 5969; x_wconf 89' lang='lat' dir='ltr'>sed</span> <span class='ocrx_word' id='word_1_832' title='bbox 984 5872 1039 5967; x_wconf 77' lang='lat' dir='ltr'>odiu</span> <span class='ocrx_word' id='word_1_833' title='bbox 1051 5932 1095 5968; x_wconf 85' lang='lat' dir='ltr'>uus</span> <span class='ocrx_word' id='word_1_834' title='bbox 1106 5931 1162 5967; x_wconf 80' lang='lat' dir='ltr'>esse</span> <span class='ocrx_word' id='word_1_835' title='bbox 1173 5920 1359 5968; x_wconf 86' lang='lat' dir='ltr'>contentiosum.</span> <span class='ocrx_word' id='word_1_836' title='bbox 1372 5921 1498 5970; x_wconf 88' lang='lat' dir='ltr'>contentio</span> <span class='ocrx_word' id='word_1_837' title='bbox 1509 5923 1575 5971; x_wconf 91' lang='lat' dir='ltr'>euim</span> <span class='ocrx_word' id='word_1_838' title='bbox 1587 5926 1793 5987; x_wconf 87' lang='lat' dir='ltr'>perturbationem</span> <span class='ocrx_word' id='word_1_839' title='bbox 1806 5930 1910 5988; x_wconf 79' lang='lat' dir='ltr'>excitat,</span> <span class='ocrx_word' id='word_1_840' title='bbox 1928 5932 1972 5982; x_wconf 88' lang='lat' dir='ltr'>sed</span> <span class='ocrx_word' id='word_1_841' title='bbox 1991 5934 2095 5983; x_wconf 90' lang='lat' dir='ltr'>studium</span> <span class='ocrx_word' id='word_1_842' title='bbox 2111 5890 2228 5999; x_wconf 83' lang='lat' dir='ltr'>pietaiem</span> 
     </span>
     <span class='ocr_line' id='line_1_58' title="bbox 593 5973 2226 6061; baseline 0.013 -35"><span class='ocrx_word' id='word_1_843' title='bbox 593 6000 604 6026; x_wconf 77' lang='grc' dir='ltr'>ι</span> <span class='ocrx_word' id='word_1_844' title='bbox 617 5988 727 6041; x_wconf 87' lang='lat' dir='ltr'>requrrrt.</span> <span class='ocrx_word' id='word_1_845' title='bbox 741 5983 817 6033; x_wconf 81' lang='lat' dir='ltr'>nrlrerl</span> <span class='ocrx_word' id='word_1_846' title='bbox 828 5981 918 6029; x_wconf 84' lang='lat' dir='ltr'>arbitrii</span> <span class='ocrx_word' id='word_1_847' title='bbox 932 5978 1096 6040; x_wconf 71' lang='lat' dir='ltr'>plenissimum</span> <span class='ocrx_word' id='word_1_848' title='bbox 1107 5973 1220 6028; x_wconf 85' lang='lat' dir='ltr'>aiieetum</span> <span class='ocrx_word' id='word_1_849' title='bbox 1231 5980 1315 6030; x_wconf 89' lang='lat' dir='ltr'>hahuit</span> <span class='ocrx_word' id='word_1_850' title='bbox 1332 5981 1404 6029; x_wconf 79' lang='lat' dir='ltr'>lronto</span> <span class='ocrx_word' id='word_1_851' title='bbox 1416 5984 1492 6040; x_wconf 88' lang='lat' dir='ltr'>primo</span> <span class='ocrx_word' id='word_1_852' title='bbox 1508 5991 1655 6044; x_wconf 72' lang='lat' dir='ltr'>prou-eaurs,</span> <span class='ocrx_word' id='word_1_853' title='bbox 1668 5987 1740 6036; x_wconf 82' lang='lat' dir='ltr'>adam</span> <span class='ocrx_word' id='word_1_854' title='bbox 1756 5987 1819 6037; x_wconf 84' lang='lat' dir='ltr'>dico.</span> <span class='ocrx_word' id='word_1_855' title='bbox 1835 5991 1881 6040; x_wconf 80' lang='lat' dir='ltr'>sed</span> <span class='ocrx_word' id='word_1_856' title='bbox 1892 5993 1934 6041; x_wconf 92' lang='lat' dir='ltr'>ubi</span> <span class='ocrx_word' id='word_1_857' title='bbox 1949 5994 2081 6044; x_wconf 86' lang='lat' dir='ltr'>sauciatum</span> <span class='ocrx_word' id='word_1_858' title='bbox 2098 6003 2136 6046; x_wconf 88' lang='lat' dir='ltr'>est</span> <span class='ocrx_word' id='word_1_859' title='bbox 2148 5997 2226 6061; x_wconf 77' lang='lat' dir='ltr'>ipsum</span> 
     </span>
     <span class='ocr_line' id='line_1_59' title="bbox 594 6040 2226 6123; baseline 0.011 -37"><span class='ocrx_word' id='word_1_860' title='bbox 594 6040 719 6091; x_wconf 75' lang='lat' dir='ltr'>tlilrermn</span> <span class='ocrx_word' id='word_1_861' title='bbox 732 6042 865 6099; x_wconf 78' lang='lat' dir='ltr'>arr-tritrium,</span> <span class='ocrx_word' id='word_1_862' title='bbox 879 6041 1021 6089; x_wconf 89' lang='lat' dir='ltr'>iulirmalmn</span> <span class='ocrx_word' id='word_1_863' title='bbox 1035 6049 1082 6089; x_wconf 89' lang='lat' dir='ltr'>est.</span> <span class='ocrx_word' id='word_1_864' title='bbox 1095 6048 1155 6101; x_wconf 76' lang='lat' dir='ltr'>ergo</span> <span class='ocrx_word' id='word_1_865' title='bbox 1167 6047 1205 6088; x_wconf 89' lang='lat' dir='ltr'>est</span> <span class='ocrx_word' id='word_1_866' title='bbox 1216 6042 1240 6088; x_wconf 91' lang='lat' dir='ltr'>in</span> <span class='ocrx_word' id='word_1_867' title='bbox 1251 6041 1348 6089; x_wconf 91' lang='lat' dir='ltr'>lrorrrine</span> <span class='ocrx_word' id='word_1_868' title='bbox 1360 6054 1425 6089; x_wconf 91' lang='lat' dir='ltr'>nunc</span> <span class='ocrx_word' id='word_1_869' title='bbox 1434 6042 1538 6092; x_wconf 90' lang='lat' dir='ltr'>liberum</span> <span class='ocrx_word' id='word_1_870' title='bbox 1548 6046 1682 6102; x_wconf 84' lang='lat' dir='ltr'>arbitrium.</span> <span class='ocrx_word' id='word_1_871' title='bbox 1694 6048 1738 6098; x_wconf 86' lang='lat' dir='ltr'>sed</span> <span class='ocrx_word' id='word_1_872' title='bbox 1755 6051 1895 6101; x_wconf 90' lang='lat' dir='ltr'>sauciatum.</span> <span class='ocrx_word' id='word_1_873' title='bbox 1910 6055 1966 6102; x_wconf 83' lang='lat' dir='ltr'>lnrle</span> <span class='ocrx_word' id='word_1_874' title='bbox 1985 6054 2075 6105; x_wconf 90' lang='lat' dir='ltr'>dictum</span> <span class='ocrx_word' id='word_1_875' title='bbox 2088 6065 2123 6106; x_wconf 85' lang='lat' dir='ltr'>cst</span> <span class='ocrx_word' id='word_1_876' title='bbox 2154 6057 2226 6123; x_wconf 68' lang='lat' dir='ltr'>tupr-</span> 
     </span>
     <span class='ocr_line' id='line_1_60' title="bbox 594 6089 2226 6178; baseline 0.009 -31"><span class='ocrx_word' id='word_1_877' title='bbox 594 6109 695 6151; x_wconf 76' lang='lat' dir='ltr'>«malm</span> <span class='ocrx_word' id='word_1_878' title='bbox 706 6109 740 6150; x_wconf 80' lang='lat' dir='ltr'>ert</span> <span class='ocrx_word' id='word_1_879' title='bbox 749 6101 774 6151; x_wconf 89' lang='lat' dir='ltr'>in</span> <span class='ocrx_word' id='word_1_880' title='bbox 785 6107 887 6165; x_wconf 71' lang='lat' dir='ltr'>epotare</span> <span class='ocrx_word' id='word_1_881' title='bbox 899 6100 963 6163; x_wconf 82' lang='lat' dir='ltr'>riqor·</span> <span class='ocrx_word' id='word_1_882' title='bbox 975 6115 1049 6159; x_wconf 79' lang='lat' dir='ltr'>rurus,</span> <span class='ocrx_word' id='word_1_883' title='bbox 1063 6108 1085 6149; x_wconf 85' lang='lat' dir='ltr'>ct</span> <span class='ocrx_word' id='word_1_884' title='bbox 1100 6100 1178 6149; x_wconf 80' lang='lat' dir='ltr'>horren</span> <span class='ocrx_word' id='word_1_885' title='bbox 1194 6089 1318 6150; x_wconf 79' lang='lat' dir='ltr'>oerrlrirunr</span> <span class='ocrx_word' id='word_1_886' title='bbox 1336 6114 1443 6151; x_wconf 82' lang='lat' dir='ltr'>meorum</span> <span class='ocrx_word' id='word_1_887' title='bbox 1461 6116 1509 6153; x_wconf 79' lang='lat' dir='ltr'>raon</span> <span class='ocrx_word' id='word_1_888' title='bbox 1519 6113 1553 6155; x_wconf 77' lang='lat' dir='ltr'>err!</span> <span class='ocrx_word' id='word_1_889' title='bbox 1562 6119 1656 6157; x_wconf 76' lang='lat' dir='ltr'>naccum</span> <span class='ocrx_word' id='word_1_890' title='bbox 1665 6108 1734 6168; x_wconf 84' lang='lat' dir='ltr'>(lsai.</span> <span class='ocrx_word' id='word_1_891' title='bbox 1748 6124 1808 6170; x_wconf 84' lang='grc' dir='ltr'>ιιιιι,</span> <span class='ocrx_word' id='word_1_892' title='bbox 1823 6113 1860 6172; x_wconf 89' lang='grc'>11,</span> <span class='ocrx_word' id='word_1_893' title='bbox 1877 6122 1903 6164; x_wconf 91' lang='lat' dir='ltr'>et</span> <span class='ocrx_word' id='word_1_894' title='bbox 1916 6129 2009 6174; x_wconf 80' lang='lat' dir='ltr'>xuxrrr,</span> <span class='ocrx_word' id='word_1_895' title='bbox 2025 6119 2073 6178; x_wconf 87' lang='lat' dir='ltr'>ll).</span> <span class='ocrx_word' id='word_1_896' title='bbox 2087 6119 2118 6168; x_wconf 81' lang='lat' dir='ltr'>ad</span> <span class='ocrx_word' id='word_1_897' title='bbox 2128 6092 2174 6170; x_wconf 76' lang='lat' dir='ltr'>iro&#39;c</span> <span class='ocrx_word' id='word_1_898' title='bbox 2186 6135 2226 6170; x_wconf 68' lang='lat' dir='ltr'>ru.</span> 
     </span>
     <span class='ocr_line' id='line_1_61' title="bbox 594 6159 2228 6242; baseline 0.013 -35"><span class='ocrx_word' id='word_1_899' title='bbox 594 6164 779 6224; x_wconf 74' lang='lat' dir='ltr'>rcrrpcranlmu</span> <span class='ocrx_word' id='word_1_900' title='bbox 791 6165 876 6212; x_wconf 83' lang='lat' dir='ltr'>nrisus</span> <span class='ocrx_word' id='word_1_901' title='bbox 889 6171 926 6212; x_wconf 84' lang='lat' dir='ltr'>est</span> <span class='ocrx_word' id='word_1_902' title='bbox 938 6163 1046 6211; x_wconf 83' lang='lat' dir='ltr'>mediuts</span> <span class='ocrx_word' id='word_1_903' title='bbox 1057 6159 1162 6211; x_wconf 77' lang='lat' dir='ltr'>mirator</span> <span class='ocrx_word' id='word_1_904' title='bbox 1172 6163 1285 6218; x_wconf 82' lang='lat' dir='ltr'>christus,</span> <span class='ocrx_word' id='word_1_905' title='bbox 1301 6171 1327 6212; x_wconf 92' lang='grc' dir='ltr'>ιιι</span> <span class='ocrx_word' id='word_1_906' title='bbox 1340 6160 1446 6213; x_wconf 80' lang='lat' dir='ltr'>saltaret</span> <span class='ocrx_word' id='word_1_907' title='bbox 1457 6166 1520 6227; x_wconf 89' lang='lat' dir='ltr'>quod</span> <span class='ocrx_word' id='word_1_908' title='bbox 1533 6167 1649 6229; x_wconf 80' lang='lat' dir='ltr'>perir-rat,</span> <span class='ocrx_word' id='word_1_909' title='bbox 1663 6177 1688 6217; x_wconf 89' lang='lat' dir='ltr'>ct</span> <span class='ocrx_word' id='word_1_910' title='bbox 1705 6180 1801 6222; x_wconf 86' lang='lat' dir='ltr'>curaret</span> <span class='ocrx_word' id='word_1_911' title='bbox 1812 6175 1875 6235; x_wconf 75' lang='lat' dir='ltr'>qrrrul</span> <span class='ocrx_word' id='word_1_912' title='bbox 1893 6178 2000 6226; x_wconf 84' lang='lat' dir='ltr'>ritiatum</span> <span class='ocrx_word' id='word_1_913' title='bbox 2013 6178 2099 6228; x_wconf 86' lang='lat' dir='ltr'>lucrat.</span> <span class='ocrx_word' id='word_1_914' title='bbox 2112 6196 2122 6223; x_wconf 82' lang='lat' dir='ltr'>r</span> <span class='ocrx_word' id='word_1_915' title='bbox 2138 6187 2163 6230; x_wconf 75' lang='grc' dir='ltr'>[ι</span> <span class='ocrx_word' id='word_1_916' title='bbox 2175 6187 2228 6242; x_wconf 75' lang='lat' dir='ltr'>qest</span> 
     </span>
     <span class='ocr_line' id='line_1_62' title="bbox 592 6222 2228 6303; baseline 0.01 -31"><span class='ocrx_word' id='word_1_917' title='bbox 592 6222 637 6272; x_wconf 87' lang='lat' dir='ltr'>alla</span> <span class='ocrx_word' id='word_1_918' title='bbox 652 6238 656 6270; x_wconf 91' lang='lat'>:</span> <span class='ocrx_word' id='word_1_919' title='bbox 675 6243 685 6267; x_wconf 88' lang='grc' dir='ltr'>ι</span> <span class='ocrx_word' id='word_1_920' title='bbox 697 6230 785 6284; x_wconf 67' lang='lat' dir='ltr'>legant</span> <span class='ocrx_word' id='word_1_921' title='bbox 798 6238 859 6286; x_wconf 80' lang='lat' dir='ltr'>ergo</span> <span class='ocrx_word' id='word_1_922' title='bbox 869 6225 943 6272; x_wconf 89' lang='lat' dir='ltr'>sancti</span> <span class='ocrx_word' id='word_1_923' title='bbox 956 6225 997 6272; x_wconf 82' lang='lat' dir='ltr'>bei</span> <span class='ocrx_word' id='word_1_924' title='bbox 1010 6225 1124 6284; x_wconf 82' lang='lat' dir='ltr'>rmjorum</span> <span class='ocrx_word' id='word_1_925' title='bbox 1133 6223 1203 6279; x_wconf 81' lang='lat' dir='ltr'>dida,</span> <span class='ocrx_word' id='word_1_926' title='bbox 1213 6224 1274 6272; x_wconf 84' lang='lat' dir='ltr'>sicut</span> <span class='ocrx_word' id='word_1_927' title='bbox 1284 6224 1332 6284; x_wconf 84' lang='lat' dir='ltr'>jam</span> <span class='ocrx_word' id='word_1_928' title='bbox 1341 6223 1400 6282; x_wconf 82' lang='lat' dir='ltr'>dixi,</span> <span class='ocrx_word' id='word_1_929' title='bbox 1410 6227 1451 6288; x_wconf 91' lang='lat' dir='ltr'>qui</span> <span class='ocrx_word' id='word_1_930' title='bbox 1462 6227 1554 6279; x_wconf 85' lang='lat' dir='ltr'>hahent</span> <span class='ocrx_word' id='word_1_931' title='bbox 1564 6229 1638 6279; x_wconf 84' lang='lat' dir='ltr'>ditini</span> <span class='ocrx_word' id='word_1_932' title='bbox 1650 6236 1759 6282; x_wconf 83' lang='lat' dir='ltr'>muneris</span> <span class='ocrx_word' id='word_1_933' title='bbox 1770 6248 1777 6297; x_wconf 74' lang='grc' dir='ltr'>Ι</span> <span class='ocrx_word' id='word_1_934' title='bbox 1787 6235 1834 6282; x_wconf 91' lang='lat' dir='ltr'>ittm</span> <span class='ocrx_word' id='word_1_935' title='bbox 1843 6235 1968 6289; x_wconf 84' lang='lat' dir='ltr'>allectum·</span> <span class='ocrx_word' id='word_1_936' title='bbox 1982 6247 2004 6287; x_wconf 93' lang='lat' dir='ltr'>el</span> <span class='ocrx_word' id='word_1_937' title='bbox 2017 6241 2112 6303; x_wconf 74' lang='lat' dir='ltr'>quanio</span> <span class='ocrx_word' id='word_1_938' title='bbox 2128 6241 2228 6292; x_wconf 83' lang='lat' dir='ltr'>neuin·</span> 
     </span>
     <span class='ocr_line' id='line_1_63' title="bbox 597 6278 2229 6348; baseline 0.003 -18"><span class='ocrx_word' id='word_1_939' title='bbox 597 6301 608 6330; x_wconf 82' lang='lat' dir='ltr'>r</span> <span class='ocrx_word' id='word_1_940' title='bbox 620 6284 741 6348; x_wconf 72' lang='lat' dir='ltr'>tcliigmrl,</span> <span class='ocrx_word' id='word_1_941' title='bbox 756 6300 801 6332; x_wconf 90' lang='lat' dir='ltr'>mm</span> <span class='ocrx_word' id='word_1_942' title='bbox 812 6288 859 6334; x_wconf 87' lang='lat' dir='ltr'>cito</span> <span class='ocrx_word' id='word_1_943' title='bbox 871 6300 906 6346; x_wconf 72' lang='lat' dir='ltr'>rep</span> <span class='ocrx_word' id='word_1_944' title='bbox 916 6285 1058 6344; x_wconf 74' lang='lat' dir='ltr'>reiteratam,</span> <span class='ocrx_word' id='word_1_945' title='bbox 1069 6285 1112 6333; x_wconf 69' lang='lat' dir='ltr'>sod</span> <span class='ocrx_word' id='word_1_946' title='bbox 1123 6292 1195 6334; x_wconf 81' lang='lat' dir='ltr'>orent</span> <span class='ocrx_word' id='word_1_947' title='bbox 1206 6293 1231 6334; x_wconf 91' lang='grc' dir='ltr'>ιιι</span> <span class='ocrx_word' id='word_1_948' title='bbox 1243 6283 1388 6346; x_wconf 71' lang='lat' dir='ltr'>trrtelhgarrt.</span> <span class='ocrx_word' id='word_1_949' title='bbox 1399 6303 1410 6330; x_wconf 83' lang='lat' dir='ltr'>r</span> <span class='ocrx_word' id='word_1_950' title='bbox 1962 6278 1969 6298; x_wconf 78' lang='lat'><strong><em>⁹</em></strong></span> <span class='ocrx_word' id='word_1_951' title='bbox 2227 6304 2229 6307; x_wconf 74' lang='grc'><strong>’</strong></span> 
     </span>
    </p>
   </div>
   <div class='ocr_carea' id='block_1_5' title="bbox 0 0 2823 7348">
    <p class='ocr_par' dir='ltr' id='par_1_10' title="bbox 0 0 2823 7348">
     <span class='ocr_line' id='line_1_64' title="bbox 0 0 2823 7348; baseline 0 0"><span class='ocrx_word' id='word_1_952' title='bbox 0 0 2823 7348; x_wconf 95' lang='lat' dir='ltr'> </span> 
     </span>
    </p>
   </div>
  </div>
 </body>
</html>
