5592 7350
581 908 635 965 iii

581 1029 712 1093 apprreat
734 1013 872 1091 peccatum
885 1063 893 1090 ,
908 1035 956 1091 per
975 1020 1073 1077 lienam
1099 1021 1163 1076 mibi
1185 1032 1322 1091 epmannn
1338 1032 1381 1077 ost

581 1122 717 1178 mortem,
734 1123 760 1167 ut
778 1113 915 1181 batsuper
934 1112 1041 1168 modum
1056 1127 1170 1183 peccans
1183 1122 1318 1183 peccatum
1335 1130 1382 1183 pcr

580 1203 748 1257 naarrdatunr.
763 1202 868 1257 Seinms
881 1204 952 1258 enim
968 1203 1029 1272 ‹prria
1048 1202 1088 1257 les
1104 1202 1249 1271 spiritualis
1261 1214 1301 1257 est
1313 1221 1319 1268 ;
1331 1219 1381 1273 ego

577 1304 669 1349 aretem
686 1293 800 1347 carnalis
814 1308 892 1359 surra,
907 1294 1084 1349 venumdatus
1097 1293 1146 1346 sub
1168 1304 1286 1364 peccato.
1304 1295 1380 1362 Qarrrd

579 1386 653 1441 enim
670 1400 780 1455 operor,
802 1386 896 1455 ignoro
908 1402 914 1440 ι
927 1386 1060 1440 nonenim
1074 1386 1144 1456 quod
1157 1386 1233 1451 rulo,
1251 1388 1300 1443 buc
1314 1402 1380 1457 ago;

579 1477 628 1530 sed
644 1476 716 1546 qrsod
737 1477 802 1543 odi,
817 1477 880 1530 illnd
902 1475 978 1530 iacio.
1000 1476 1028 1531 Si
1049 1485 1139 1531 autem
1152 1476 1223 1547 quod
1236 1478 1315 1545 nolo,
1332 1480 1382 1535 boc

581 1566 650 1620 iacio
660 1583 668 1630 ;
680 1567 820 1621 consentio
833 1566 895 1636 legi,
906 1567 1030 1636 quoniam
1045 1566 1123 1621 bona.
1139 1566 1215 1621 Nune
1228 1577 1378 1624 autemnon

579 1659 634 1727 jam
650 1648 701 1727 ego
712 1674 810 1728 operor
823 1658 904 1722 illud,
921 1657 968 1713 sed
982 1658 1052 1728 qaod
1068 1657 1169 1714 lrabitat
1183 1660 1210 1714 ln
1231 1675 1274 1715 sne
1286 1676 1377 1731 pecca·

582 1759 650 1801 tnrrr.
664 1749 729 1803 Scio
753 1750 824 1803 cuim
840 1750 901 1819 quia
922 1766 974 1804 non
989 1747 1092 1804 babitat
1105 1749 1131 1803 in
1145 1765 1205 1815 me,
1221 1750 1271 1805 lroc
1290 1762 1332 1806 est
1353 1752 1380 1807 in

581 1851 663 1891 carrae
677 1853 749 1902 mea,
762 1838 871 1892 bonnm.
882 1838 955 1893 l'elle
968 1838 1039 1893 euim
1050 1838 1153 1908 adjacet
1166 1840 1243 1904 milri,
1254 1841 1381 1909 perlicere

565 2000 568 2005 Ι
581 1941 671 1985 sutem
688 1931 787 1985 borium
803 1947 866 1985 non.
876 1930 934 1985 Noas
946 1932 1017 1985 enim
1032 1930 1104 2001 qrrud
1114 1931 1174 1986 rulo
1188 1931 1256 1987 bacio
1265 1932 1378 1998 bnnrnn;

580 2020 629 2075 scd
643 2020 715 2091 qasod
731 2021 794 2077 uolo
807 2020 921 2087 nralum,
937 2022 986 2076 Ιιοο
998 2035 1056 2090 ago.
1074 2021 1102 2076 Si
1117 2031 1206 2076 aurem
1225 2021 1295 2092 quud
1318 2022 1380 2076 uolo

580 2127 633 2182 ego
648 2114 699 2167 boc
719 2105 804 2177 lucio,
817 2113 872 2181 jam
897 2128 950 2167 nou
971 2128 1021 2182 ego
1034 2128 1130 2183 operor
1149 2113 1214 2167 illud
1227 2154 1233 2177 ,
1248 2114 1294 2168 sed
1309 2114 1379 2183 quod

581 2202 684 2257 babitat
699 2203 724 2257 in
740 2218 783 2259 me
798 2210 945 2273 peccatum.
961 2203 1069 2258 lnrenio
1092 2218 1156 2273 ergo
1180 2203 1264 2274 legem
1280 2202 1379 2258 roienti

580 2295 646 2348 mibi
660 2294 748 2350 iacere
768 2298 866 2350 bonum
879 2338 887 2360 ,
901 2296 1026 2364 quondam
1043 2295 1106 2350 milri
1123 2295 1221 2350 malum
1241 2294 1344 2365 adjacet
1357 2296 1377 2349 ¹.

579 2365 759 2440 carradium
778 2387 849 2441 enim
865 2386 914 2455 legi
931 2385 977 2441 lici
1001 2385 1147 2441 secandum
1163 2385 1317 2442 interiorem
1331 2386 1379 2439 lm·

580 2476 682 2529 minem
694 2492 701 2529 :
713 2474 790 2530 rideo
804 2485 893 2530 autem
909 2475 986 2529 aliam
1009 2475 1095 2547 legem
1119 2476 1145 2529 in
1163 2475 1291 2531 membris
1311 2474 1378 2530 meis

580 2573 773 2635 repugnantem
787 2565 839 2635 legi
852 2565 949 2620 mentis
962 2579 1046 2632 meae,
1063 2573 1091 2620 ct
1103 2566 1279 2636 captivantem
1294 2580 1336 2619 me
1351 2565 1376 2619 in

579 2654 638 2725 lege
652 2654 756 2724 peceati
771 2656 792 2718 ¹,
803 2670 863 2725 qtrae
885 2664 927 2710 est
948 2655 974 2709 in
996 2641 1124 2710 membris
1137 2654 1213 2709 ancis.
1237 2654 1316 2709 lliscr
1328 2670 1377 2725 ego

574 2746 754 2816 laonio,qnis
776 2762 818 2801 rue
840 2745 963 2800 liberabit
984 2744 1017 2800 de
1037 2760 1150 2814 corpure
1166 2746 1258 2800 nrurtis
1281 2744 1376 2810 liuius?

578 2834 732 2889 Gratinliei
746 2850 794 2905 per
807 2835 899 2891 iesum
919 2834 1055 2890 Christum
1077 2835 1218 2890 [laurinum
1243 2846 1375 2890 nostrum.

578 2925 663 2995 igitur
674 2939 725 2995 ego
738 2925 794 2994 ipse
808 2938 896 2982 ruente
911 2926 1000 2981 servio
1026 2925 1077 2995 legi
1102 2925 1166 2990 liei,
1182 2939 1263 2980 carne
1284 2934 1374 2979 antem

577 3016 629 3086 legi
646 3016 766 3085 peccati»
777 3011 1012 3088 (nummasii).

613 3107 659 3164 26.
680 3111 798 3179 Apparet
811 3109 888 3179 igitur
903 3110 997 3165 littere
1013 3117 1169 3166 vetustatem
1182 3151 1189 3175 ,
1204 3111 1226 3165 si
1242 3110 1310 3167 desit
1324 3126 1374 3164 no·

576 3202 646 3256 ritas
661 3201 771 3270 spiritus
783 3242 790 3266 ,
803 3216 865 3257 reus
884 3200 971 3257 lacere
986 3202 1073 3271 potins
1086 3203 1239 3272 cognitione
1252 3204 1372 3272 peccati,

575 3307 657 3362 amru
672 3293 788 3348 liberare
800 3308 815 3347 a
829 3303 948 3363 peccatu.
966 3292 1041 3349 Unde
1056 3303 1083 3348 et
1100 3293 1163 3349 alibi
1174 3294 1301 3362 scriptum
1315 3302 1372 3358 est,

577 3383 630 3451 Qui
641 3385 749 3454 apponit
770 3385 913 3449 edentium,
937 3387 1041 3456 opponit
1060 3395 1083 3438 et
1103 3384 1214 3438 dolorem
1233 3382 1332 3453 (diocle.
1348 3400 1372 3452 r,

576 3476 623 3547 18)
638 3494 645 3531 :
662 3491 716 3532 non
734 3478 797 3547 quia
813 3476 869 3548 ipsa
883 3478 925 3533 lex
944 3478 1042 3532 nulum
1057 3485 1115 3540 cst.
1130 3476 1248 3545 scdqnia
1262 3475 1372 3530 nrarrda-

575 3575 634 3619 rum
646 3566 747 3620 bonnm
759 3566 839 3621 babet
853 3568 878 3620 in
892 3567 979 3621 littera
993 3565 1207 3631 demonstrante,
1220 3579 1272 3618 non
1287 3565 1315 3619 iu
1327 3564 1374 3618 ad-

572 3657 684 3729 jurante
701 3658 797 3729 spiritu
809 3677 816 3713 s
829 3658 901 3730 anrd
914 3659 1066 3715 mandatum
1079 3658 1102 3715 si
1119 3659 1148 3714 lit
1158 3658 1254 3713 timore
1267 3673 1371 3728 poertm,

574 3764 629 3803 non
639 3764 733 3805 amore
741 3750 867 3821 juditta,
883 3749 1077 3816 seruiturus,
1098 3763 1151 3805 non
1174 3749 1329 3810 liberaliter,
1345 3759 1373 3804 et

575 3839 637 3892 ideo
651 3854 702 3894 uec
712 3839 752 3893 lit.
765 3838 822 3894 Nau
835 3843 905 3895 enim
922 3839 1023 3894 lructus
1033 3848 1075 3894 cst
1088 3839 1189 3906 boene,
1201 3839 1246 3909 qni
1259 3838 1292 3894 de
1305 3838 1372 3893 cba-

573 3930 662 3985 ritatis
675 3930 768 3986 radice
788 3946 841 3985 nun
862 3932 956 4002 surgit.
971 3930 1057 3985 Porro
1077 3938 1166 3986 autern
1179 3929 1201 3985 si
1214 3929 1284 3985 adsit
1304 3927 1372 3984 lldes

572 4034 635 4088 quae
651 4035 700 4089 per
716 4020 885 4076 dilectionem
899 4032 1026 4090 operatur
1048 4018 1148 4091 (Galat.
1165 4035 1193 4088 r,
1214 4019 1258 4092 tt),
1281 4020 1372 4090 incipit

572 4111 756 4166 mradetectart
770 4112 820 4183 legi
834 4112 879 4168 lici
892 4111 1037 4168 secundum
1052 4113 1205 4168 interiorem
1218 4113 1370 4177 bominem,

573 4215 635 4270 quar
647 4199 791 4257 delectatio
811 4217 865 4258 non
886 4203 998 4270 litterar,
1014 4202 1061 4257 sed
1075 4202 1185 4272 spiritus
1200 4202 1299 4257 donum
1312 4211 1369 4267 est;

573 4292 679 4346 etiamsi
692 4292 744 4347 alia
759 4295 799 4348 les
812 4294 838 4348 in
854 4294 981 4349 urernbris
991 4294 1079 4348 adbuc
1095 4301 1225 4365 repugnat
1233 4294 1285 4363 legi
1296 4308 1371 4348 men·

575 4382 631 4448 tis,
647 4381 734 4437 donec
749 4383 774 4438 in
786 4385 946 4451 novitatem,
961 4400 1021 4455 (μοι)
1031 4383 1064 4440 de
1077 4384 1120 4438 die
1135 4384 1160 4437 in
1175 4384 1246 4440 diem
1261 4384 1287 4439 in
1303 4385 1372 4439 inte-

575 4472 648 4527 riore
661 4472 770 4529 bomine
780 4487 907 4546 augetur,
921 4483 975 4529 tuta
989 4483 1106 4531 vetustas
1119 4484 1220 4531 mnmta
1234 4485 1370 4545 pertrans·

574 4570 638 4628 eat,
666 4563 798 4619 liberante
817 4578 867 4618 nos
887 4564 921 4620 de
943 4580 1056 4636 corpore
1076 4565 1168 4620 mortis
1189 4565 1267 4635 buius
1286 4566 1370 4637 gratia

576 4653 624 4709 bet
639 4670 687 4724 per
700 4654 790 4710 iesum
804 4655 939 4711 Christum
953 4657 1092 4710 branrinum
1105 4665 1237 4710 nostrum.

557 4812 561 4818 ι
608 4744 725 4802 caebr
742 4744 800 4800 xl.
811 4745 899 4800 —Sb
914 4747 1002 4802 Gratia
1016 4749 1043 4801 iu
1060 4746 1147 4802 Verere
1157 4747 1317 4802 Testameute
1327 4748 1368 4801 ln-

577 4844 643 4902 tens‚
652 4837 678 4889 in
695 4835 769 4890 Nom
783 4837 918 4892 reueletur.
935 4839 996 4893 llaec
1007 4839 1091 4909 gratia
1101 4839 1126 4892 in
1140 4838 1312 4893 Testamenta
1325 4853 1369 4893 rc-

576 4934 634 4979 tere
652 4927 737 4981 relata
752 4927 887 4993 latitabat,
899 4945 958 4998 qum
974 4931 999 4983 in
1020 4928 1118 4984 Christi
1131 4928 1276 4998 Evangelio
1290 4943 1368 4984 rere-

576 5013 629 5067 lata
641 5023 682 5069 cst
692 5015 894 5085 dispensatione
913 5025 1062 5087 ternporum
1074 5017 1287 5083 ordinatissima,
1301 5017 1370 5072 sicut

577 5102 648 5158 licus
666 5106 742 5161 norit
760 5116 855 5162 cuncta
878 5108 1029 5178 disponere.
1056 5108 1088 5163 Et
1112 5107 1226 5164 tortasse
1248 5109 1280 5163 ad
1305 5108 1370 5164 illud

564 5178 663 5305 jipsum
675 5196 735 5266 ejus
745 5197 883 5253 latibulum
894 5199 1025 5268 pertinet,
1040 5198 1110 5269 quod
1125 5199 1151 5253 in
1171 5213 1204 5254 eo
1219 5199 1367 5270 liecalogo,

576 5284 623 5354 nui
635 5284 715 5340 datus
727 5295 768 5342 est
782 5287 809 5342 in
824 5298 915 5343 monle
926 5287 1005 5351 Sina,
1027 5289 1077 5343 buc
1090 5290 1175 5343 solnm
1192 5297 1324 5359 precepto
1338 5290 1369 5344 tt·

573 5384 670 5444 gurato
684 5377 868 5433 ¹occultatum
882 5387 937 5440 est,
953 5378 1024 5448 orroei
1038 5379 1071 5434 ad
1084 5380 1222 5435 sabbatum
1244 5381 1367 5450 pertinet.

573 5467 719 5525 Sublimem
729 5478 819 5526 autem
830 5469 889 5525 dies
902 5469 914 5502 ¹
927 5469 1144 5525 sanctificationis
1155 5480 1205 5526 est.
1218 5471 1272 5525 Nec
1282 5480 1368 5535 recu,

572 5562 644 5633 quod
665 5563 737 5619 inter
751 5564 841 5619 omnia
853 5578 934 5634 opera
949 5578 1009 5631 otim
1027 5560 1091 5616 lecit
1106 5562 1190 5630 bens,
1214 5563 1269 5617 illic
1282 5565 1369 5632 primo

572 5652 749 5708 sanctificatio
763 5654 868 5718 sonuit,
883 5654 926 5707 nbi
940 5654 973 5708 ab
984 5652 1106 5707 omnibus
1120 5653 1246 5723 operibus
1261 5654 1366 5723 requie·

571 5743 610 5797 rit
623 5741 700 5811 (Gen.
715 5759 735 5802 rt
744 5744 795 5813 ἰ5)
812 5763 818 5798 :
834 5743 903 5799 unde
915 5760 984 5798 nunc
995 5759 1046 5798 uon
1059 5751 1101 5799 est
1114 5745 1263 5799 disserendi
1283 5745 1366 5799 locus.

574 5831 773 5899 Verumtamen,
788 5834 857 5904 quud
871 5836 908 5889 rei
919 5835 952 5889 de
968 5850 1018 5905 qnia
1032 5837 1118 5906 agitur
1130 5834 1196 5889 satis
1216 5851 1276 5890 esse
1297 5837 1368 5891 arbi·

569 5943 630 5997 mili
640 5959 716 5997 mors.
735 5954 763 5997 at
782 5947 935 6009 nunusertpu
954 5954 1039 5998 carent
1059 5949 1095 5997 bis
1114 5947 1197 5999 verbis
1216 5947 1312 6014 (oman
1333 5956 1368 6001 esi

570 6008 655 6065 mimi,
668 6022 725 6082 quae
752 6009 877 6058 arentbesi
889 6007 1050 6058 includuntur.

603 6077 611 6105 ¹
624 6071 696 6127 saliti,
710 6023 768 6120 mile
779 6070 870 6119 nantum
878 6069 983 6132 adjacet.
995 6072 1083 6131 abest,
1096 6070 1162 6132 uslle,
1176 6084 1189 6120 a
1201 6073 1367 6135 manuscriptis

570 6142 597 6183 el
608 6147 622 6184 s
635 6140 705 6180 irtxltt
719 6131 828 6193 apastoli.

602 6198 612 6228 ¹
628 6196 763 6243 sicomnes
775 6199 949 6256 propulisset
962 6193 1030 6253 editi,
1042 6200 1064 6244 ct
1075 6193 1193 6257 capanna
1207 6208 1243 6246 mc
1256 6193 1279 6245 ia
1292 6194 1366 6255 lupa-a

569 6261 664 6317 peream
673 6254 806 6312 clarentum,
818 6267 873 6316 aare
880 6261 924 6312 ert,
934 6262 982 6304 etc.
1117 6317 1120 6323 Ι

603 6320 678 6366 ¹tnr.
692 6324 717 6364 et
731 6330 855 6374 gartenm-s
867 6324 928 6373 lisa,
941 6324 1087 6379 pareceptum
1105 6320 1167 6379 lagjan·
1184 6327 1204 6367 t:

601 6380 612 6413 t
625 6387 684 6430 tos.
697 6376 759 6434 elica.
771 6379 816 6427 ltoc
826 6377 880 6428 tao
891 6392 939 6427 nen
948 6387 985 6429 est
998 6381 1021 6428 ia
1030 6387 1081 6429 sus.

1238 871 1246 942 ἓ
1285 869 1394 965 x‘armen
1417 911 1515 968 araus.

1438 1035 1502 1090 trur,
1513 1041 1565 1081 non
1579 1025 1674 1082 frustra
1686 1027 1731 1083 illo
1741 1029 1783 1086 dic
1795 1032 1908 1102 populns
1919 1032 1951 1088 ab
1962 1034 2034 1089 omni
2044 1050 2126 1106 opere
2135 1041 2225 1096 serrill

1434 1116 1568 1173 abstinere
1580 1123 2009 1193 praeaprnsest,qrrustguttrcann
2018 1130 2225 1196 peecatnm,nisi

1434 1208 1494 1276 auia
1506 1223 1558 1263 non
1569 1224 1680 1280 peccare
1690 1213 1907 1269 sanctificationis
1917 1223 1969 1282 est,
1985 1216 2036 1272 boc
2046 1228 2096 1282 est,
2105 1221 2226 1277 muneris

1435 1299 1482 1354 liei
1505 1301 1692 1371 perspiritum
1711 1313 1832 1360 sanetum
1848 1323 1855 1359 ι
1869 1307 1939 1377 quod
1954 1308 1980 1361 in
1995 1308 2064 1378 lege,
2079 1327 2139 1381 que
2157 1312 2224 1367 dua·

1434 1388 1484 1443 bus
1498 1390 1608 1459 lapideis
1620 1391 1717 1448 talmlis
1733 1394 1881 1464 conscripta
1899 1405 1956 1461 cst,
1976 1399 2061 1452 sulum
2082 1400 2151 1454 inter
2170 1415 2224 1456 ce·

1435 1488 1489 1534 tera
1504 1481 1531 1535 in
1547 1482 1640 1537 rrurbra
1655 1482 1745 1554 ligura
1765 1487 1881 1554 positum
1893 1496 1944 1552 est,
1958 1486 1985 1541 in
1998 1503 2049 1558 qna
2063 1488 2147 1544 ludaei
2160 1490 2224 1546 sab·

1433 1570 1523 1626 batum
1537 1573 1696 1640 observant;
1719 1582 1749 1629 ut
1762 1574 1813 1632 boe
1835 1577 1893 1645 ipso
1912 1576 2106 1648 significaretur
2119 1590 2225 1650 tempus

1435 1673 1497 1719 tnnc
1511 1663 1593 1721 luisse
1605 1665 1769 1720 occultanda
1780 1668 1887 1737 gratie,
1900 1682 1959 1737 quar
1969 1667 2043 1724 Nero
2053 1669 2225 1727 Testamenta

1434 1756 1520 1811 luerat
1539 1772 1586 1826 per
1607 1756 1706 1813 Christi
1718 1760 1887 1828 passionem,
1900 1766 2023 1829 tanquam
2045 1761 2200 1820 scissionem
2215 1765 2223 1797 ¹

1433 1846 1496 1909 reli,
1522 1847 1662 1902 rerelanda
1688 1847 1794 1919 (darre.
1809 1864 1891 1913 xrrn,
1905 1847 1961 1921 iil).
1977 1849 2039 1903 Cum
2052 1851 2117 1905 enim
2137 1862 2224 1908 trans·

1433 1939 1489 1990 ierit
1499 1939 1521 2002 ¹,
1536 1937 1620 2008 iuquit
1630 1980 1637 2002 ,
1647 1939 1682 1991 ad
1693 1937 1832 2007 Christiana,
1843 1943 1971 2013 auferetur
1982 1940 2103 1995 uelantur.

1468 2029 1579 2086 CAPUT
1598 2030 1667 2085 xvi.
1686 2060 1722 2072 -
1739 2030 1785 2087 ¹28.
1798 2031 1911 2101 Spiritus
1922 2042 2025 2088 saactru
2037 2050 2082 2087 cur
2096 2034 2179 2089 dictus
2191 2034 2225 2090 sit

1432 2124 1525 2195 dipitas
1544 2122 1600 2178 Dei.
1613 2153 1649 2165 —
1659 2122 1783 2178 Donrintu
1796 2136 1880 2178 aerem
1894 2124 2007 2193 Spiritus
2019 2135 2074 2191 est;
2085 2128 2127 2181 eii
2138 2138 2223 2182 entem

1432 2217 1545 2285 Spiritus
1559 2215 1675 2281 Domini,
1692 2215 1727 2269 tlt
1739 2214 1839 2270 libertos
1855 2214 1888 2286 (tl
1905 2214 1964 2271 car.
1979 2233 2024 2285 nt,
2045 2218 2089 2281 lli,
2104 2218 2160 2290 tl).
2176 2218 2223 2276 ilic

1431 2318 1520 2362 autern
1542 2306 1656 2377 Spiritus
1673 2307 1741 2374 bei,
1758 2307 1834 2377 cujus
1846 2308 1918 2363 deno
1929 2308 2114 2379 justificamur,
2128 2326 2181 2381 quo
2194 2311 2223 2368 ttt

1432 2398 1457 2452 in
1469 2398 1641 2454 nobisutnon
1655 2412 1766 2468 peccare
1777 2396 1908 2463 delectet,
1920 2399 1964 2454 ubi
1978 2399 2087 2455 libertas
2098 2410 2155 2467 est;
2169 2403 2223 2458 sic·

1431 2500 1459 2544 nt
1479 2497 1577 2560 praeter
1590 2489 1661 2545 bunc
1671 2489 1798 2559 Spiritum
1814 2505 1925 2560 peceare
1946 2490 2077 2560 delectat,
2100 2494 2145 2549 ubi
2165 2507 2223 2549 ser·

1430 2580 1510 2648 ritus,
1526 2580 1629 2650 aculus
1639 2580 1765 2650 operibus
1784 2580 1970 2636 abstinendum
1983 2580 1994 2612 ⁸
2007 2591 2047 2636 est
2062 2600 2069 2638 ε
2084 2584 2127 2637 lric
2138 2583 2221 2652 Spiri-

1431 2679 1473 2723 tns
1482 2678 1591 2725 sauctus
1604 2684 1651 2740 per
1663 2685 1742 2740 quem
1754 2670 1911 2726 diliunditur
1924 2671 2041 2727 ebaritas
2054 2672 2080 2726 in
2093 2673 2221 2730 cordibus

1431 2762 1540 2825 nostris,
1567 2777 1627 2831 qnae
1650 2761 1786 2831 plenitudo
1799 2760 1866 2833 legis
1882 2771 1942 2827 est,
1959 2764 2040 2819 etiam
2060 2764 2158 2834 digitus
2173 2767 2221 2823 liei

1430 2853 1456 2905 in
1469 2852 1613 2922 Erangeliu
1623 2851 1719 2906 dicitur
1732 2851 1806 2922 (Lne.
1821 2868 1863 2917 rr,
1880 2852 1938 2923 20).
1960 2853 2035 2910 Uinde
2048 2857 2108 2924 arria
2123 2867 2152 2912 et
2168 2858 2221 2913 iliae

1429 2944 1525 2999 tabulae,
1537 2943 1619 3014 digito
1633 2944 1680 2999 Dei
1701 2943 1861 3012 conscriptae
1873 2952 1951 3007 snut,
1965 2954 1992 3000 et
2005 2945 2104 3015 digitus
2120 2948 2166 3003 liei
2179 2958 2221 3004 est

1428 3037 1542 3107 Spiritus
1555 3036 1600 3091 liei
1617 3052 1664 3105 per
1682 3052 1763 3106 quem
1783 3036 2082 3105 sanctilicanrur,ute1
2105 3039 2157 3095 lide
2180 3042 2220 3096 ri·

1429 3139 1520 3184 rentes
1535 3144 1583 3199 per
1597 3128 1764 3183 dilectionem
1789 3128 1857 3184 bene
1879 3145 2037 3199 operemur3
2060 3148 2138 3201 «parem
2164 3150 2217 3190 non

1428 3229 1534 3276 ruarreat
1548 3221 1598 3274 ista
1613 3220 1785 3291 congruentia
1799 3219 1950 3291 ibidemque
1963 3222 2086 3277 distantia
2109 3222 2140 3279 ¹?
2159 3226 2220 3283 Dies

1427 3311 1498 3366 enim
1510 3312 1699 3381 quinquaginta
1723 3320 1911 3379 conmutantur
1931 3327 1946 3366 a
1970 3313 2148 3371 celebratione
2166 3316 2218 3371 Pa·

1427 3402 1515 3465 sclrae,
1531 3416 1591 3470 num
1603 3400 1743 3486 occisione
1751 3400 1869 3469 liguratm
1883 3402 1941 3456 oris
1962 3417 2010 3472 per
2030 3404 2138 3475 Moysen
2160 3408 2217 3462 lieri

1427 3500 1558 3563 precepm
1579 3499 1621 3545 est
1641 3489 1738 3560 (Erod.
1762 3489 1827 3560 ru),
1844 3491 1869 3545 in
1883 3491 2103 3559 signilieatiouem
2127 3496 2219 3565 urique

1426 3582 1522 3637 laturae
1533 3582 1676 3637 bominicse
1686 3581 1827 3651 passionis,
1839 3582 1962 3651 usquead
1973 3582 2043 3637 diem
2051 3600 2101 3652 apua
2114 3584 2218 3655 lioyses

1426 3676 1511 3747 legem
1521 3674 1654 3745 accepitin
1663 3671 1849 3744 tabulisdigito
1858 3674 2219 3745 beicouscriptis:sinriliter

1427 3770 1462 3826 ab
1483 3769 1617 3825 occisione
1631 3777 1658 3823 ct
1671 3767 1868 3823 resurrectione
1881 3766 1951 3822 illius
1965 3768 2010 3837 qni
2029 3769 2165 3824 sicntoris
2183 3769 2219 3825 sd

1426 3859 1618 3915 immolandum
1633 3858 1728 3913 ductus
1743 3867 1784 3912 est
1800 3856 1876 3930 (isui.
1897 3872 1959 3923 tut,
1974 3858 2015 3928 7),
2028 3857 2218 3929 quinquaginta

1425 3952 1518 4008 diebus
1527 3951 1677 4021 completis,
1689 3959 1864 4021 congregatos
1877 3949 1903 4004 iu
1922 3966 2003 4005 unnnr
2016 3951 2109 4008 lideles
2120 3952 2218 4022 d'gitus

1426 4043 1483 4111 liei,
1501 4043 1552 4102 boc
1563 4050 1615 4108 est,
1625 4042 1740 4114 Spiritus
1750 4048 1859 4097 sanctus
1873 4041 1993 4113 implerit
2009 4042 2078 4115 (det.
2093 4059 2129 4110 u,
2145 4043 2216 4115 et).

1459 4154 1592 4211 CAPUT
1616 4153 1713 4210 ΠΗ.
1733 4185 1769 4195 -
1788 4153 1834 4210 29.
1863 4154 1938 4226 Legis
1962 4153 2084 4211 iloseicte
2106 4165 2130 4211 et
2149 4171 2221 4212 noeoe

1424 4247 1591 4315 comparatio.
1606 4244 1635 4300 ln
1649 4244 1700 4300 bac
1723 4244 1836 4299 mirabili
1859 4246 2033 4316 congruentia
2058 4245 2121 4301 illud
2145 4255 2219 4304 certe

1424 4337 1567 4406 plurimum
1577 4335 1603 4391 di
1620 4343 1673 4401 tat,
1687 4334 1805 4406 quodibi
1818 4334 1929 4405 populus
1941 4335 2069 4389 accedere
2081 4335 2115 4390 ad
2129 4336 2219 4391 locum

1425 4427 1468 4483 ubi
1482 4428 1525 4483 lex
1539 4426 1662 4494 dabatur,
1684 4425 1819 4482 horrendo
1835 4433 1936 4480 terrore
1949 4425 2105 4496 probibetnr
2120 4425 2218 4499 (Erod.

1425 4519 1480 4592 xrs)
1496 4537 1504 4573 a
1518 4518 1561 4574 bic
1577 4527 1665 4574 autem
1679 4519 1704 4572 in
1718 4532 1766 4573 cos
1785 4518 1939 4587 supervenit
1952 4517 2067 4587 Spiritus
2087 4527 2217 4584 sanctus,

1425 4611 1470 4680 qai
1493 4625 1554 4665 eum
1577 4610 1737 4680 promissum
1751 4617 1936 4678 exspectantes
1960 4609 1986 4663 in
2008 4624 2090 4663 unum
2112 4608 2219 4664 lucrant

1424 4700 1585 4771 congregati.
1604 4697 1641 4754 lbi
1657 4699 1682 4752 in
1696 4699 1794 4753 tabulis
1807 4697 1918 4768 lapideis
1937 4697 2035 4766 digitus
2060 4699 2105 4752 liei
2118 4713 2215 4768 opera·

1426 4800 1467 4844 tns
1480 4799 1536 4854 est;
1555 4790 1609 4855 bic,
1625 4790 1651 4844 in
1665 4790 1789 4844 cordibus
1803 4789 1950 4845 bominum.
1971 4789 2008 4844 lbi
2023 4804 2088 4860 crgo
2107 4791 2149 4844 les
2164 4806 2214 4845 es·

1425 4882 1555 4935 trinsecus
1566 4879 1650 4950 posita
1663 4887 1722 4943 ost,
1743 4894 1795 4950 qua
1810 4879 1902 4948 injusti
1915 4888 2097 4935 terrerentur:
2117 4880 2159 4935 laic
2173 4881 2216 4936 in-

1425 4973 1555 5028 trinsecus
1568 4972 1629 5027 data
1651 4981 1710 5037 cst,
1732 4988 1784 5042 qua
1807 4973 2026 5041 justificarentur.
2050 4973 2128 5038 Nam,
2156 4973 2218 5030 Non

1423 5064 1593 5131 adulterabis,
1610 5063 1671 5118 Nou
1685 5064 1849 5118 lrarnicidium
1862 5065 1951 5135 facies,
1965 5064 2026 5120 Non
2038 5067 2216 5135 correspisces,

1423 5156 1477 5210 etsi
1490 5155 1557 5227 qarod
1569 5164 1605 5210 est
1617 5155 1688 5210 aliud
1702 5155 1865 5220 mundatam,
1880 5156 1951 5226 quod
1964 5157 2056 5227 utique
2071 5157 2097 5211 in
2112 5157 2164 5210 illis
2177 5166 2218 5211 ls-

1424 5247 1492 5302 bulis
1511 5246 1712 5316 scriptumest,
1726 5247 1753 5300 in
1767 5246 1829 5312 boc,
1851 5246 1945 5316 inquit,
1959 5262 2073 5301 emenone
2091 5247 2217 5315 recaptu-

1424 5337 1501 5405 latur,
1518 5338 1544 5392 in
1559 5336 1677 5408 eoquod
1699 5336 1789 5408 diliges
1807 5337 1951 5407 proximum
1970 5348 2039 5390 tuum
2060 5346 2180 5406 tanquam
2193 5346 2216 5392 ts

1424 5427 1518 5498 ipsam.
1532 5427 1643 5481 Dilectio
1664 5427 1774 5498 proximi
1789 5425 1884 5480 rnalmn
1907 5441 1957 5480 uon
1982 5434 2112 5495 operatur.
2127 5424 2217 5480 Pioni-

1423 5519 1483 5573 tudo
1498 5528 1582 5573 autem
1596 5519 1658 5588 lepis
1670 5528 1705 5573 est
1719 5517 1829 5572 claritas
1842 5517 1928 5589 (Rom.
1945 5531 2008 5583 rut,
2025 5515 2058 5580 a,
2074 5515 2130 5585 td).
2153 5515 2217 5570 llaec

1422 5625 1475 5666 non
1491 5609 1517 5663 in
1532 5609 1630 5675 tabulis
1643 5609 1792 5678 coramripta
1809 5607 1930 5677 lapideis,
1945 5605 1991 5660 sed
2011 5603 2106 5672 diffusa
2128 5615 2164 5658 est
2188 5607 2215 5659 irs

1422 5702 1539 5757 sordidas
1551 5702 1643 5757 nostris
1657 5718 1700 5765 per
1711 5701 1837 5770 Spiritum
1850 5710 1966 5754 sanctam
1977 5698 2021 5768 pai
2032 5698 2107 5752 detes
2119 5707 2155 5751 est
2167 5714 2215 5751 no·

1422 5796 1459 5849 iis
1472 5793 1526 5867 (ld.
1544 5810 1572 5860 r,
1587 5795 1625 5862 5).
1642 5792 1696 5847 Lex
1716 5808 1780 5862 crgo
1795 5791 1841 5846 liei
1862 5801 1902 5849 est
1923 5789 2050 5844 ebaritas.
2065 5789 2133 5844 iluic
2153 5806 2216 5859 prs·

1421 5885 1507 5939 denaia
1521 5885 1605 5939 carnis
1618 5900 1669 5937 aon
1688 5892 1724 5937 cst
1743 5881 1872 5951 anticam
1884 5880 2039 5950 nequeenim
2062 5890 2142 5950 potest
2157 5878 2212 5950 lid.

1421 5991 1466 6031 uu
1479 6017 1486 6043 ,
1501 5976 1549 6045 7);
1568 5975 1615 6030 scd
1633 5973 1665 6028 ad
1687 5972 1756 6027 banc
1780 5972 1947 6042 prudentiam
1961 5971 2049 6029 carnis
2063 5971 2215 6029 terrendam
2271 6034 2275 6042 ¹

1454 6133 1497 6181 ι1η
1510 6130 1590 6190 editis,
1599 6128 1720 6180 scissimre.
1805 6190 1810 6198 ι

1452 6196 1462 6225 ¹
1476 6201 1498 6242 tn
1510 6202 1614 6254 orratuor
1623 6201 1686 6250 uss,
1699 6198 1832 6242 traducas.

1454 6257 1515 6303 ¹tne
1531 6254 1589 6303 aditi
1606 6254 1709 6309 ariana.
1729 6251 1755 6303 id
1772 6260 1807 6304 est
1826 6250 1983 6316 spiritualiter
2001 6249 2213 6312 retransmittas,

1421 6318 1767 6380 spaniantattusctildisaltesl.
2077 6374 2084 6385 ,

1456 6383 1463 6408 ¹
1476 6381 1512 6429 sir
1523 6385 1575 6428 tiss.
1590 6376 1843 6442 mutabilibusque
1857 6379 1945 6431 erdem
1953 6376 2119 6435 uehementem
