5592 7350
547 864 594 918 cst
1000 906 1002 910 .
1201 861 1300 917 arnan
1322 844 1507 922 serranus,

549 993 597 1054 bns
622 996 794 1051 irritarenlcnv
818 995 954 1049 calamitatis
980 990 1067 1049 studio
1087 990 1243 1065 praeteriret.
1270 996 1336 1051 llinc

548 1095 685 1156 peccatum
700 1096 821 1139 manasse
834 1085 961 1153 proditur,
976 1093 1099 1155 tanquam
1111 1099 1224 1155 corpore
1236 1086 1337 1141 anima-

514 1236 516 1240 ,
547 1191 599 1247 qtae
612 1175 787 1247 genitoribus,
801 1174 863 1228 dvnn
874 1174 994 1243 corporis
1007 1183 1098 1230 natura
1112 1184 1236 1239 tentatur,
1248 1176 1336 1231 anima

548 1270 617 1322 anate
630 1269 718 1321 ιιιιιιιι
732 1266 900 1335 compatitur.
916 1266 980 1332 Qum
991 1267 1012 1321 si
1025 1268 1202 1336 appetentiam
1216 1269 1337 1338 corporis

548 1359 719 1420 refrenasset,
735 1357 760 1410 in
773 1356 830 1427 ipso
840 1366 899 1410 ortu
910 1366 981 1410 esset
990 1359 1119 1411 exstincta
1133 1359 1207 1427 origo
1221 1360 1320 1426 peccati
1329 1364 1339 1424 ;'

547 1465 626 1520 qnam
639 1448 710 1503 velut
724 1448 806 1502 virilis
818 1450 828 1479 ¹
842 1448 954 1503 infusam
965 1449 1085 1517 corporis
1099 1458 1170 1502 motu
1184 1449 1252 1503 male
1263 1450 1337 1504 tcta⁸

547 1547 647 1607 ultima,
664 1542 743 1595 etiarn
759 1543 799 1595 sui
814 1540 903 1609 vigore
916 1549 1050 1610 corrupto,
1065 1539 1159 1595 alienis
1173 1543 1260 1611 gravis
1271 1556 1337 1597 onc-

548 1633 621 1687 ribus
635 1631 796 1701 parturivitr
823 1629 866 1702 (ln
887 1630 997 1695 Lucum,
1016 1630 1059 1685 til.
1078 1633 1104 1695 t,
1119 1649 1163 1687 vrtt.
1181 1634 1246 1696 ttt,
1262 1633 1335 1705 tta).

586 1724 627 1776 ll.
646 1722 694 1775 llic
702 1730 774 1776 certe
785 1722 950 1790 apertissime
960 1729 1038 1790 atque
1049 1723 1218 1779 satiatissime
1229 1725 1274 1779 ille
1284 1735 1336 1779 tarn

549 1811 712 1865 excellenter
726 1811 762 1864 tui
776 1809 893 1865 ductoris
914 1826 960 1864 ore
975 1812 1099 1867 laudatus
1116 1812 1210 1869 doctor
1222 1814 1337 1869 Ambru-

548 1902 604 1955 sins
617 1900 768 1963 declamvil,
785 1901 885 1969 etquid
899 1910 986 1966 essct,
1000 1910 1028 1956 ct
1039 1902 1110 1957 uude
1123 1912 1194 1957 esset
1209 1902 1337 1975 originale

549 2000 697 2059 peccatum,
711 2000 737 2045 et
752 1990 819 2043 nnuc
832 1992 971 2060 coritigcrit
984 1993 1025 2045 illa
1041 1994 1124 2061 prima
1137 1994 1265 2058 conscisio,
1278 2011 1337 2064 cquae

550 2080 727 2135 inobedientia
740 2084 828 2135 carnis
842 2081 889 2135 luit
903 2081 1083 2138 dissentientis
1097 2084 1131 2138 ab
1143 2086 1242 2153 anima,
1258 2100 1336 2155 qnam

549 2172 706 2225 discentiam
723 2182 798 2226 sanat
817 2172 862 2227 Dei
877 2174 960 2241 gratia
974 2188 1021 2243 per
1033 2174 1122 2229 Jcsum
1136 2175 1270 2231 Christum
1287 2178 1338 2230 [ιιι-

548 2261 649 2313 minum
665 2273 794 2315 nostrum.
809 2261 887 2316 uites
899 2263 968 2317 uvnlc
981 2280 1043 2318 caro
1056 2266 1225 2334 concupiscat
1240 2268 1337 2323 adver·

548 2366 595 2406 sus
612 2352 751 2419 spiritum,
773 2352 847 2406 vides
868 2353 939 2407 urvtlc
957 2354 992 2409 sit
1015 2354 1056 2409 lca
1071 2354 1097 2408 iu
1113 2356 1240 2411 membris
1259 2371 1338 2427 repu-

547 2455 632 2511 gnans
642 2442 691 2511 tegi
706 2442 810 2496 virentis.
832 2442 911 2498 Vides
928 2448 1040 2499 vertisse
1053 2446 1080 2499 in
1095 2456 1226 2511 patrnam,
1240 2449 1336 2504 animae

548 2532 687 2600 carnisque
700 2532 875 2598 discordiam,
897 2541 923 2587 et
949 2549 996 2603 per
1014 2534 1063 2589 lms
1086 2536 1238 2593 inimicitias
1260 2538 1337 2595 vvobis

547 2622 683 2677 abrandare
697 2622 833 2698 miserias,
850 2640 901 2677 vion
916 2625 966 2679 nisi
982 2625 1028 2680 bet
1043 2628 1225 2683 misericordia
1240 2629 1336 2685 burien-

547 2710 605 2765 das.
619 2710 677 2764 ani
687 2713 742 2778 jam
754 2713 817 2766 turibi
829 2713 963 2769 adversari
976 2730 984 2771 :
1001 2732 1062 2770 taam
1074 2718 1095 2770 si
1110 2717 1196 2773 adbuc
1208 2719 1282 2783 iacis,
1293 2722 1336 2776 cui

546 2803 588 2854 vet
602 2802 696 2867 qnibus
709 2804 788 2857 sinant
809 2803 975 2871 adverseris,
991 2805 1117 2862 advertis.
1134 2828 1143 2861 ι
1159 2809 1200 2865 lle
1215 2830 1224 2862 ι
1241 2828 1337 2881 nempe

550 2909 560 2941 ι
575 2890 663 2946 dixisti
679 2893 744 2948 nibil
760 2896 844 2963 nangis
861 2895 999 2961 laborare,
1015 2913 1094 2968 quam
1116 2908 1145 2954 ut
1164 2915 1216 2955 ιιοιι
1238 2902 1336 2956 intelli·

545 2998 604 3054 gar.
620 3005 630 3038 ι
648 2988 681 3042 El
700 2988 726 3041 in
741 2988 897 3058 quibusdam
920 2989 985 3044 locis
1005 3006 1099 3047 sensus
1118 3008 1193 3047 meus
1212 2994 1243 3047 ad
1262 3002 1335 3049 tuum

547 3076 634 3141 potius
662 3078 844 3147 interpretaris
864 3080 1016 3145 arbitrium,
1036 3082 1148 3137 obnitens
1168 3081 1336 3139 tardiusculis

546 3166 672 3222 cordibus
685 3169 839 3237 lvominum,
855 3172 899 3241 qui
913 3181 939 3225 tc
953 3187 1005 3226 non
1022 3172 1169 3243 intelligunt
1184 3183 1272 3230 tacere
1284 3189 1332 3245 po·

546 3257 599 3311 tius
610 3259 736 3323 nituisse,
750 3275 827 3330 qnam
840 3261 1000 3330 respondere
1012 3263 1127 3330 potuisse
1137 3265 1181 3317 uui
1193 3278 1266 3330 tneo,
1274 3279 1336 3333 qua-

546 3346 792 3407 tuor'voluminibus
803 3352 863 3407 tvvis.
879 3354 946 3408 Ecce
956 3352 1040 3408 tundit
1053 3354 1334 3423 eloquentirelucidum

544 3453 577 3494 ac
590 3441 759 3510 perspicuum
781 3440 880 3497 littmcn
902 3443 1077 3498 Ambrosius:
1094 3460 1146 3498 ιιοιι
1165 3454 1206 3499 est
1219 3445 1333 3510 ubibae·

544 3540 602 3586 reat
616 3532 709 3591 lector,
725 3532 767 3588 ubi
786 3534 881 3605 caliget
904 3536 1018 3590 auditor.
1039 3536 1252 3593 llanilcstissime
1270 3538 1335 3596 dicit

545 3621 702 3692 Apostolum
717 3622 776 3679 ideo
789 3622 903 3691 dixisse,
916 3624 979 3692 Quia
999 3642 1039 3680 me
1053 3625 1165 3682 liberabit
1178 3626 1209 3683 de
1230 3645 1335 3701 corpore

544 3712 633 3766 avortii
646 3712 741 3782 butria?
755 3714 815 3783 quia
835 3729 929 3769 onrvrcs
951 3716 1001 3771 sub
1022 3726 1130 3785 peccato
1150 3720 1293 3784 nascimur,
1307 3713 1335 3776 et

544 3802 602 3872 ipse
612 3811 687 3858 ortus
702 3804 728 3858 in
741 3806 805 3859 vilio
817 3815 867 3859 cst.
881 3805 1093 3862 llarvilcstissimc
1104 3810 1177 3875 dicit,
1194 3811 1333 3868 bominum

543 3890 679 3946 Christum
692 3874 831 3962 propterea
856 3894 936 3951 luisse
956 3895 1014 3950 sine
1030 3908 1154 3965 peccato,
1168 3900 1239 3967 qnod
1255 3911 1334 3957 natus

545 3997 577 4037 ex
591 3982 693 4052 virgine
713 3985 824 4039 vivvcnlis
843 3985 964 4040 obnoxias
982 3988 1163 4055 generationis
1180 3999 1333 4060 naturaque

479 4062 480 4067 ’
544 4070 693 4126 communis
708 4072 816 4127 rrrivvimc
833 4081 978 4138 teneretur,
999 4083 1026 4129 et
1042 4074 1182 4132 damnasse
1196 4089 1332 4149 peccatum

544 4161 614 4230 qnod
630 4162 764 4216 nascendo
782 4177 834 4216 non
857 4165 951 4218 sensit.
967 4165 1142 4233 apertissime
1160 4166 1239 4234 dicit,
1261 4169 1333 4240 quod

543 4251 676 4307 dissensio
687 4254 774 4307 carnis
786 4261 815 4309 ct
827 4254 922 4309 aniane
937 4270 985 4324 per
997 4257 1240 4325 prevaricationem
1253 4260 1333 4332 primi

528 4341 660 4394 bominis
674 4340 700 4395 in
721 4350 840 4397 rratnmm
854 4345 971 4399 verterit.
983 4347 1155 4415 apertissime
1169 4350 1249 4416 dicit,
1274 4366 1334 4408 car·

543 4446 605 4484 nem
625 4431 762 4488 libidinum
778 4434 945 4490 volutabrum
959 4436 1189 4511 diversoriumque
1209 4442 1332 4500 vitiorum

544 4531 607 4577 tunc
619 4522 630 4552 ⁸
644 4525 738 4579 mutui
751 4526 777 4578 in
787 4524 835 4582 uei
848 4528 974 4596 tcmplnm
984 4531 1183 4601 sacrariumque
1194 4535 1331 4606 virtulum,

543 4627 605 4666 cum
619 4615 644 4668 in
656 4625 776 4668 viaturam
785 4630 906 4686 regressa
917 4619 1013 4688 vigoris
1023 4621 1063 4674 sni
1072 4623 1191 4690 agnoscit
1200 4625 1331 4695 altricem,

543 4713 624 4772 atque
636 4719 701 4758 aum
715 4704 834 4774 deposito
855 4711 1041 4775 cerritumaciae,
1058 4711 1219 4768 moderantis
1236 4716 1332 4773 animae

544 4795 702 4863 conpleatur
717 4794 844 4850 arbitrio:
859 4798 945 4866 qualis
959 4798 1006 4853 init
1019 4816 1079 4855 eum
1099 4801 1270 4861 inhabitanda
1282 4822 1330 4877 pa·

544 4879 625 4935 radisi
637 4893 741 4937 secreta
755 4886 880 4954 suscepit,
893 4896 1034 4956 antequam
1049 4899 1120 4945 esset
1134 4907 1237 4948 veneno
1250 4896 1332 4964 pesti·

544 4970 593 5025 leri
606 4973 738 5041 serpentis
755 4971 859 5029 iniecta.
876 4977 943 5043 viid
960 4977 1047 5033 adbtrc
1060 4980 1188 5036 adversus
1209 4999 1252 5039 me
1264 5000 1331 5055 quos

544 5059 627 5115 libros
639 5062 756 5116 moliaris
770 5063 792 5129 ¹,
804 5064 929 5134 inquiris?
944 5067 1017 5122 lltnm
1036 5071 1142 5138 aspice,
1160 5074 1287 5132 adversus
1300 5077 1332 5131 il-

544 5151 600 5204 lum
614 5151 714 5221 aliquid
732 5153 815 5223 aude,
831 5158 874 5224 qni
895 5155 1004 5212 ltaercsis
1018 5170 1113 5214 vestrae
1130 5164 1238 5217 venenis
1252 5175 1329 5223 ante·

543 5255 623 5313 quam
637 5254 820 5307 nascerentur,
833 5248 957 5308 occvrrrit,
973 5258 1000 5303 et
1012 5250 1082 5304 narde
1096 5261 1201 5320 possent
1215 5256 1330 5323 expelli,

543 5331 603 5386 baec
613 5333 730 5388 anuoora
744 5336 914 5405 preparavit.
928 5336 994 5402 Qus
1008 5339 1031 5392 si
1044 5340 1109 5396 satis
1123 5358 1176 5396 ιιοιι
1187 5354 1265 5411 suut,
1280 5346 1330 5401 ad·

542 5420 679 5475 boccardi.

580 5512 624 5567 ta.
639 5512 669 5567 ln
683 5513 753 5569 libro
763 5514 797 5570 de
806 5514 880 5571 isaac
891 5525 918 5571 et
929 5518 1024 5573 Anima
1038 5520 1107 5576 idem
1121 5524 1201 5583 dicit:
1219 5546 1229 5580 r
1243 5528 1331 5584 bonus

539 5617 607 5672 ergo
620 5611 708 5659 rector
723 5606 807 5661 matos
818 5622 901 5678 eqnus
915 5611 1049 5681 restringit
1069 5621 1096 5667 et
1110 5627 1232 5685 revocat,
1246 5619 1332 5676 botrus

541 5692 645 5747 incitat.
660 5694 725 5775 Boni
735 5700 796 5765 equi
806 5705 870 5751 suvtt
880 5709 1004 5767 quatuor,
1020 5702 1169 5774 prudentia,
1182 5718 1332 5781 temperan-

574 5873 583 5902 ¹
601 5870 821 5933 rerumrerum.
841 5882 869 5925 ιι
887 5877 984 5937 optimae
1002 5886 1067 5929 nutae
1077 5879 1155 5932 codex
1168 5882 1332 5945 floriacensis,

540 5929 604 5981 tracte
613 5945 693 5992 amaru,
706 5934 787 5990 idest,
801 5943 892 5986 natan-e
903 5939 978 6001 ipsius
988 5942 1102 6003 corporis.

573 5993 583 6023 ¹
596 5994 632 6043 stc
647 6002 699 6044 uss.
709 6001 737 6044 at
747 5996 814 6050 editi.
826 5995 898 6048 aiv-tlt.

575 6054 586 6086 ⁸
600 6063 690 6104 omncs
701 6058 754 6106 t'ere
766 6065 829 6118 tiss,
839 6059 981 6122 madefacto.

573 6114 582 6144 ·
600 6115 669 6174 salu,
679 6114 722 6166 itu.
734 6124 835 6178 atttss,
845 6125 909 6170 uvae.

538 6175 638 6286 ώιιο
648 6180 701 6226 uss.
718 6178 778 6228 auru
796 6194 871 6239 vero,
889 6183 952 6243 nort
968 6182 1083 6235 aduersus
1102 6200 1165 6237 meus
1186 6186 1259 6239 libros
1281 6202 1331 6241 mo-

612 6271 618 6283 '
645 6301 780 6361 ιιιιοι.
798 6304 906 6364 xliv.

2124 883 2177 941 682

1392 978 1442 1042 tia,
1458 978 1592 1047 tortitudo,
1609 979 1708 1051 justitia
1723 1005 1727 1036 :
1743 983 1803 1041 nrali
1818 991 1895 1058 cqut,
1913 992 2061 1053 iracundia.
2075 1008 2176 1052 corserv-

1390 1066 1533 1135 piscentia,
1554 1070 1642 1138 timor,
1661 1073 1808 1143 iniquitas»
1826 1077 1900 1150 (Cnp.
1917 1079 1957 1150 8).
1973 1080 2104 1154 Numquid
2124 1098 2177 1152 art,

1392 1155 1482 1212 Bnnm
1495 1171 1584 1216 rector
1602 1162 1685 1219 bonus
1698 1180 1781 1236 equos
1795 1167 1892 1236 babet,
1914 1174 1998 1227 trralcs
2016 1191 2067 1229 raon
2083 1176 2179 1233 lrabeat

1390 1247 1442 1304 Sed
1454 1252 1499 1315 ait,
1519 1271 1528 1305 ι
1543 1254 1630 1308 Bonos
1642 1256 1740 1319 incitat,
1757 1259 1841 1314 tnalos
1852 1263 1985 1333 restringit
1996 1275 2022 1319 et
2035 1278 2151 1324 revocat.
2167 1289 2177 1323 ι

1392 1337 1468 1394 Untlc
1484 1342 1525 1396 isti
1540 1356 1600 1398 suan
1622 1347 1703 1416 eqni?
1716 1348 1816 1419 Nempe
1831 1353 1852 1405 si
1874 1367 1922 1406 eos
1940 1355 2101 1411 substantias
2115 1362 2181 1415 dici·

1391 1446 1451 1486 mus
1464 1434 1505 1488 vel
1526 1447 1664 1505 putamus,
1686 1440 1889 1497 llaniclncorum
1905 1446 2022 1500 tavcvrnvs
2038 1449 2077 1502 vel
2094 1452 2179 1504 liare-

1391 1536 1451 1577 ntus
1465 1524 1596 1580 insanie:
1618 1530 1688 1597 quod
1703 1542 1730 1584 nt
1747 1531 1844 1587 absita
1866 1536 1956 1601 notis,
1972 1539 2101 1595 cattrolicc
2116 1541 2149 1595 ist
2159 1559 2181 1597 vs

1391 1625 1473 1681 equos
1487 1617 1657 1684 intelligimus
1673 1620 1736 1673 vitia
1754 1632 1844 1678 nostra
1860 1626 1880 1691 ¹,
1901 1643 1960 1695 qun
1974 1630 2023 1696 legi
2037 1633 2133 1687 uternis
2148 1649 2181 1686 cr

1390 1701 1449 1772 lege
1461 1707 1562 1774 peccati
1576 1709 1712 1763 resistunt.
1725 1710 1783 1766 Non
1794 1728 1809 1766 a
1821 1714 1896 1769 nobis
1908 1719 1963 1772 inve
1973 1720 2035 1774 vitia
2047 1734 2179 1791 separata,

1390 1792 1488 1847 alicubi
1513 1796 1575 1850 alibi
1595 1809 1692 1859 errarat,
1717 1800 1763 1855 sed
1786 1802 1812 1855 in
1837 1804 1912 1858 nobis
1933 1819 2023 1863 seinata
2050 1828 2180 1883 rtrrsquam

1389 1895 1477 1938 crunt.
1495 1885 1682 1943 Verumtamen
1703 1907 1785 1960 quare
1805 1910 1858 1948 ιιοιι
1874 1896 1899 1949 in
1921 1898 2080 1965 baptismate
2092 1907 2181 1974 peric·

1389 1974 1471 2028 runt?
1485 1976 1526 2030 An
1542 1979 1658 2034 novvdnnr
1675 1981 1814 2050 fateberis,
1825 1987 1895 2055 qnod
1908 1999 1997 2043 reatus
2009 2006 2101 2047 eorum
2118 2011 2180 2064 per·

1394 2063 1469 2128 ierit,
1486 2066 1625 2123 infirmitas
1658 2074 1807 2126 rrvanscrit:
1824 2091 1876 2129 non
1890 2090 1979 2132 reatus
2000 2098 2054 2150 quo
2067 2085 2122 2152 ipsa
2136 2102 2180 2141 rea

1391 2153 1505 2221 laverant,
1519 2158 1566 2212 sed
1577 2174 1630 2228 quo
1644 2176 1693 2215 nos
1709 2178 1768 2217 reos
1782 2164 1900 2221 fecerant
1914 2169 1939 2222 in
1955 2171 2031 2225 uvalis
2044 2176 2179 2243 operibus,

1389 2259 1445 2311 qno
1457 2260 1506 2299 nos
1519 2251 1674 2304 traxerant?
1688 2250 1743 2307 Nec
1757 2254 1792 2309 ita
1806 2271 1897 2311 eorum
1912 2260 2010 2315 mansit
2023 2264 2178 2330 intirmitas,

1390 2334 1466 2400 quasi
1485 2335 1573 2404 aliqua
1586 2338 1639 2392 sint
1652 2341 1776 2397 animalia
1789 2359 1850 2415 quae
1868 2348 2054 2408 infirmantur:
2071 2351 2118 2409 s'cd
2133 2373 2182 2410 ιιι»-

1390 2434 1444 2477 stra
1461 2426 1601 2481 intirmitas
1622 2431 1676 2500 ipsa
1692 2443 1763 2487 sunt.
1778 2434 1834 2492 Nec
1847 2437 1874 2492 in
1893 2440 1934 2496 bis
1949 2444 2024 2513 equis
2039 2447 2115 2500 malis
2131 2449 2181 2503 ini-

1389 2517 1519 2584 quitatem
1534 2522 1684 2577 nominasse
1699 2526 1831 2594 pntandus
1843 2542 1884 2584 est
1899 2531 1984 2601 illam,
2002 2552 2062 2606 quae
2075 2538 2181 2594 deletur

1391 2609 1416 2662 in
1431 2610 1586 2680 baptismo:
1603 2616 1645 2668 illa
1665 2633 1778 2687 viamque
1793 2632 1960 2689 peccatomm
1977 2642 2037 2697 qua·
2051 2630 2178 2697 lecimus,

1389 2696 1448 2762 livit,
1463 2716 1522 2770 quae
1535 2715 1629 2757 cuvvcta
1646 2709 1756 2761 remissa
1768 2720 1839 2774 suut,
1851 2721 1931 2783 atquc
1941 2718 2113 2788 ontvtinojam
2126 2737 2178 2778 non

1389 2798 1461 2854 sunt,
1475 2807 1587 2860 quorum
1605 2806 1693 2850 reatus
1704 2800 1826 2855 rnartrbat
1839 2805 1945 2873 quando
1958 2808 2012 2876 ipsa
2029 2810 2127 2867 iicbant
2139 2828 2180 2868 at·

1387 2894 1439 2947 que
1451 2882 1607 2937 transibant.
1622 2884 1701 2939 lstam
1718 2905 1782 2943 vcro
1801 2893 1884 2961 legem
1899 2900 2011 2965 peccati,
2025 2902 2102 2969 cujm
2123 2920 2179 2957 tuav-

1388 2968 1476 3021 aventis
1490 2981 1579 3025 reatus
1594 2976 1619 3027 in
1637 2989 1714 3029 sacro
1729 2978 1801 3036 livine
1815 2984 1943 3040 remissus
1961 2996 2018 3051 est,
2038 3002 2178 3061 pmptcrea

1388 3060 1492 3113 vocavit
1505 3060 1687 3132 iniquitatem,
1703 3069 1765 3138 quia
1777 3071 1894 3142 iniquum
1910 3084 1952 3130 cst
1965 3087 1993 3132 ιιι
2003 3093 2067 3136 caro
2078 3097 2178 3138 concu-

1387 3146 1472 3216 piscat
1490 3149 1621 3208 adversus
1642 3155 1765 3224 spiritum
1780 3177 1787 3213 :
1802 3165 1924 3231 quamvis
1944 3166 2015 3223 adsit
2036 3169 2063 3225 in
2087 3184 2179 3230 nostra

1387 3241 1558 3295 renovatione
1569 3242 1687 3311 justitie;
1700 3249 1763 3316 quia
1773 3249 1874 3318 justum
1886 3264 1926 3309 est
1940 3267 1967 3311 ut
1979 3259 2107 3319 adversus
2119 3279 2179 3320 car·

1387 3343 1448 3382 nem
1468 3331 1577 3397 spiritus
1590 3336 1776 3404 correupiscat,
1798 3349 1827 3394 nt
1845 3343 1940 3412 spiritu
1953 3348 2136 3418 ambulemus,
2150 3364 2179 3410 et

1387 3419 1614 3487 concupiscentias
1627 3425 1716 3479 caruis
1731 3443 1783 3481 ιιοιι
1797 3421 1976 3499 perficiamus.
1991 3437 2066 3493 lianc
2079 3442 2178 3513 quippo

1387 3507 1515 3578 justiliam
1538 3522 1656 3569 rtosuanr
1672 3516 1742 3573 irater
1754 3519 1839 3577 bonus
1858 3539 1942 3594 equos
1961 3529 2110 3587 invenimus
2127 3550 2177 3589 no-

1388 3599 1524 3655 ruinalem.

1425 3694 1467 3749 ιδ.
1484 3697 1553 3751 avidi
1566 3698 1654 3755 adlruc
1666 3701 1738 3771 quid·
1749 3703 1822 3771 dicat
1841 3707 1868 3762 iu
1889 3708 1959 3767 libro
1972 3728 2051 3783 quern
2071 3718 2178 3789 vcriqeit
2230 3764 2232 3768 Α

1386 3781 1421 3837 de
1442 3783 1567 3840 Paradiso
1584 3786 1681 3860 (Copp.
1699 3793 1729 3848 tl
1744 3802 1768 3847 et
1782 3793 1844 3866 ta).
1861 3815 1871 3849 ι
1886 3796 2028 3869 Fortasse,
2042 3822 2053 3857 v
2076 3807 2176 3877 inquit,

1389 3891 1398 3924 ι
1414 3874 1473 3929 idco
1493 3876 1559 3931 dixit
1573 3878 1687 3948 Paulus,
1705 3882 1769 3951 Qiioe
1780 3888 1898 3942 nonlicet
1911 3891 2007 3947 bomivti
2028 3896 2119 3967 lnquit
2134 3899 2177 3969 (ll

1386 3962 1445 4018 Cor.
1464 3983 1513 4033 xn,
1527 3967 1566 4038 tl,
1579 3988 1590 4022 ι
1607 3973 1669 4041 qvvia
1682 3976 1988 4052 eratadlvucinccrpore
2001 3988 2175 4056 constitutus,

1388 4052 1438 4109 boc
1450 4065 1501 4120 est,
1518 4058 1624 4115 videbat
1636 4061 1711 4118 istius
1725 4068 1845 4136 eorporis
1857 4071 2003 4140 passiones,
2019 4076 2124 4134 videbat
2136 4080 2177 4136 lc·

1385 4159 1444 4214 gem
1456 4149 1545 4202 caratis
1556 4164 1612 4206 suae
1623 4167 1814 4223 repugnantem
1824 4158 1876 4230 legi
1888 4165 1983 4219 mentis
1994 4180 2060 4221 stre.
2074 4186 2084 4221 v
2099 4169 2177 4226 ltenv·

1385 4251 1438 4304 que
1450 4237 1476 4291 in
1489 4239 1603 4294 eodem:
1620 4259 1629 4292 ι
1643 4241 1709 4297 Cum
1721 4245 1801 4310 dicit,
1817 4267 1828 4300 ι
1843 4248 1946 4320 inquit,
1963 4271 1973 4305 r
1986 4257 2177 4326 sapientiorem

1385 4338 1547 4398 serpentem,
1563 4333 1689 4404 intelligis
1702 4353 1782 4406 quem
1794 4341 1925 4411 loquatur,
1937 4344 1964 4400 ld
1977 4355 2029 4414 est,
2042 4350 2116 4405 iltnm
2129 4356 2178 4408 ad·

1385 4420 1532 4475 versarium
1547 4433 1683 4493 nostrum,
1697 4428 1742 4495 qni
1757 4436 1845 4484 tanum
1861 4431 1941 4488 babet
1954 4436 2110 4506 sapientiam
2124 4441 2175 4496 lnt-

1384 4506 1428 4576 tus
1440 4511 1541 4565 mundi.
1554 4511 1606 4567 Set
1621 4522 1649 4568 ct
1664 4517 1785 4587 votvvptas
1798 4529 1879 4591 atque
1893 4523 2035 4583 delectatio
2048 4528 2117 4588 bene
2130 4548 2175 4588 sa·

1385 4599 1461 4668 piens
1481 4601 1592 4670 dicitur;
1616 4605 1677 4675 qnia
1699 4618 1727 4662 et
1745 4613 1833 4666 caratis
1854 4617 2005 4685 appellatur
2022 4623 2175 4691 sapientia:
2224 4692 2226 4695 ¹

1384 4689 1455 4743 sieut
1474 4690 1572 4758 lrabes,
1595 4695 1662 4758 Quia
1676 4699 1798 4766 ropievrtiu
1819 4703 1896 4774 liujus
1914 4709 1998 4763 caratis
2019 4711 2122 4768 iaivvrr'co
2141 4728 2177 4772 eat

1385 4776 1439 4832 Deo
1450 4798 1460 4830 ι
1473 4780 1561 4851 (ilem.
1577 4798 1633 4847 vrrt,
1648 4785 1685 4852 t).
1698 4805 1707 4838 ι
1721 4789 1791 4842 litari
1801 4793 2174 4861 exquirendadelectationum

1383 4881 1482 4937 genera
1497 4873 1579 4926 astuti
1601 4888 1678 4939 strvn,
1694 4877 1737 4945 qni
1752 4890 1907 4948 appetentes
1923 4897 1985 4942 sunt
1999 4892 2173 4963 voluptatum.

1383 4959 1445 5017 Sive
1458 4976 1537 5033 ergo,
1554 4983 1563 5015 ι
1583 4965 1683 5035 inquit,
1703 4970 1927 5032 «delectationem
1942 4980 2085 5055 intelligas,
2100 5003 2175 5059 qvvaa·

1383 5048 1445 5104 daur
1458 5057 1500 5105 cst
1519 5052 1609 5106 divino
1622 5054 1733 5112 adversa
1748 5062 1888 5130 ravandato,
1914 5076 1941 5122 ct
1962 5070 2067 5129 inimica
2089 5082 2175 5132 servsi-

1384 5140 2176 5238 busnostris.UndesavrctusPaulns¹ait,Videealinrntepent

1384 5232 1410 5286 ira
1420 5235 1537 5288 membris
1550 5239 1620 5308 ateis,
1629 5247 2039 5318 repnqnunreuttepivvtentiameoe,
2053 5267 2077 5312 ιι
2092 5266 2160 5327 copti
2165 5293 2180 5306 ·>

1383 5332 1481 5376 aculem
1503 5341 1542 5378 vave
1560 5326 1586 5379 in
1607 5328 1662 5396 lcpe
1684 5334 1780 5400 percuti
1798 5355 1808 5387 ι
1825 5335 1891 5405 (ld.
1907 5357 1959 5404 vu,
1974 5343 2010 5396 ΞΒ
2021 5346 2040 5414 ).
2065 5350 2175 5412 eravlcrn

1384 5415 1546 5485 votrrptatern
1561 5419 1630 5473 dicat
1641 5421 1692 5476 ltoc
1703 5424 1761 5479 loco
1772 5427 1821 5480 iste
1834 5428 1935 5496 doetor,
1952 5435 1976 5487 in
1989 5450 2110 5507 promptu
2121 5455 2173 5507 cst,

1384 5504 1444 5572 quia
1460 5514 1488 5558 nt
1501 5505 1719 5580 intelligeremus,
1730 5514 1851 5573 adbibuit
1862 5521 1982 5588 Apostoli
1995 5527 2174 5585 testimoninm

1384 5593 1515 5663 dicentis,
1542 5596 1619 5670 Video
1634 5605 1711 5656 ulirrvn
1728 5606 1808 5676 tepeat
1827 5610 1854 5663 in
1869 5613 1985 5667 rrtembvia
1999 5618 2074 5684 nteit,
2097 5636 2174 5691 repu-

1384 5697 1503 5756 qnuntem
1522 5690 1571 5759 lepi
1592 5694 1681 5747 nutarit
1700 5711 1779 5762 meae,
1798 5706 1823 5752 et
1840 5702 2005 5768 captivantem
2024 5724 2064 5761 ure
2080 5710 2107 5762 in
2120 5712 2175 5782 ιαμ

1386 5780 1490 5846 peccati.
1507 5778 1570 5836 llaec
1582 5790 1623 5837 cst
1639 5783 1761 5856 voluptas
1780 5788 1824 5842 itta
1837 5803 1959 5861 suscepta
1980 5805 2038 5860 trra,
2051 5808 2174 5870 quamvis

1386 5876 1413 5921 ct
1427 5874 1454 5920 tn
1466 5867 1710 5941 reprebendascjns
1720 5891 1869 5934 excessum.
1883 5881 1931 5937 Ubi
1940 5886 2027 5955 qualis
2037 5891 2083 5957 sit,
2096 5896 2174 5959 ptanc

1386 5955 1496 6012 lateris:
1513 5961 1559 6013 sed
1581 5963 1661 6014 latratis
1675 5964 1815 6020 verbrirnnr
1830 5980 1994 6029 ornamentis
2008 5994 2066 6033 eam
2082 5992 2175 6037 morte·

1387 6054 1470 6099 ratam
1484 6047 1604 6104 delendis
1618 6064 1643 6104 et
1664 6053 1773 6122 luridas,
1797 6062 1872 6127 rquavsi
1895 6065 1973 6120 istum
1996 6072 2103 6128 rvrodum
2124 6077 2174 6134 sliri

1420 6197 1427 6226 ¹
1445 6195 1540 6248 stoma
1552 6206 1603 6257 lts,
1615 6200 1672 6253 viria
1682 6212 1822 6259 nostronovt
1833 6223 1896 6275 pire.

1420 6256 1430 6287 ⁸
1446 6264 1469 6306 tu
1481 6266 1654 6325 uiannseripvts,
1666 6269 1834 6322 reluctaretur
1845 6274 1888 6336 uit,
1899 6280 1997 6341 ouusso,
2009 6288 2096 6340 amru

1690 6368 1700 6426 t'
1715 6351 1936 6431 tincturae.)
