5592 7350
562 901 612 959 689

560 1105 743 1178 regeneratio,
768 1104 803 1161 de
826 1122 876 1177 qua
897 1106 997 1163 dietum
1018 1117 1076 1171 est,
1100 1104 1132 1160 ln
1149 1108 1352 1177 regeneratione,

559 1212 615 1251 erm
627 1194 952 1252 rederitFilinrlmntiniain
962 1197 1051 1251 tlrrono
1061 1196 1212 1269 plorioeraer
1223 1215 1233 1249 r
1246 1196 1353 1263 (Martii.
1368 1213 1370 1216 ’

561 1302 623 1351 rm,
637 1284 694 1357 ιιι).
710 1284 785 1340 Sicut
799 1287 870 1342 enim
888 1288 1054 1358 regeneratio
1070 1287 1165 1343 lameri
1181 1287 1292 1353 dicitur,
1308 1303 1356 1359 per

560 1390 640 1446 quarn
654 1375 760 1431 detersa
776 1386 944 1446 peccatorum
958 1377 1108 1432 colluvione
1122 1392 1304 1446 renovantnr;
1320 1379 1354 1433 ita

559 1466 728 1537 regeneratio
741 1466 791 1521 diei
807 1466 921 1534 ridetur,
939 1483 1076 1537 perquam
1090 1468 1124 1521 ab
1134 1468 1205 1522 omni
1218 1483 1355 1539 corporeae

559 1558 739 1612 concretionis
762 1556 894 1628 purificati
917 1557 993 1625 labe,
1016 1553 1114 1613 mundo
1127 1560 1223 1613 animm
1235 1573 1314 1614 serrsn
1328 1560 1354 1613 in

562 1648 641 1701 eitam
664 1662 853 1719 regeneramur
873 1657 1011 1704 aeternam.
1030 1667 1039 1701 r
1062 1649 1164 1721 Nempe
1182 1650 1302 1706 distinxit
1315 1652 1355 1706 vir

561 1745 669 1791 sanctus
687 1745 715 1791 et
728 1752 806 1792 verax
818 1779 826 1803 ,
840 1738 1057 1807 justificationem
1071 1738 1132 1794 vitm
1148 1740 1239 1809 trojus,
1253 1756 1313 1811 quae
1327 1740 1356 1795 lit

562 1842 610 1895 per
631 1826 763 1881 lavacrum
778 1828 1005 1897 regenerationis,
1021 1839 1048 1885 et
1062 1828 1133 1884 illius
1146 1829 1354 1899 perfectionem,

562 1931 622 1971 enm
635 1925 661 1972 ct
674 1926 763 1972 nostra
774 1932 886 1989 corpora
898 1917 995 1974 luerint
1006 1920 1205 1976 immortalitate
1217 1930 1355 1977 renovata.

563 2006 620 2062 lion
636 2008 723 2076 itaque
738 2006 787 2063 luit
798 2009 955 2075 ambrosio,
971 2011 1093 2080 quamvis
1105 2010 1233 2068 fateretur
1246 2027 1358 2067 nascen-

564 2100 598 2155 tis
611 2098 720 2169 originis
733 2099 824 2154 vitium
835 2140 846 2163 ,
853 2099 1052 2169 justificationis
1066 2101 1205 2174 desperata
1219 2102 1355 2172 perfectio.

563 2189 630 2256 Quia
645 2190 713 2243 sient
724 2198 765 2243 est
774 2189 889 2244 bumana
900 2198 994 2246 natura
1004 2193 1119 2247 creatori
1132 2194 1187 2249 Deo
1198 2193 1356 2261 formabilis,

565 2282 599 2335 lta
616 2280 741 2335 moabitis
755 2278 927 2350 redemptori.

600 2394 644 2447 td.
664 2393 716 2450 Sed
729 2409 776 2450 ros
791 2395 921 2451 lestinatis
931 2438 939 2463 ,
951 2405 978 2452 et
992 2400 1225 2469 praesumptionem
1240 2413 1355 2456 vestram

567 2483 717 2540 testinantlo
738 2487 919 2558 praecipitatis.
947 2487 996 2542 llic
1018 2489 1089 2543 eninr
1114 2488 1195 2544 ruitis
1220 2489 1355 2547 hominem

567 2574 676 2643 perlici,
691 2583 770 2643 atque
784 2577 885 2631 utinam
894 2576 1030 2644 bettona,
1044 2587 1071 2633 et
1081 2593 1134 2635 non
1146 2578 1239 2644 libero,
1254 2581 1295 2635 rel
1308 2596 1355 2650 po·

567 2666 619 2720 tius
637 2681 715 2721 servo
731 2668 843 2738 propriae
863 2668 1006 2724 voluntatis
1024 2668 1144 2724 arbitrio.
1164 2672 1187 2726 n
1204 2686 1254 2741 qua
1269 2670 1356 2740 perle-

567 2758 654 2812 ctione
665 2757 773 2827 quidem
787 2760 873 2830 longe·
883 2775 932 2814 vas
945 2774 1006 2814 esse
1025 2761 1128 2815 sentitis
1145 2778 1151 2814 :
1167 2761 1214 2815 sed
1228 2761 1357 2817 deluscat

568 2847 595 2901 in
608 2863 655 2901 orn
665 2856 770 2912 vestro,
784 2850 841 2905 site
855 2860 1008 2919 peccatores
1023 2866 1070 2904 ros
1081 2866 1141 2905 csse
1152 2851 1263 2919 dlmtis,
1279 2862 1306 2907 et
1315 2853 1355 2920 ju-

567 2948 624 2993 stos
637 2939 708 2994 credi
723 2939 827 3005 velitis;
842 2943 899 2997 sive
918 2941 1096 3012 profiteamini
1111 2941 1301 3011 perfectionem
1312 2943 1357 3014 ju·

568 3030 656 3097 stitia,
668 3047 746 3102 quant
759 3033 877 3103 prolecto
887 3035 919 3088 in.
928 3035 1002 3089 robis
1014 3049 1070 3089 non
1079 3050 1138 3091 esse
1150 3036 1265 3091 sentitis.
1276 3036 1357 3093 insti·

569 3122 656 3177 beatio
677 3140 757 3194 porro
779 3126 805 3180 in
830 3125 878 3181 bac
900 3128 952 3181 rita
974 3126 1050 3182 nobis
1072 3128 1217 3183 seeundum
1239 3130 1288 3184 tria
1307 3130 1357 3185 ista

569 3212 704 3268 confertur
720 3231 726 3267 :
742 3216 823 3284 prins,
838 3215 1190 3291 latacrnregenerationis,
1205 3235 1257 3290 quo
1269 3221 1359 3277 remit·

569 3309 757 3359 mittarenneta
764 3314 870 3374 peccata
881 3322 887 3358 :
897 3306 1002 3373 deinde,
1010 3310 1200 3379 congressione
1206 3327 1266 3365 eum
1276 3311 1358 3380 vitiis,

569 3406 703 3460 aquarum
710 3395 899 3451 reatuabsoluti
907 3400 1177 3465 sumnsztertio,tlun1
1187 3412 1359 3457 nostraexan·

567 3482 1356 3568 ditareminquanieinus,bertrittenotntetttanostrapte.

570 3588 606 3637 n,
618 3572 665 3639 tat
674 3590 682 3639 ;
692 3576 815 3644 quoniam
824 3579 1178 3647 quamlibetlortitereontra
1186 3584 1359 3641 vitiadimiee·

569 3679 643 3730 nitas,
656 3663 778 3722 homines
791 3683 897 3736 sunaus;
909 3670 1054 3727 beianum
1067 3675 1150 3745 gratia
1161 3675 1199 3730 sio
1212 3690 1261 3730 nos
1273 3676 1298 3731 in
1307 3676 1358 3733 hoc

568 3757 733 3825 eormptibill
749 3774 860 3830 corpore
870 3760 977 3832 adiuvat
992 3763 1167 3831 dimicantes;
1181 3777 1272 3821 utnon
1288 3767 1357 3824 desit

569 3851 753 3919 propterquod
761 3853 994 3909 exaudiatveniam
1004 3857 1178 3925 postulantes.
1188 3857 1267 3911 istam
1277 3874 1358 3930 super

569 3953 619 3994 uos
632 3940 679 3994 Dei
693 3941 914 4010 misericordiam,
930 3945 1005 4000 robis
1018 3948 1195 4001 neeessariam
1212 3963 1263 4003 iton
1280 3959 1357 4018 puta·

570 4029 618 4094 tis;
634 4031 758 4101 quoniam
771 4048 804 4088 ex
817 4048 968 4090 conumero
981 4036 1055 4102 estis,
1067 4037 1100 4092 de
1113 4037 1209 4106 quibus
1220 4038 1246 4093 ιιι
1254 4039 1358 4096 Psalmo

569 4118 731 4189 dictumest,
747 4121 797 4190 Qui
809 4123 942 4193 confidant
953 4126 979 4178 in
996 4127 1086 4182 virtute
1101 4144 1148 4182 rua
1160 4125 1245 4201 (Prot.
1259 4144 1357 4195 xtrtn,

571 4208 612 4279 ι).
627 4210 678 4265 Sed
691 4214 1197 4297 quantomeliusaudimusdmlrrosium
1208 4215 1235 4273 ln
1247 4218 1315 4274 libro
1324 4219 1358 4276 de

570 4299 642 4370 liuga
653 4302 741 4358 seculi
756 4303 904 4360 dicentem:
916 4306 1069 4379 «Frequens
1077 4309 1155 4364 nobis
1166 4309 1200 4365 de
1210 4309 1359 4380 effugiendo

571 4390 622 4443 ista
647 4391 746 4447 saeculo
773 4402 814 4449 est
827 4410 916 4450 sermo
940 4408 1041 4468 :atque
1060 4399 1161 4455 utinam
1174 4416 1252 4470 quam
1275 4400 1358 4457 suellis

570 4497 675 4548 sermo,
699 4493 751 4538 tarn
776 4496 870 4543 cautos
884 4497 911 4543 et
924 4490 1053 4545 sollicitus
1075 4491 1194 4548 allectus.
1219 4493 1271 4548 Sed
1288 4494 1358 4564 ‹qttod

571 4572 646 4641 pejus
659 4581 709 4641 est,
722 4574 875 4647 lreqttenter
888 4580 980 4650 irrepit
993 4592 1156 4638 terrenarum
1174 4584 1299 4640 illecebra
1313 4602 1360 4643 cu-

571 4663 727 4734 piditatum,
740 4677 767 4722 et
779 4670 923 4724 vanitatum
944 4671 1040 4728 ollusio
1060 4686 1177 4730 mentem
1192 4687 1315 4745 occupat,
1331 4688 1360 4734 ut

571 4754 641 4820 tyuod
653 4756 760 4812 studeas
772 4759 877 4826 vitare,
892 4761 942 4816 boc
962 4762 1080 4832 cogites,
1094 4767 1236 4837 animoque
1256 4769 1357 4825 volvas.

570 4842 646 4911 Quod
658 4862 751 4902 cavere
759 4848 866 4906 dil'lteile
879 4861 919 4906 est
933 4852 1043 4920 bomini,
1055 4843 1247 4912 extremautem
1258 4859 1359 4928 impos·

572 4935 657 4990 sibile.
674 4937 790 5008 lleniqne
806 4942 857 4994 nni
877 4943 961 5013 magis
978 4958 1036 4998 eam
1052 4960 1111 5000 esse
1131 4962 1278 5017 remquam
1294 4947 1359 5004 elle·

573 5034 641 5091 etus,
656 5036 767 5083 testatur
781 5031 907 5101 propbeta
922 5033 1045 5098 dicendo,
1059 5035 1165 5091 Bretina
1180 5054 1224 5091 cor
1237 5055 1319 5093 arreum
1333 5041 1359 5094 in

571 5118 712 5171 testimonio
727 5129 780 5184 tuo,
793 5130 815 5173 et
824 5136 872 5175 non
883 5124 908 5175 in
917 5124 1046 5178 moenum
1060 5144 1068 5177 ι
1087 5124 1172 5194 (Paul.
1189 5141 1279 5190 cavan,
1295 5130 1357 5200 36).

574 5223 583 5256 ι
598 5205 655 5260 lion
670 5208 779 5262 enimin
794 5221 924 5281 potestate
939 5226 1028 5268 nostra
1050 5227 1090 5271 est
1111 5233 1158 5271 cor
1172 5227 1291 5273 nostrum
1306 5261 1314 5284 ,
1329 5230 1357 5276 et

572 5306 669 5352 trustem
683 5301 874 5369 cagitationes,
890 5321 950 5374 qna
963 5306 1106 5376 improviso
1118 5308 1209 5364 obtrsae
1222 5351 1229 5375 ,
1243 5319 1359 5366 mentem

569 5387 741 5460 animumque
756 5392 939 5462 conlmtdunt,
959 5406 1038 5467 atque
1055 5400 1107 5454 alio
1120 5400 1229 5454 trabunt
1240 5416 1318 5470 quam
1333 5412 1361 5459 tu

571 5482 756 5550 proposueris,
774 5484 806 5538 atl
825 5487 960 5542 saecularia
980 5498 1123 5556 revocant,
1139 5491 1273 5547 mundana
1287 5493 1361 5548 inse·

571 5581 642 5638 nint,
652 5572 818 5644 voluptuaria
829 5576 963 5647 ingerunt,
977 5578 1131 5635 illecebrosa
1143 5581 1273 5653 intexunt,
1287 5583 1360 5654 ipso·

570 5678 621 5732 qne
634 5664 659 5717 in
675 5676 794 5736 tempore
804 5682 857 5737 quo
867 5669 972 5724 elevare
982 5680 1097 5724 mentem
1110 5686 1244 5740 paramus,
1253 5673 1360 5729 insertis

570 5757 694 5813 inanibus
706 5760 921 5829 cogitationibus,
935 5762 968 5818 ad
984 5771 1090 5819 terrena
1101 5766 1256 5834 plerumque
1266 5763 1359 5836 dejici-

570 5864 630 5903 mur
644 5868 653 5900 ι
670 5850 746 5920 (Cap.
761 5851 804 5922 l).
820 5852 883 5907 llaec
895 5854 918 5908 si
933 5869 980 5910 vos
993 5870 1046 5909 non
1068 5855 1205 5925 patimini;
1221 5856 1358 5926 ignoscite,

571 5951 623 5990 non
635 5939 711 5992 robis
724 5940 869 6008 credimus,
882 5941 930 5997 sed
944 5943 970 5997 in
982 5943 1023 5998 bis
1034 5944 1121 6013 potius
1131 5945 1215 5999 sancti
1226 5946 1358 6002 Ambrosii

570 6028 661 6084 serbis
669 6029 801 6099 quoddam
814 6033 960 6103 specuium,
972 6042 999 6089 et
1010 6033 1059 6089 lroc
1073 6035 1095 6090 si
1109 6034 1273 6104 prolleimus,
1287 6052 1358 6092 com·

570 6118 660 6174 munis
672 6119 796 6176 humanae
809 6122 968 6180 inlirmitatis
978 6125 1157 6193 agnoscimus.
1175 6124 1257 6180 Vobis
1271 6135 1358 6182 autent
1395 6135 1396 6138 ’

570 6206 674 6264 etiamsi
685 6210 834 6278 credamus,
847 6221 875 6269 et
883 6213 1012 6279 dicamus,
1024 6213 1104 6268 Orate
1116 6216 1259 6283 pronubis,
1271 6225 1300 6271 ut
1310 6232 1359 6272 trec

572 6282 691 6353 »mista
707 6300 853 6369 patianmr3
874 6303 909 6358 ita
923 6319 969 6358 nos
990 6304 1138 6362 invenimus
1157 6305 1240 6360 elatos
1258 6316 1283 6360 et
1303 6307 1353 6360 alta

1236 897 1335 955 tinnit
1354 894 1544 958 SECUNDUS.

478 1055 481 1061 ·
558 1026 632 1089 quat,
656 1035 665 1068 ι
683 1029 717 1069 nc
735 1029 785 1086 qua
799 1014 835 1069 slt
849 1025 907 1085 post
921 1015 999 1085 lrans
1012 1014 1071 1069 vitae
1087 1014 1246 1069 curriculum
1264 1024 1353 1069 nostra

2148 908 2200 965 tan

1411 1016 1544 1085 sapientes
1556 1027 1583 1071 nt
1597 1020 1778 1088 respondeatis
1789 1020 1885 1087 nobis,
1901 1035 1953 1075 non
1972 1022 2059 1077 solum
2080 1023 2128 1078 ista
2151 1042 2197 1080 tos

1409 1122 1462 1159 raon
1477 1107 1547 1176 pati,
1563 1110 1748 1163 verumetiam
1765 1111 1790 1164 in
1808 1110 1993 1167 bominisesse
2008 1117 2207 1182 potestatam

1409 1196 1457 1250 ista
1473 1198 1598 1266 patiatur,
1615 1216 1664 1255 rrcc
1678 1217 1738 1256 esse
1752 1216 1860 1281 causam
1873 1203 1967 1258 carad
1981 1204 2031 1260 ltoe
2044 1206 2089 1260 bei
2105 1219 2199 1277 poseo

1410 1296 1452 1339 tut·
1462 1288 1599 1343 auxilinm.

1443 1380 1488 1435 fil.
1504 1380 1609 1446 Qttatrto
1630 1398 1694 1454 ergo
1713 1384 1808 1439 melitis
1830 1384 1974 1442 itlettlitlem
1998 1389 2120 1443 audimus
2135 1390 2200 1444 Attr-

1409 1471 1526 1527 brnsimn
1542 1474 1587 1529 [lei
1599 1476 1711 1545 gratiam
1727 1462 1896 1535 conlitentem
1909 1496 1983 1546 ,trec
1993 1482 2082 1537 desua
2100 1484 2197 1539 virtute

1409 1564 1597 1629 cottlldentem,
1612 1566 1657 1634 qni
1678 1583 1739 1621 cum
1764 1569 1821 1623 lime
1841 1569 1952 1626 dixisset
1966 1571 2063 1640 adjecit
2079 1590 2086 1626 :
2105 1591 2114 1624 ι
2133 1572 2198 1643 Quis
2225 1582 2227 1590 '

1409 1664 1499 1708 autem
1512 1658 1680 1722 tambeatus,
1692 1658 1735 1726 qui
1750 1660 1775 1712 in
1784 1661 1864 1716 eorde
1877 1678 1925 1716 sno
1937 1679 2043 1734 semper
2052 1666 2198 1723 ascendat?

1410 1743 1462 1800 Sed
1476 1744 1527 1800 ltoc
1548 1747 1605 1801 sine
1628 1748 1729 1802 auxilio
1748 1748 1838 1803 divino
1861 1752 1906 1820 qui
1921 1750 1978 1808 lieri
2000 1756 2108 1823 potest?
2121 1756 2200 1811 Nullo

1410 1835 1530 1906 prolecto
1554 1838 1643 1893 tundo.
1662 1839 1799 1910 Denique,
1817 1860 1827 1894 ι
1850 1841 1952 1913 inquit,
1984 1862 1994 1895 ι
2012 1861 2090 1915 supra
2105 1846 2198 1902 eadent

1408 1927 1543 2000 Scriptura
1560 1929 1623 1984 dicit
1639 1946 1646 1983 :
1662 1929 1756 1986 beator
1770 1933 1891 2005 eircuy‘ns
1901 1944 1937 1987 est
1954 1936 2078 1989 auriliana
2088 1938 2142 2008 ry'nr
2156 1936 2200 1993 air

1410 2029 1443 2085 te,
1456 2018 1704 2084 Dorrrine5ascensur
1713 2021 1740 2075 in
1750 2022 1826 2077 cortic
1835 2024 1889 2094 ejus
1904 2042 1914 2075 ι
1929 2022 2014 2095 (Psoi.
2026 2042 2136 2090 trrxttt,
2147 2026 2198 2098 lii:

1413 2129 1422 2162 t
1438 2112 1555 2180 itemque
1571 2111 1640 2165 idem
1654 2112 1710 2181 ipse
1724 2114 1749 2167 in
1759 2112 2047 2170 librochacramento
2060 2131 2202 2187 regenera-

1411 2202 1512 2257 tionis:
1530 2220 1539 2253 ι
1557 2201 1622 2270 Quis
1636 2202 1718 2272 igitur
1729 2211 1780 2271 est,
1798 2222 1809 2258 ι
1826 2204 1921 2274 inquit,
1938 2224 1948 2257 ι
1966 2209 2012 2275 qni
2026 2221 2106 2261 carne
2119 2206 2202 2262 utitur

1410 2296 1442 2350 ad
1455 2295 1631 2367 operandum,
1645 2296 1695 2352 nisi
1708 2296 1815 2351 animal
1834 2299 1904 2367 Ergo
1917 2299 2040 2371 princeps
2053 2308 2081 2355 et
2094 2299 2200 2355 domina

1410 2388 1497 2440 carnis
1511 2387 1669 2441 naturaiiter
1689 2386 1777 2441 anima
1801 2398 1861 2452 est,
1882 2404 1941 2460 quae
1961 2389 2072 2445 domare
2092 2405 2200 2446 earrtem

1409 2478 1488 2533 tlebct
1496 2490 1523 2534 et
1534 2495 1637 2549 regere.
1648 2479 1762 2549 ideoque
1770 2479 1884 2549 Spiritus
1895 2482 1978 2538 saneti
1989 2481 2055 2538 lulta
2065 2482 2199 2552 prasidio,

1409 2568 1474 2624 elicit
1496 2570 1522 2623 ln
1539 2570 1662 2637 l‘salnm,
1687 2568 1748 2625 Non
1770 2570 1860 2626 timebo
1873 2571 1935 2641 quid
1947 2572 2024 2641 [aaut
2039 2572 2102 2625 milri
2111 2588 2174 2627 roro
2187 2592 2197 2625 r

1410 2659 1495 2730 (l'sui.
1505 2676 1548 2726 tv,
1556 2661 1594 2732 5).
1610 2680 1619 2711 ι
1635 2661 1693 2730 ipsa
1708 2660 1800 2717 eadem
1809 2660 1874 2716 dicit
1887 2661 1913 2716 ln
1927 2660 2020 2727 Panlo,
2036 2661 2089 2717 Sed
2101 2662 2201 2733 castigo

1410 2756 1886 2829 corporntntm,etsemitatiretligor(l
1896 2756 1954 2812 Cor.
1963 2755 2202 2829 tx,27).tCastigat

1410 2862 1473 2917 crgo
1483 2848 1581 2904 Paulus
1596 2849 1664 2918 qtrod
1678 2849 1760 2919 ipsius
1773 2859 1824 2917 cst,
1840 2866 1892 2904 non
1905 2850 1976 2921 quod
1991 2851 2048 2919 ipse
2057 2858 2109 2904 est.
2119 2849 2198 2905 Aliud

1410 2938 1481 2993 enirn
1500 2941 1569 3009 quod
1590 2940 1687 3011 ipsius,
1702 2941 1774 2997 aliud
1791 2941 1861 3012 quod
1881 2941 2198 3013 ipseest.castigatquott

1410 3029 1494 3099 ipsius
1507 3039 1557 3096 ost,
1574 3042 1604 3087 ut
1617 3042 1731 3088 mortem
1743 3033 1769 3086 in
1781 3047 1811 3087 so
1826 3032 1940 3088 lascivias
1951 3033 2100 3103 corporalis
2113 3034 2200 3103 iustu.

1410 3132 1545 3191 operetur.
1565 3142 1574 3174 ι
1590 3122 1722 3193 Numquid
1742 3132 1850 3178 sanctus
1862 3123 2019 3179 Ambrosius
2031 3124 2138 3195 qnando
2150 3124 2201 3180 ista

1411 3210 1533 3277 dicebat,
1547 3227 1599 3267 non
1612 3228 1672 3268 cum
1686 3213 1756 3268 vitiis
1772 3212 1951 3283 contigebat?
1964 3229 2019 3269 non
2033 3214 2097 3269 vitia
2109 3214 2201 3269 rinec-

1411 3302 1475 3358 bart
1492 3318 1545 3357 non
1557 3304 1701 3359 exereitum
1716 3304 1858 3374 quemdam
1876 3304 2010 3360 variarum
2024 3304 2198 3375 cupiditatum

1411 3392 1479 3446 intra
1495 3402 1581 3449 semet
1595 3394 1699 3462 ipsum,
1716 3404 1840 3463 tanquam
1860 3386 1958 3449 Christi
1977 3395 2055 3449 miles
2076 3394 2200 3465 egregius

1410 3482 1576 3538 dcltcllnbatl
1586 3499 1639 3539 non
1649 3486 1887 3554 eorpusproprium
1895 3484 2195 3557 castigabatlllumqnid

1412 3594 1464 3630 ιιιιιι
1478 3577 1609 3644 superatis
1622 3586 1651 3631 et
1668 3576 1826 3646 oppugnatis
1844 3574 1944 3631 diaboli
1963 3574 2109 3645 operibuS,
2132 3591 2199 3646 aput

1412 3666 1456 3720 ltei
1472 3680 1531 3720 enm
1544 3680 1625 3736 opere
1638 3666 1696 3734 Dei,
1709 3666 1759 3722 ltoc
1771 3676 1823 3732 est,
1837 3665 1924 3722 anima
1939 3682 1999 3721 enm
2010 3681 2091 3722 carne
2105 3681 2198 3737 pacem

1408 3758 1519 3828 justitian
1533 3757 1703 3828 requirebat,
1719 3765 1749 3813 nt
1763 3773 1815 3812 non
1830 3758 1858 3812 in
1872 3774 1919 3813 sut
1932 3757 2029 3812 virtute
2043 3757 2198 3823 conrident,

1411 3852 1458 3906 sed
1473 3853 1541 3907 sicut
1553 3853 1601 3919 ait,
1618 3870 1628 3904 ι
1647 3851 1763 3923 Spiritus
1775 3851 1859 3908 sancti
1872 3851 1936 3906 lulta
1951 3851 2075 3921 prasidio
2088 3852 2199 3918 diceret,

1412 3941 1473 3997 Ilion
1487 3941 1577 3998 timebo
1594 3942 1656 4014 qaid
1676 3943 1753 4016 sorim
1774 3943 1837 3997 milri
1850 3941 1933 3998 carol
1949 3961 1959 3996 ι
1980 3941 2051 3998 Eece
2066 3939 2201 4012 quomodo

1412 4045 1505 4089 aratura
1521 4033 1636 4097 bumana
1646 4049 1730 4103 capax
1739 4033 1937 4102 justificationis
1950 4032 2099 4087 ostenditur
2114 4049 2121 4086 :
2134 4045 2199 4087 ecce

1411 4123 1546 4193 quomodo
1568 4124 1651 4178 virtus
1679 4123 1705 4177 in
1731 4121 1883 4179 infirmitate
1908 4121 2046 4193 perlicitur
2071 4122 2109 4192 (ll
2135 4119 2195 4177 Gor.

1411 4232 1463 4279 xn,
1480 4215 1525 4282 a).

1446 4308 1490 4363 25.
1511 4307 1564 4364 Sed
1582 4307 1721 4363 audiamus
1739 4308 1773 4364 de
1795 4307 1846 4363 bac
1867 4323 1897 4363 re
1918 4308 1998 4363 etiam
2012 4307 2201 4364 victoriosissi-

1412 4414 1484 4453 mum
1495 4408 1637 4470 martyrem
1648 4399 1808 4471 cyprianum
1821 4398 1848 4453 in
1860 4398 1971 4468 epistola
1980 4396 2016 4453 de
2025 4396 2199 4453 llortalitate:

1414 4509 1425 4544 ι
1447 4491 1513 4546 crim
1525 4491 1636 4546 avaritia
1657 4492 1749 4558 nobis,
1767 4511 1777 4546 ι
1795 4492 1897 4562 inquit,
1915 4509 1925 4543 ι
1943 4505 2004 4545 cum
2017 4484 2198 4561 impudicitia,

1412 4598 1472 4637 cum
1487 4583 1542 4646 ira,
1556 4597 1616 4637 curn
1632 4583 1777 4637 ambitione
1791 4581 1944 4654 congressio
1958 4590 1997 4636 est
2007 4597 2014 4647 ;
2026 4596 2086 4634 cum
2100 4595 2198 4636 earna-

1412 4674 1481 4729 libu's
1495 4675 1576 4737 vitiis,
1592 4690 1652 4729 cum
1664 4674 1796 4729 illecebris
1805 4673 1975 4729 secularibus
1984 4671 2089 4727 assidua
2102 4678 2130 4727 et
2142 4687 2200 4727 tnn-

1412 4765 1478 4819 lesta
1494 4764 1602 4819 luctatio
1617 4774 1668 4819 est.
1684 4763 1799 4819 Obsessa
1813 4777 1888 4817 mens
1903 4761 2028 4828 hominis,
2042 4770 2070 4816 ct
2083 4761 2199 4831 undique

1412 4855 1510 4911 diaboli
1524 4853 1693 4909 intestatione
1705 4854 1801 4907 vallata
1815 4895 1821 4915 ,
1834 4853 1878 4906 vir
1893 4852 2010 4907 occurrit
2021 4851 2143 4921 singulis,
2154 4850 2197 4905 rix

1412 4946 1521 5000 resistit.
1539 4944 1567 4998 st
1580 4943 1690 4998 avaritia
1703 4950 1834 5013 prostrata
1848 4951 1906 5008 est,
1921 4942 2040 5012 exsurgit
2056 4940 2137 4998 libido
2154 4957 2161 4992 e
2177 4943 2200 4996 si

1412 5037 1495 5093 libido
1508 5051 1662 5107 compressa
1675 5043 1733 5100 est,
1749 5035 1868 5090 succedit
1889 5034 2001 5088 attrbitio
2021 5049 2029 5090 ε
2049 5034 2070 5087 si
2092 5032 2201 5088 ambitio

1412 5138 1563 5198 contempta
1578 5138 1629 5192 est,
1643 5128 1681 5182 ira
1694 5136 1845 5203 exasperat,
1860 5126 1934 5183 inllat
1947 5127 1956 5160 ¹
1973 5127 2108 5198 superbia,
2123 5128 2198 5181 rino·

1414 5221 1493 5274 lentia
1507 5221 1616 5286 invitat,
1632 5219 1729 5275 irtridia
1740 5218 1912 5274 cotrcordiam
1925 5221 2043 5289 rumpit,
2057 5217 2200 5272 amicitiam
2226 5245 2230 5252 ‚

1413 5307 1488 5366 relus
1500 5310 1640 5366 abscindit.
1655 5309 1765 5379 Cogeris
1780 5308 1957 5372 maledicere,
1972 5308 2041 5376 qtrntl
2056 5307 2144 5361 divina
2157 5306 2201 5361 lex

1415 5400 1553 5470 probibet;
1575 5399 1743 5470 compelleris
1762 5399 1872 5468 jurare,
1894 5397 1964 5468 quoti
1985 5412 2038 5450 uon
2060 5395 2201 5452 licetine

1413 5493 1614 5562 persecutiones
1634 5492 1740 5546 animus
1754 5490 1871 5561 quotidie
1885 5490 2003 5561 patitur,
2020 5495 2060 5542 tnt
2073 5486 2200 5555 periculis

1412 5591 1506 5654 pectus
1527 5591 1649 5652 urgetur,
1663 5591 1690 5637 et
1709 5582 1825 5636 delectat
1845 5581 1888 5634 bie
1912 5566 1980 5632 inter
1993 5578 2088 5632 diaboii
2098 5576 2201 5646 gladios

1413 5674 1458 5730 diu
1468 5684 1550 5738 stare,
1560 5687 1621 5729 cum
1630 5674 1712 5743 magis
1720 5671 1961 5742 concupiscendum
1970 5668 2199 5738 sitetoptandmn,

1413 5767 1446 5822 ad
1459 5766 1593 5822 Christum
1605 5764 1779 5820 subveniente
1789 5763 1907 5818 uelocius
1922 5770 2007 5817 morte
2016 5775 2198 5830 properare-r

1413 5857 1491 5912 tlbsit
1503 5866 1591 5911 autern
1607 5864 1636 5909 ut
1649 5863 1769 5910 sanetum
1789 5852 1948 5923 cyprianum
1961 5860 2007 5904 aut
2021 5866 2130 5905 avarum
2145 5851 2201 5905 eri·

1412 5947 1552 6001 stimemns
1567 5945 1661 6007 tuisse,
1676 5943 1736 6012 quia
1752 5958 1812 5996 cum
1827 5941 1935 5997 avaritia
1947 5957 1955 5999 ;
1969 5949 2014 5995 aut
2026 5940 2199 6010 impudicum.

1412 6036 1473 6104 quia
1487 6050 1546 6089 cunt
1561 6031 1741 6101 irnputlicitia3
1757 6040 1803 6084 aut
1825 6031 1870 6085 irae
1892 6028 2046 6096 subditum,
2066 6030 2128 6100 quia
2140 6044 2203 6083 euro

1444 6254 1451 6285 ¹
1470 6258 1540 6308 tor..
1558 6250 1638 6302 instat
1663 6257 1771 6301 attamen
1796 6260 1884 6312 supra,
1905 6253 1988 6299 oontm
2009 6248 2073 6298 duas
2087 6246 2198 6310 epistota

1414 6313 1594 6373 religianorum
1605 6312 1665 6362 libro
1678 6312 1700 6372 l,
1722 6325 1745 6360 n.
1764 6307 2104 6371 ibettmalllsllbrisdndat.
