5592 7350
662 917 715 973 387

665 1033 704 1084 eis
718 1023 817 1089 audiri,
831 1020 875 1091 qui
893 1018 983 1088 utique
995 1016 1021 1070 io
1036 1011 1156 1070 Ecclesia
1171 1008 1300 1065 ertlrolica
1320 1002 1456 1060 constituti

665 1126 728 1173 sont
742 1112 899 1187 presbytcri.
912 1108 1038 1164 Paulinus
1052 1104 1089 1175 (o)
1105 1102 1233 1158 diaconus
1247 1098 1314 1153 dixit
1330 1095 1396 1152 :bic
1411 1106 1458 1146 uo·

667 1211 706 1264 bis
725 1205 833 1261 nentina
855 1202 982 1270 ipsorum.
1001 1194 1142 1252 Coelestius
1163 1191 1230 1245 dixit
1244 1206 1251 1241 ε
1265 1188 1380 1243 Sanctus
1394 1197 1457 1253 pre·

666 1299 757 1369 slqter
769 1293 881 1348 Rufinus
892 1288 928 1359 (b)
941 1288 1032 1342 llomm
1045 1285 1089 1355 qni
1103 1281 1201 1337 ntarrsit
1213 1295 1272 1334 cum
1282 1275 1460 1332 sanctoPam·

666 1385 772 1442 macbio
798 1403 804 1438 :
827 1397 876 1454 ego
899 1378 986 1435 audiri
1007 1377 1081 1431 illum
1105 1373 1257 1437 dicentem,
1280 1370 1341 1437 quia
1364 1365 1458 1423 tradux

667 1477 768 1548 peceati
785 1490 836 1529 oon
852 1474 896 1528 sit.
911 1472 1036 1527 Paulinus
1050 1467 1176 1523 diaeonus
1190 1463 1258 1518 dixit
1274 1479 1280 1513 :
1303 1460 1350 1526 Est
1363 1458 1460 1528 aliquis

668 1568 756 1624 alius?
770 1565 911 1622 Coelestius
923 1562 993 1617 dixit
1007 1602 1011 1610 .
1031 1557 1124 1613 Audiri
1137 1564 1164 1611 et
1178 1555 1268 1624 plures
1280 1552 1379 1607 dicere.
1393 1549 1461 1603 Pau·

669 1661 740 1716 lions
753 1660 880 1714 diaconus
894 1654 961 1711 dixit
975 1671 981 1706 :
997 1652 1044 1706 Die
1057 1650 1162 1705 nomina
1176 1649 1303 1718 ipsorum.
1319 1641 1461 1698 Caelestius

670 1751 737 1809 dixit
752 1770 759 1807 :
774 1750 831 1806 Nou
847 1748 891 1803 tibi
903 1744 1002 1802 sullrcit
1016 1756 1084 1797 unos
1097 1737 1242 1796 sacerdos?
1260 1756 1269 1790 r
1290 1735 1323 1791 Et
1338 1743 1396 1804 post
1412 1734 1461 1786 ali-

672 1861 723 1916 qua
744 1843 797 1897 alio
819 1842 877 1894 loco
897 1855 904 1891 :
928 1856 938 1890 c
955 1836 1077 1892 Aurelius
1091 1832 1230 1901 episcopus
1247 1827 1335 1882 dixit:
1352 1824 1461 1894 Reliqua

671 1938 752 1994 libelli
768 1937 897 2005 legantur.
915 1931 948 1986 Et
963 1928 1101 1984 recitatum
1123 1934 1175 1989 est,
1192 1920 1267 1989 Quod
1284 1918 1398 1973 infantes
1418 1912 1462 1984 qni

672 2035 834 2091 uascrnnor,
857 2024 883 2077 in
905 2036 937 2077 eo
959 2027 1028 2074 statu
1041 2017 1109 2080 sint,
1125 2014 1152 2068 in
1166 2027 1219 2083 qno
1235 2010 1283 2065 luit
1298 2007 1381 2062 Adam
1401 2012 1463 2060 ante

672 2116 909 2185 transgressionem
925 2128 932 2163 z
948 2122 1031 2179 usque
1050 2107 1076 2161 iu
1095 2104 1175 2159 lluem
1193 2101 1273 2157 libelli
1289 2098 1400 2153 mitioris
1419 2109 1465 2151 su·

671 2210 762 2280 purius
776 2202 878 2260 inserti.

708 2296 820 2352 CAPUT
839 2293 933 2348 lV.-r
945 2288 1067 2345 durrelius
1078 2285 1218 2356 episcopus
1230 2282 1296 2337 dixit
1312 2299 1318 2334 :
1336 2277 1463 2344 lincuisti,

673 2385 790 2452 Coelesti,
806 2381 955 2453 aliquando,
972 2387 1001 2433 ut
1019 2378 1086 2432 dixit
1098 2377 1224 2431 diaconus
1244 2372 1378 2436 Paulinus,
1393 2368 1465 2439 quod

673 2478 786 2534 infantes
801 2475 844 2545 qni
863 2478 1023 2535 naseuntur,
1040 2470 1195 2523 incestato
1213 2465 1284 2530 siut,
1305 2463 1331 2515 iu
1349 2475 1402 2531 quo
1417 2457 1466 2513 tou

673 2569 757 2625 Adam
775 2576 837 2622 antu
850 2552 1104 2634 transgressionem!
1123 2555 1264 2614 Coelestius
1283 2552 1466 2621 dirit:Expo·

673 2670 720 2716 nat
740 2657 802 2729 qnid
816 2656 896 2719 utsii,
918 2656 988 2708 Ante
1008 2650 1257 2720 transgressionem.
1271 2644 1394 2699 Paulinus
1409 2640 1466 2695 diu·

673 2765 757 2805 conus
769 2748 834 2804 dixit
851 2764 857 2799 :
874 2745 914 2800 'Pu
927 2760 993 2815 nega
1012 2743 1063 2797 boc
1083 2748 1111 2796 te
1133 2739 1267 2794 docuisse.
1286 2734 1372 2792 Urinam
1389 2741 1430 2789 est
1449 2747 1466 2789 e

673 2842 785 2904 duobus,
803 2848 845 2893 aut
861 2846 938 2908 uegct
950 2850 980 2892 se
993 2834 1125 2899 allicuisse,
1136 2841 1181 2885 aut
1192 2831 1247 2900 jam
1259 2828 1368 2883 damnet
1382 2824 1465 2880 istud.

673 2930 813 2989 Coelestius
825 2929 913 2984 dixitx
928 2926 986 2982 lant
1000 2924 1064 2991 dixi,
1087 2930 1202 2994 exponat
1222 2919 1355 2989 quomodo
1376 2916 1443 2994 dixit
1456 2956 1464 2985 ,

674 3025 743 3079 Ante
756 3020 1004 3091 transgressionem.
1019 3015 1146 3072 Paulinus
1160 3008 1465 3081 circumueniendum

673 3124 702 3169 te
722 3114 765 3166 illa
786 3110 918 3165 docuisse.
940 3107 1063 3162 aurelios
1086 3105 1227 3175 episcopos
1251 3101 1318 3156 dixit
1340 3118 1347 3152 t
1371 3100 1465 3169 llogo,

674 3202 736 3274 quid
762 3200 913 3269 collegerim
937 3213 986 3268 cgo
1010 3214 1043 3251 ex
1066 3194 1145 3265 brtjus
1167 3195 1174 3225 ¹
1195 3192 1366 3261 objectione,
1387 3184 1465 3255 dico,

674 3294 759 3350 Adam
773 3294 932 3348 constitutus
945 3289 971 3344 in
985 3288 1126 3360 paradiso,
1143 3285 1214 3357 qnod
1230 3293 1292 3338 aruc
1306 3284 1409 3338 dicatur
1423 3283 1465 3337 in·

674 3384 882 3443 exterminabilis
906 3382 1011 3449 lactus,
1039 3389 1129 3451 postea
1155 3394 1203 3450 per
1229 3377 1466 3447 transgressionem

674 3477 798 3549 precepti
825 3474 910 3530 lactus
933 3476 969 3529 sit
990 3472 1178 3542 corruptibilis.
1205 3471 1260 3525 lloc
1283 3469 1358 3533 dieis,
1384 3468 1469 3522 irater

674 3567 802 3622 Pauline?
815 3565 940 3619 Paulinus
953 3564 1080 3618 diaeonus
1093 3562 1158 3617 dixit
1174 3580 1180 3615 :
1196 3562 1261 3626 lior,
1278 3560 1395 3614 drrnrioe.
1411 3559 1466 3613 du·

674 3658 755 3713 relius
776 3656 916 3727 episeopus
938 3653 1004 3708 dixit
1023 3670 1029 3707 :
1048 3653 1139 3707 Status
1158 3661 1230 3706 cene
1245 3649 1373 3705 inlantum
1387 3648 1466 3705 bodie

674 3748 902 3819 baptizandorum,
917 3756 1004 3799 utrum
1019 3745 1078 3798 tntis
1092 3744 1136 3809 sit,
1151 3744 1236 3812 qualis
1250 3743 1369 3796 initante
1380 3750 1467 3797 tranrs-

673 3841 837 3913 gressionem
849 3838 927 3902 udae,
945 3852 977 3889 an
992 3845 1064 3890 certe
1078 3835 1111 3889 de
1122 3835 1215 3888 eadem
1228 3835 1331 3904 origine
1346 3834 1463 3904 precanti,

674 3932 708 3988 dc
721 3947 771 4003 qna
784 3930 910 3993 nascitur,
926 3926 1145 3997 transgressionis
1165 3925 1269 3994 eulpam
1290 3926 1394 3990 trolrat3
1416 3925 1467 3980 boc

675 4025 729 4077 ertit
758 4022 884 4076 diaconus
905 4018 1031 4072 Paulinus
1064 4015 1165 4071 audire.
1191 4014 1317 4071 Paulinus
1338 4016 1466 4071 diaeonus

674 4112 761 4168 dixit:
778 4109 871 4164 Utrum
891 4107 981 4163 docuit
1001 4107 1065 4175 lroc,
1089 4121 1123 4161 ao
1138 4121 1191 4161 non
1206 4108 1305 4177 neget?
1325 4107 1466 4163 Coelestius

673 4203 741 4258 dixit
756 4201 834 4256 :iam
847 4199 880 4255 de
894 4199 1001 4255 traduce
1015 4198 1115 4268 peccati
1128 4196 1195 4260 dixi,
1210 4197 1271 4266 qnia
1284 4197 1352 4250 intra
1365 4196 1465 4251 unruo-

674 4293 752 4349 lieam
765 4291 924 4347 constitutos
936 4290 1027 4360 plnres
1044 4287 1133 4343 audiri
1154 4288 1309 4354 destruere,
1325 4303 1428 4343 necnon
1440 4296 1468 4343 et

673 4382 740 4437 ulios
759 4389 901 4436 astruere:
917 4380 979 4434 Ιίεει
990 4378 1144 4449 questionis
1162 4393 1207 4434 res
1221 4378 1329 4444 sitista,
1345 4391 1397 4433 non
1410 4378 1467 4434 bac-

673 4473 750 4529 resis.
763 4470 880 4527 tutantes
892 4485 997 4538 sempor
1007 4468 1060 4524 dixi
1075 4482 1157 4539 egere
1170 4468 1315 4538 Pamisum,
1326 4482 1358 4523 ac
1368 4467 1467 4525 debere

674 4562 802 4634 baptizari
819 4580 825 4615 :
840 4560 902 4631 quid
916 4559 1010 4631 quaerit
1022 4556 1113 4613 aiindl
1127 4576 1136 4610 r

709 4655 736 4710 i.
753 4652 854 4721 Nempe
869 4650 979 4705 cernitis
996 4650 1034 4704 sic
1048 4648 1202 4704 Coelestium
1223 4649 1388 4703 concessisse
1405 4655 1467 4719 par-

673 4744 743 4800 uulis
756 4743 929 4812 baptismum,
951 4749 980 4794 ut
1003 4739 1030 4795 in
1053 4755 1100 4794 cos
1120 4739 1234 4795 transire
1253 4740 1330 4810 primi
1349 4739 1467 4796 bonriois

674 4844 823 4907 peccatum,
839 4832 909 4904 quod
928 4832 1033 4886 laraero
1053 4831 1263 4901 regenerationis
1278 4832 1405 4901 abluitur,
1418 4848 1467 4889 no·

705 4988 715 5022 ¹
727 4987 763 5037 sle
773 4994 828 5037 tiss.
841 4991 869 5035 Λι
880 4986 948 5045 editi,
962 4984 1109 5047 ingemendi.

705 5049 742 5110 (oi
759 5047 872 5097 Paulinus
883 5046 1147 5104 ille,testettercatore
1159 5048 1182 5097 in
1194 5049 1378 5100 cnmntouitorio
1390 5063 1466 5115 super

618 5162 621 5167 ,
673 5109 772 5159 uontlrtc
786 5107 900 5166 coteste,
912 5107 1027 5157 dlaconus
1039 5109 1153 5156 ambrosii
1165 5107 1348 5160 mediolanensis
1359 5114 1466 5175 episcopi

672 5171 726 5228 exit,
740 5177 768 5219 et
777 5169 837 5218 uitae
848 5167 925 5225 illius,
946 5169 962 5216 b
978 5174 1058 5217 rtaute
1072 5169 1219 5230 augustino,
1242 5173 1359 5233 scriptor,
1382 5176 1465 5236 quise

673 5238 797 5283 uersatum
809 5229 900 5278 esseio
911 5227 1103 5290 alrimtestatur,
1117 5237 1144 5279 ει
1155 5231 1228 5280 sitam
1239 5233 1363 5295 scripsisse
1374 5241 1466 5286 Joaurre

674 5296 792 5357 praelecto
807 5290 935 5353 piraterio,
952 5289 1034 5347 idest,
1046 5303 1109 5340 anno
1120 5289 1174 5348 lli,
1186 5299 1227 5341 aut
1238 5293 1292 5351 tta,
1304 5302 1346 5344 aut
1357 5295 1411 5344 lad.
1423 5304 1465 5345 to·

672 5354 762 5403 ‹lleirnu
773 5363 846 5414 porro
856 5351 889 5400 de
905 5363 954 5414 qno
971 5353 1066 5413 agitur,
1077 5352 1220 5414 cartilagine
1236 5354 1344 5404 habitum
1355 5358 1401 5407 tuit
1419 5359 1466 5408 snb

575 5436 582 5446 ·
673 5416 770 5465 initium
778 5415 835 5463 anni
846 5411 907 5474 lli,
923 5426 955 5463 ex
965 5411 1066 5474 epismla
1076 5414 1106 5463 acl
1116 5417 1297 5474 triturantium,
1311 5417 1375 5468 iuter
1386 5427 1466 5483 augu-

673 5478 790 5585 stiqianas
800 5475 860 5586 ιῖἑ,
873 5488 914 5524 uu.
927 5473 938 5524 l
953 5475 1012 5524 etti.
1024 5475 1110 5525 couler
1121 5488 1194 5540 supra
1205 5511 1212 5537 ,
1235 5478 1323 5528 librum
1343 5480 1375 5530 dc
1386 5484 1466 5532 Gestis

672 5537 873 5660 Pedniitgrmtor
892 5598 917 5647 in
927 5574 1108 5649 mmmmimrio
1124 5599 1364 5651 adsersusbaercsim
1375 5602 1466 5666 relegit

593 5709 595 5712 ,
672 5661 773 5718 scribit,
796 5657 902 5708 nonnum
921 5660 1048 5723 quemdam
1068 5663 1166 5712 natione
1185 5668 1266 5725 syrtim
1284 5664 1330 5712 sub
1349 5667 1465 5716 anastasii

673 5721 810 5781 pontttteato
821 5727 915 5770 nontam
933 5723 1037 5782 primum
1057 5722 1181 5772 inuexisse
1219 5727 1362 5776 uacstlonem
1381 5735 1465 5777 eontra

672 5780 797 5831 traducem
805 5784 905 5843 prostati.
917 5789 938 5831 ts
946 5789 992 5843 cst,
1001 5782 1055 5832 aliis
1062 5785 1161 5846 quidem
1172 5791 1203 5832 uu
1237 5799 1267 5835 us
1276 5786 1463 5852 aquilegiensis,

673 5843 715 5904 qul
737 5841 849 5902 retum,
873 5845 951 5906 quoad
976 5856 1084 5894 errorem
1096 5847 1128 5895 de
1140 5846 1315 5910 oomrmrte'sio,
1339 5851 1464 5910 pramrisse

673 5911 770 5952 notator
785 5881 816 5953 air
834 5905 977 5968 ttieronymo
999 5906 1022 5953 io
1041 5906 1144 5968 epistola
1155 5909 1184 5956 ad
1201 5910 1397 5971 ctesiphontem:
1411 5911 1465 5962 aliis

673 5971 732 6035 roro
743 5964 838 6014 culinus
847 5964 925 6024 alter,
938 5979 970 6016 ex
989 5965 1021 6015 66
1031 5969 1168 6028 ttierousmi
1180 5971 1280 6032 epistola
1294 5980 1382 6031 uotns,
1398 5973 1465 6024 idem

673 6022 716 6073 rllc
727 6023 789 6075 lorte
800 6027 842 6090 qui
854 6027 945 6098 pemati
957 6027 1081 6079 traducem
1095 6029 1175 6093 rejicit
1192 6032 1216 6080 io
1229 6044 1259 6080 eo
1273 6031 1336 6084 libro
1347 6034 1379 6083 de
1390 6034 1463 6097 fide,

672 6097 748 6157 quem
758 6090 1007 6159 tacolrusnstrmondns
1027 6093 1125 6140 nomino
1137 6091 1210 6142 nullm
1223 6093 1354 6145 t‘altestinae
1365 6096 1464 6158 prosin-

672 6148 869 6218 compresbyteri
896 6149 1023 6201 urticam.
1036 6157 1107 6202 certe
1125 6151 1305 6216 aquilegiensis
1313 6159 1370 6214 rix,
1383 6170 1412 6207 ac
1432 6170 1464 6207 ue

672 6216 713 6256 nx
726 6163 902 6282 quidem'crecii
919 6213 1010 6274 possit,
1021 6221 1063 6263 aut
1074 6221 1169 6264 somam
1184 6216 1256 6268 trisse
1273 6217 1385 6270 routlbee
1403 6227 1464 6268 uua·

672 6272 1210 6332 mo,autrlnernnt¹aunnaebiomausisse
1276 6275 1282 6283 ’

1279 892 1298 948 i·
1328 885 1512 947 abuusttut
1534 869 1685 940 EPlSCOPi

2254 869 2303 931 iti

1509 998 1587 1053 luerit
1600 995 1740 1061 ccrnbteri,
1761 989 1881 1064 quanmis
1895 1001 1922 1046 et
1936 977 2035 1063 negare
2046 1004 2099 1045 non
2113 1004 2196 1046 ausus
2210 992 2246 1045 sit
2259 1010 2267 1045 :
2280 1002 2306 1047 et

1509 1096 1619 1159 propter
1633 1085 1701 1139 banc
1714 1083 1904 1140 dubitationem
1916 1097 1991 1139 suam
2006 1098 2059 1138 raon
2071 1082 2243 1140 damnauerit
2260 1099 2306 1140 eos

1509 1180 1554 1250 qui
1568 1178 1669 1241 dicunt,
1689 1195 1698 1228 r
1715 1174 1791 1243 Quod
1808 1182 1945 1245 peceatum
1967 1173 2032 1229 Aduo
2051 1175 2139 1245 ipsum
2152 1175 2241 1232 solum
2262 1175 2307 1233 le-

1510 1270 1592 1334 serit,
1612 1278 1640 1323 et
1658 1282 1710 1322 non
1730 1282 1816 1337 genus
1829 1264 1972 1320 lrunranom
1982 1281 1989 1331 ;
2001 1273 2028 1321 ct
2042 1266 2113 1337 quod
2134 1266 2251 1327 tricantes
2262 1271 2307 1339 qul

1510 1368 1665 1420 nascuntur,
1691 1358 1716 1412 in
1741 1371 1774 1411 eo
1794 1364 1866 1411 statu
1885 1355 1955 1422 sint,
1971 1356 1997 1411 in
2012 1372 2065 1428 quo
2078 1356 2164 1413 titiam
2183 1357 2233 1413 luit
2245 1367 2308 1414 ante

1512 1451 1766 1522 prevaricationem.
1786 1465 1796 1502 t

1547 1562 1660 1619 CAPUT
1679 1562 1712 1618 v.
1728 1592 1764 1603 -
1787 1562 1814 1617 5.
1845 1561 1873 1617 lo
1899 1561 1991 1619 libello
2014 1571 2104 1619 autem
2120 1579 2201 1633 quem
2214 1562 2307 1620 Rome

1513 1654 1606 1722 edidit,
1621 1654 1666 1724 qui
1678 1654 1760 1724 gestis
1774 1653 1810 1709 ibi
1824 1653 2012 1709 ecelesiasticis
2022 1654 2152 1724 allegatus
2161 1663 2215 1722 est,
2226 1656 2307 1712 itade

1514 1745 1564 1799 bac
1578 1760 1608 1799 re
1623 1743 1751 1813 loquitur,
1765 1753 1793 1797 ut
1808 1743 1860 1798 boc
1871 1758 1901 1799 se
1913 1743 2024 1799 credere
2035 1745 2169 1811 ostendat,
2183 1747 2252 1803 uode
2262 1745 2308 1803 irie

1514 1836 1635 1892 dubitare
1648 1851 1677 1892 se
1691 1836 1804 1890 dixerat.
1817 1835 1884 1890 Nom
1898 1836 1979 1890 rerba
1998 1836 2057 1904 eius
2072 1840 2121 1891 ista
2136 1847 2221 1893 sunt:
2238 1855 2248 1890 t
2267 1837 2309 1895 lu*
2317 1886 2323 1920 ,

1514 1928 1712 1990 iarrtesauteru,
1728 1947 1737 1981 r
1753 1928 1848 1997 inquit,
1866 1944 1875 1978 t
1892 1926 1990 1982 debere
2010 1925 2139 1996 baptizari
2160 1928 2188 1983 in
2211 1928 2309 1984 remis-

1514 2018 1618 2074 sionem
1641 2026 1821 2088 peccatorum,
1846 2016 1994 2072 secondum
2015 2017 2134 2087 regulam
2152 2017 2310 2074 unirersalix

1515 2108 1652 2175 Ecclesia,
1666 2116 1694 2162 et
1706 2106 1852 2163 secondum
1865 2107 2002 2178 Evangelii
2017 2109 2187 2174 sententiam,
2199 2110 2311 2165 eorrdte-

1516 2216 1596 2255 ntur:
1612 2202 1673 2271 quia
1685 2200 1813 2254 bomious
1825 2199 1918 2267 statuit
1932 2214 2042 2269 regnum
2060 2199 2190 2255 caelorum
2204 2200 2310 2257 uonttisi

1516 2290 1657 2361 baptizatis
1667 2305 1746 2360 posse
1760 2288 1875 2344 conierri
1889 2287 2031 2361 (lonium,
2047 2289 2075 2359 ὅ)
2086 2307 2094 2358 3
2107 2289 2179 2360 qnod
2197 2290 2259 2361 quia
2273 2293 2311 2345 ri·

1516 2396 1560 2436 res
1580 2391 1682 2436 nature
1702 2394 1755 2434 non
1780 2378 1889 2444 babent,
1911 2380 2026 2435 conlerri
2045 2380 2053 2411 ¹
2070 2395 2181 2436 necesse
2199 2389 2239 2436 est
2263 2394 2311 2451 pcr

1516 2473 1608 2543 grertiae
1624 2472 1775 2528 libertatem
1788 2473 1809 2521 ¹.
1827 2471 1878 2527 »Si
1892 2471 1955 2526 nibil
1971 2470 2004 2526 dc
2018 2470 2067 2527 bac
2084 2486 2114 2527 re
2132 2471 2259 2544 deinceps
2269 2472 2310 2527 di·

1516 2569 1610 2628 reret,
1631 2560 1691 2631 quis
1703 2577 1755 2616 oon
1770 2576 1833 2616 eum
1847 2560 1970 2616 crederet
1982 2561 2115 2629 conburi,
2129 2562 2209 2617 etiam
2223 2561 2314 2617 inlau-

1518 2638 1588 2708 tibu's
1605 2654 1632 2708 io
1652 2652 1788 2723 baptismo
1802 2652 1940 2723 originalia
1954 2659 2061 2722 peccota
2074 2652 2183 2719 dimitti,
2197 2652 2312 2708 dicendo

1517 2746 1603 2800 eosto
1627 2744 1810 2801 remissionem
1833 2752 2002 2814 peccatorum
2025 2745 2152 2812 baptizari
2167 2746 2314 2814 oportere?

1517 2836 1660 2907 ilioecrgo
1672 2844 1712 2892 est
1726 2844 1752 2892 et
1770 2834 1835 2891 iilud
1852 2835 1921 2905 quod
1938 2833 2092 2904 scripsistis,
2113 2835 2153 2894 sic
2172 2834 2250 2891 robis
2269 2852 2311 2893 re-

1517 2926 1659 2998 spondisse
1679 2926 1826 2997 Pelagium,
1845 2943 1855 2978 r
1871 2924 1942 2996 quod
1956 2926 2057 2981 eisdem
2076 2925 2173 2995 ‹pribus
2185 2936 2215 2983 et
2229 2926 2311 2998 nraje·

1518 3033 1562 3074 ttas
1577 3015 1741 3072 Srcmoreuti
1753 3015 1843 3072 serbis
1854 3015 2021 3086 baptizantur
2033 3015 2166 3083 iniantes;
2185 3035 2196 3069 r
2212 3032 2309 3088 rosque

1518 3109 1600 3164 [trisse
1613 3109 1725 3172 leutos,
1742 3108 1767 3163 id
1787 3108 1857 3178 quod
1876 3108 2023 3178 cupiebatis
2043 3108 2160 3173 audisse,
2182 3118 2209 3164 ει
2222 3120 2307 3165 tamen

1517 3200 1603 3257 adbuc
1617 3201 1650 3256 de
1665 3200 1752 3255 serbis
1767 3200 1825 3270 ejus
1839 3216 1888 3254 rrtrs
1902 3201 2025 3257 maluisse
2034 3201 2185 3257 consulere.

1552 3310 1668 3366 CAPUT
1687 3310 1732 3365 t‘t2
1753 3340 1788 3351 -
1802 3311 1828 3366 6.
1845 3309 1981 3366 tlttcndite
1994 3312 2082 3381 itaque
2093 3312 2156 3381 quid
2170 3311 2307 3368 Ccelesrios

1517 3403 1686 3502 apertissime
1702 3401 1810 3469 dixerit,
1833 3410 1861 3457 et
1875 3402 1910 3456 ibi
1925 3402 2047 3457 ridebitis
2065 3404 2128 3474 quid
2144 3404 2220 3458 robis
2235 3404 2309 3459 Pela·

1516 3492 1577 3563 gius
1589 3492 1770 3548 occultaverit.
1787 3492 1928 3548 Coelcstius
1941 3493 2038 3564 quippe
2050 3494 2179 3565 adjungit,
2192 3504 2219 3551 et
2229 3495 2308 3551 eliciti

1521 3603 1531 3639 r
1547 3585 1575 3640 lo
1589 3585 1774 3641 remissionem
1789 3593 1876 3640 autem
1898 3597 2065 3655 permaturum
2081 3587 2256 3656 baptizandos
2273 3589 2313 3644 im·

1518 3675 1620 3740 larrtes,
1637 3690 1689 3730 oon
1705 3675 1805 3732 idcirco
1817 3676 1942 3743 diximus,
1959 3686 1988 3731 ut
2006 3685 2142 3747 peceatum
2156 3678 2313 3735 extraduce

1519 3766 1625 3821 llrmarc
1636 3765 1773 3820 videamur
1787 3782 1794 3818 :
1806 3767 1876 3836 quod
1889 3767 1967 3837 longe
1980 3783 1995 3820 a
2007 3768 2139 3822 catholico
2149 3783 2231 3824 sensu
2244 3770 2313 3826 alie·

1518 3873 1581 3913 uum
1601 3868 1652 3913 est.
1668 3857 1733 3926 Quin
1749 3868 1887 3929 peecatum
1909 3874 1962 3912 non
1975 3874 2035 3913 curn
2050 3859 2159 3915 bomine
2171 3861 2312 3928 nascitur,

1519 3949 1589 4019 qnod
1602 3948 1771 4018 postmodum
1784 3959 1925 4005 excreetur
1934 3950 1967 4003 ab
1979 3949 2086 4005 ltonrioe
2101 3969 2108 4004 :
2122 3952 2183 4021 quia
2199 3968 2254 4005 narn
2266 3968 2315 4005 nae

1518 4049 1586 4095 trrroe
1613 4041 1755 4103 delictum.
1770 4041 1817 4095 sed
1833 4041 1978 4097 uoluntatis
1996 4057 2055 4098 esse
2082 4051 2257 4098 rrroostrator.
2281 4044 2316 4099 Et

1519 4130 1582 4186 illud
1593 4146 1656 4201 crgo
1669 4132 1791 4186 coraliteri
1803 4147 1960 4202 congruum,
1975 4148 2009 4188 ne
2020 4133 2126 4188 diversa
2140 4134 2315 4203 baptismatis

1518 4236 1616 4293 gerrem
1636 4223 1723 4280 locere
1739 4224 1894 4289 rideantur,
1911 4233 1937 4281 et
1952 4226 2002 4281 boc
2017 4228 2176 4295 praemunire
2189 4242 2317 4282 necessa·

1519 4315 1588 4370 rium
1605 4326 1655 4381 est,
1673 4330 1707 4372 oe
1721 4331 1769 4386 per
1784 4319 1902 4389 arrysterii
1925 4317 2105 4384 occasionem,
2125 4317 2159 4373 ad
2176 4317 2318 4375 creatoris

1519 4405 1641 4474 injnnam
1656 4407 1753 4461 malum
1766 4418 1906 4478 antequam
1920 4408 1968 4463 liat
1983 4408 2018 4464 ab
2039 4410 2162 4476 lrorrrine,
2184 4410 2254 4465 tradi
2273 4410 2321 4466 di·

1519 4508 1594 4552 catnr
1609 4498 1708 4552 bomini
1722 4514 1770 4569 per
1784 4509 1916 4554 naturam.
1935 4517 1946 4552 a
1962 4499 2038 4555 ilunc
2051 4514 2162 4557 sensum
2174 4514 2254 4557 suum
2267 4518 2320 4559 ro·

1519 4591 1560 4644 bis
1580 4591 1685 4659 aperire
1706 4590 1828 4661 Pelagius
1847 4591 1890 4647 rel
1911 4592 2015 4658 tiruuit,
2031 4593 2071 4646 rel
2087 4591 2210 4660 erubuit,
2233 4610 2319 4664 quem

1519 4681 1667 4750 discipulus
1689 4681 1747 4748 ejus
1770 4683 1856 4750 palam
1871 4682 1929 4737 sine
1943 4682 2022 4737 tullius
2034 4683 2206 4739 obscuritatis
2218 4687 2318 4740 amba·

1518 4771 1595 4839 gibus
1608 4771 1677 4840 apum
1691 4770 1787 4826 Sedem
1807 4773 1988 4841 apostolicam
2009 4775 2127 4844 proliteri
2140 4790 2191 4831 nee
2204 4776 2319 4846 timuit,

1519 4876 1570 4916 uec
1581 4861 1696 4915 erubuit.

1555 4953 1581 5005 i.
1597 4951 1648 5006 Sed
1657 4953 1768 5008 multum
1783 4954 1934 5010 oriserieors
1945 4964 2097 5031 memoratae
2105 4955 2182 5013 Sedis
2189 4960 2317 5028 antistes,

1519 5041 1563 5096 ubi
1576 5058 1637 5097 curn
1653 5041 1717 5097 sidit
1739 5043 1802 5099 ferri
1820 5054 1891 5099 tanta
1907 5047 2113 5117 presumptione
2126 5049 2290 5119 precipitem
2306 5090 2316 5117 ,

1519 5142 1643 5203 tanquam
1657 5133 1800 5202 furentem,
1814 5136 1900 5191 donee
1914 5136 1936 5190 si
1952 5146 2039 5206 presset
2056 5137 2115 5192 ticri
2132 5139 2314 5210 resipisceret,

1519 5225 1613 5278 rtraluit
1630 5240 1691 5279 cum
1715 5226 1815 5280 seusim
1839 5227 1896 5280 suis
1917 5227 2169 5298 interrogationibus
2189 5242 2217 5286 et
2243 5232 2317 5289 illius

1518 5315 1737 5384 responsionibus
1746 5317 1880 5387 colligare,
1892 5333 1970 5388 quam
1985 5319 2104 5375 districta
2116 5322 2238 5378 l'erirndo
2250 5339 2315 5379 sen-

1520 5407 1613 5473 tentia,
1630 5407 1656 5460 in
1672 5407 1737 5462 illud
1751 5407 1905 5478 abruptum,
1920 5424 1973 5479 qno
1983 5409 2039 5479 jam
2054 5411 2225 5482 propendere
2238 5414 2317 5470 rido-

1518 5495 1605 5564 batur,
1623 5498 1770 5567 impellere.
1788 5497 1850 5554 ideo
1862 5509 1950 5555 autem
1964 5512 2017 5556 ooo
2032 5502 2098 5570 uixi,
2121 5507 2223 5573 Aperte
2241 5508 2318 5563 ecci·

1518 5586 1603 5653 derat,
1628 5588 1686 5654 seri,
1710 5589 1878 5658 propendere
1900 5591 2054 5658 ridebatur;
2070 5594 2273 5665 quiasuperius
2289 5599 2318 5654 iu

1518 5680 2317 5755 cedernlibeilosuodelrojusmodiquaestiouibuslocuturus

1517 5780 1580 5825 ante
1596 5771 1773 5841 predixerat:
1793 5792 1802 5825 r
1825 5772 1853 5829 Si
1875 5774 1945 5831 loric
1963 5787 1994 5831 ut
2011 5778 2162 5835 luminibus
2180 5781 2316 5851 quispiam

1518 5860 2311 5942 ignorantia·errorobrepsit,restrascutentiacorrigentes

1553 5972 1664 6030 CAPUT
1685 5973 1824 6033 vlt-s.
1839 5977 1913 6035 lianc
1921 5979 1979 6050 ej
1992 5981 2211 6050 prelocutiooem
2232 5999 2318 6040 rene-

1516 6065 1608 6123 rabilis
1620 6081 1687 6137 papa
1700 6067 1826 6125 zosimus
1839 6080 1943 6138 tenens,
1956 6073 2010 6143 egit
2023 6088 2083 6128 cum
2098 6073 2216 6141 ltonrioe,
2231 6091 2315 6147 quem

1548 6223 1557 6252 ¹
1571 6228 1603 6271 tta
1613 6223 1798 6285 cygiranuensis
1807 6231 1847 6274 us.
1859 6232 1887 6276 st
1899 6226 1967 6285 editi,
1980 6228 2099 6291 conferre.

1549 6283 1650 6346 ¹torte,
1661 6284 1841 6347 ιιιενειιιειεει,
1854 6288 1903 6349 ret,
1916 6287 2059 6353 tumescent.
