5592 7350
659 940 712 999 stt

660 1056 712 1111 soh
727 1051 848 1123 ambigua
871 1048 1046 1121 generalitate
1058 1044 1122 1117 quid
1141 1042 1253 1099 sentiret
1265 1038 1449 1105 abscondens,

660 1146 752 1215 gratiae
766 1154 853 1199 tamen
872 1139 1000 1196 vocabulo
1023 1138 1148 1207 frangens
1168 1134 1313 1199 insidiam,
1329 1130 1456 1186 oderisio·

662 1252 775 1308 ttcntque
789 1235 935 1291 declinans.
958 1231 1024 1287 Nam
1045 1231 1071 1284 io
1088 1229 1170 1299 ipsios
1184 1224 1327 1297 principio,
1342 1224 1386 1278 uhi
1407 1223 1454 1290 ait,

608 1392 610 1396 7
646 1343 648 1348 ·
664 1349 673 1382 ι
691 1328 831 1398 Proposito
845 1326 999 1381 insudemus
1009 1323 1095 1393 operi,
1114 1336 1164 1375 oce
1178 1313 1454 1374 mediocritotttdittt-

661 1420 756 1474 damus
770 1418 885 1488 ingenii,
899 1415 970 1488 qued
987 1414 1120 1469 credimus
1133 1411 1184 1466 lide
1205 1410 1297 1464 rnatris
1311 1415 1339 1462 et
1358 1406 1456 1461 merito

661 1510 771 1581 rirgiois
789 1509 951 1579 adjurari;t
976 1504 1087 1577 gratiam
1108 1518 1160 1573 qrra
1181 1500 1337 1571 adjuramur
1356 1497 1390 1553 ad
1405 1498 1455 1551 ali·

661 1602 725 1672 quid
739 1600 880 1671 agendum,
896 1598 960 1653 mihi
973 1598 1045 1651 risus
1061 1595 1145 1649 iuerat
1158 1591 1289 1655 eoohteri,
1304 1604 1354 1645 nec
1368 1596 1456 1643 otten-

661 1691 753 1748 deram
767 1692 836 1746 hane
849 1704 910 1747 eum
923 1701 1023 1758 ponere
1034 1685 1151 1756 potirisse
1170 1683 1197 1738 in
1217 1682 1272 1738 sola
1287 1678 1455 1736 revelatione

661 1782 799 1837 doctrinm.
1368 1801 1374 1826 ι

697 1872 741 1926 tt.
757 1871 820 1925 item
847 1869 873 1922 iu
893 1867 987 1925 eodem
1009 1881 1090 1937 opere
1114 1864 1167 1918 alio
1193 1863 1279 1917 loco:
1306 1858 1406 1928 «Quod
1431 1858 1455 1913 si

662 1963 743 2019 etiam
755 1962 813 2017 sine
829 1960 894 2023 Deo,
909 1978 919 2010 ι
936 1958 1040 2029 inquit,
1058 1975 1067 2008 ι
1084 1955 1206 2009 irorohres
1219 1951 1372 2015 ostendunt,
1387 1965 1456 2020 qoa-

663 2053 702 2108 les
715 2067 730 2105 a
743 2053 798 2106 lieo
811 2048 871 2105 lacti
885 2058 964 2113 sunt;
978 2047 1038 2102 ride
1052 2045 1114 2116 qnid
1126 2043 1269 2099 Christiani
1290 2041 1376 2096 iacere
1391 2055 1455 2109 pos·

661 2143 731 2207 siut,
761 2155 873 2211 qumum
897 2139 923 2193 io
950 2137 1046 2194 melios
1071 2150 1119 2206 per
1146 2134 1283 2189 Christum
1311 2132 1456 2185 instaurata

663 2242 757 2287 natura
781 2240 842 2296 est,
858 2240 883 2286 et
899 2228 943 2300 qui
963 2228 1061 2283 divinae
1084 2241 1190 2298 quoque
1216 2226 1308 2295 gratiae
1330 2223 1456 2292 juraretur

661 2325 786 2379 auxilio.»
798 2323 923 2377 Naturam
937 2320 964 2375 io
973 2320 1258 2380 roeliosinstauratam,
1271 2314 1456 2370 remissionem

662 2415 719 2471 vult
731 2414 841 2483 intelligi
857 2421 1026 2483 peecatorum
1041 2427 1048 2463 τ
1067 2408 1138 2481 guod
1151 2409 1204 2463 alie
1218 2408 1278 2463 loeo
1291 2408 1317 2461 io
1334 2407 1384 2461 hoc
1398 2407 1457 2473 ipse

661 2506 730 2561 libre
744 2505 808 2559 satis
821 2502 1025 2567 demonstrarit,
1038 2500 1083 2556 obi
1094 2500 1141 2566 ait,
1159 2517 1169 2552 t
1189 2497 1273 2553 Etiam
1289 2496 1326 2552 illi
1342 2496 1387 2566 oui
1400 2496 1458 2551 loo·

663 2612 698 2669 gu
713 2597 839 2669 peccandi
851 2612 900 2651 usu
915 2594 1030 2666 quedam
1046 2593 1125 2647 mode
1138 2590 1297 2655 obduruere,
1313 2588 1457 2644 instaurari

662 2704 710 2760 pur
731 2688 914 2759 poeniteutiam
934 2692 1056 2758 possunt.
1082 2682 1246 2737 »Auxilium
1272 2694 1337 2736 rere
1360 2679 1458 2734 diriore

661 2781 755 2849 gratiae
779 2784 869 2849 petest
899 2785 926 2832 ct
956 2775 1000 2830 hic
1030 2788 1130 2846 ponere
1160 2773 1187 2827 in
1220 2771 1381 2827 revelatione
1406 2767 1458 2824 do·

661 2872 765 2927 etrinae.

697 2963 808 3019 CdPUT
827 2961 970 3017 xxxt'ttt.
982 2991 1020 3002 -
1031 2959 1075 3015 le.
1089 2958 1153 3014 ltem
1167 2958 1229 3013 alibi
1242 2958 1267 3012 in
1282 2956 1376 3012 eadem
1400 2954 1457 3027 epi·

662 3053 752 3108 stola:
771 3069 780 3104 t
801 3052 866 3106 Nam
892 3052 913 3105 si
936 3052 1015 3106 ctiam
1038 3059 1100 3103 ante
1121 3048 1223 3119 legem,
1247 3046 1377 3116 linquit,
1405 3052 1460 3099 cut

662 3143 836 3209 elisimus,ac
851 3142 934 3197 multo
955 3150 1017 3194 ante
1035 3138 1137 3193 Domini
1163 3137 1246 3193 nestri
1263 3146 1290 3193 et
1311 3136 1459 3192 Salvatoris

661 3234 815 3298 adventum,
824 3233 897 3303 juste
910 3230 1016 3302 qnidam
1032 3240 1059 3285 et
1068 3239 1160 3285 sancte
1170 3230 1270 3285 vixisse
1284 3228 1457 3297 reseruntur,

661 3335 761 3394 quanto
781 3322 865 3393 tnagis
885 3330 945 3392 post
959 3319 1163 3376 tttrooaoooeor
1185 3319 1315 3374 adrentus
1338 3318 1395 3389 ejus
1410 3334 1460 3376 nos

663 3413 691 3468 id
712 3427 790 3483 posse
812 3411 975 3468 credendum
999 3418 1050 3476 est,
1066 3410 1114 3479 qni
1132 3410 1269 3464 instaurati
1294 3424 1342 3479 per
1360 3407 1459 3464 Christi

662 3504 773 3575 gratiam
787 3512 814 3558 et
834 3504 860 3557 io
882 3502 1020 3558 meliorem
1036 3501 1169 3556 henrioem
1186 3501 1272 3555 renati
1286 3515 1395 3567 sturnus,
1411 3500 1458 3570 qrri

662 3594 791 3664 sanguine
804 3593 861 3661 cjns
873 3593 974 3661 expiati
988 3599 1067 3660 atque
1075 3590 1204 3652 mundati,
1216 3590 1351 3659 ipsiusque
1363 3605 1455 3645 exem·

663 3688 709 3759 plo
728 3685 760 3742 ad
783 3684 974 3755 perlectionem
994 3684 1093 3738 incitati
1108 3683 1237 3753 iustitias,
1258 3683 1382 3738 mehores
1405 3681 1459 3737 illis

664 3793 724 3834 esse
737 3778 875 3843 debemus,
889 3778 935 3847 gui
949 3784 1011 3831 ante
1024 3775 1109 3846 legent
1123 3774 1218 3830 luere?
1235 3793 1245 3828 t
1260 3774 1356 3830 Videte
1366 3791 1461 3846 quem·

665 3871 808 3928 admodum
819 3880 846 3926 et
860 3869 904 3924 hic
913 3869 973 3925 aliis
986 3869 1093 3939 qoidem
1103 3868 1201 3934 verbis,
1213 3872 1261 3925 sed
1272 3877 1360 3923 tamen
1372 3869 1396 3922 io
1412 3883 1458 3924 re·

667 3965 796 4019 missione
819 3970 987 4032 peccatorum
1005 3969 1032 4014 et
1049 3959 1075 4015 in
1085 3959 1209 4028 exemplo
1229 3958 1330 4015 Christi
1356 3957 1460 4028 adjutu·

665 4056 734 4110 riom
747 4052 840 4125 gratiae
861 4050 1041 4107 constituerit.
1061 4048 1162 4104 Deinde
1175 4047 1310 4119 subiungit
1330 4056 1358 4103 et
1371 4047 1436 4102 dicit
1450 4063 1458 4102 a

669 4167 678 4200 ι
692 4147 813 4201 ileliorcs
822 4145 903 4200 etiam
917 4159 996 4214 qoam
1010 4142 1117 4199 luerunt
1131 4141 1182 4197 sub
1193 4143 1260 4212 lege,
1271 4141 1377 4196 dicente
1389 4142 1461 4210 hpo-

666 4238 745 4300 stolo,
760 4235 894 4290 Peccatum
906 4235 975 4289 vobis
993 4250 1045 4289 aun
1066 4233 1315 4297 destinabiturmen
1333 4231 1400 4285 etrim
1414 4230 1461 4286 eet

665 4332 720 4398 tege
734 4327 793 4383 ertit
804 4367 811 4392 ,
822 4325 867 4380 scd
886 4324 930 4380 sub
944 4325 1027 4395 gretia
1041 4323 1128 4396 (Rern.
1148 4339 1184 4385 rt,
1203 4322 1258 4394 ιι).
1277 4323 1311 4378 Ει
1332 4322 1458 4392 quioniam

667 4424 739 4490 hinc,
757 4441 766 4476 ι
783 4422 878 4491 irriguit,
897 4439 906 4472 t
922 4419 1095 4481 sufficienter,
1112 4426 1141 4470 ut
1156 4425 1228 4485 pute,
1243 4414 1376 4481 diximus,
1389 4428 1461 4469 ntrne

667 4512 810 4581 perlectam
825 4511 993 4565 instituamus
1006 4508 1146 4575 virginem,
1158 4521 1217 4574 ιιιιιι1
1228 4521 1260 4560 ex
1272 4515 1382 4573 ntrmpre
1390 4518 1462 4559 sem·

666 4618 714 4672 per
726 4615 849 4667 aceensa,
859 4607 886 4655 et
898 4609 998 4653 craturae
1012 4597 1090 4652 siroul
1105 4605 1131 4651 et
1143 4595 1236 4666 gratiae
1247 4595 1344 4649 honum
1356 4608 1459 4649 urorum

666 4693 805 4748 sanctitate
823 4699 942 4746 testetur.
959 4708 969 4742 ι
985 4688 1018 4742 Ει
1038 4687 1064 4742 io
1087 4688 1128 4741 his
1143 4684 1231 4741 verbis
1244 4684 1347 4740 debetis
1363 4685 1460 4740 adver-

667 4794 734 4845 tere,
746 4781 806 4838 ideo
819 4779 891 4836 illurn
903 4779 973 4850 qnod
983 4778 1098 4842 dicebat,
1113 4778 1153 4832 sie
1166 4774 1460 4840 voluisseeoneludere,

667 4886 695 4929 ot
707 4882 808 4929 naturae
820 4873 919 4929 bonum
935 4870 1127 4940 intelligamus,
1142 4866 1212 4938 tpmd
1225 4881 1286 4921 eom
1304 4880 1462 4922 crearemur

667 4965 836 5034 accepimus;
860 4963 953 5033 gratiae
978 4969 1085 5024 autem,
1106 4975 1166 5013 cum
1183 4957 1282 5013 Christi
1304 4957 1460 5014 intuemur¹

669 5054 820 5123 esernplum
834 5069 842 5108 ι
857 5061 982 5120 tanquam
1007 5050 1067 5105 ideo
1089 5059 1227 5117 peccatum
1250 5062 1304 5101 non
1330 5045 1462 5102 indultum

668 5143 751 5199 leserit
762 5144 803 5199 eis
815 5142 861 5213 qui
881 5139 1001 5210 sublege
1022 5138 1129 5193 hieruot
1145 5137 1186 5193 vel
1199 5147 1279 5203 suot,
1293 5136 1354 5206 guia
1369 5151 1462 5191 exeru-

670 5239 743 5308 plmn
757 5233 857 5291 Christi
870 5232 926 5287 sire
941 5246 993 5286 non
1008 5228 1168 5293 babuerunt,
1183 5229 1239 5283 sive
1253 5243 1305 5282 ooo
1320 5227 1442 5283 eredunt.

638 5371 640 5376 .
704 5325 818 5383 CAPUT
836 5323 959 5380 xtttttx.
988 5323 1083 5377 -ιῖι,
1111 5319 1166 5375 lloe
1186 5329 1274 5377 autem
1291 5321 1370 5374 istum
1383 5320 1463 5389 sape·⁴

670 5435 715 5483 re,
731 5428 757 5473 et
770 5417 822 5472 alia
836 5416 895 5486 eius
915 5414 995 5470 rerba
1018 5411 1179 5477 ostendunt,
1194 5426 1249 5465 non
1271 5410 1297 5464 in
1313 5411 1363 5464 hoe
1376 5411 1461 5473 libro,

670 5510 717 5567 sed
733 5508 759 5562 in
774 5506 852 5561 tertio
861 5520 909 5575 pro
922 5504 1018 5559 libero
1032 5501 1159 5568 Arbitrio,
1171 5501 1214 5555 ubi
1228 5499 1262 5554 ad
1277 5515 1337 5556 eum
1351 5500 1463 5570 loquens

670 5609 763 5656 eontra
781 5612 862 5669 quiem
888 5595 1020 5666 disputat,
1040 5593 1163 5664 quoniam
1182 5592 1226 5647 ille
1243 5600 1367 5661 posuerat
1383 5590 1463 5645 rerba

671 5689 790 5759 hpostoli
805 5685 928 5752 dicentis,
942 5682 1003 5739 Non
1016 5683 1083 5754 quod
1097 5683 1152 5736 oete
1165 5695 1213 5753 ege
1224 5697 1233 5745 ,·
1243 5688 1281 5746 et,
1297 5679 1375 5734 Video
1385 5680 1464 5735 oliam

671 5783 790 5855 tegentia
809 5779 926 5834 ntembris
941 5777 1002 5831 meir
1016 5783 1196 5846 repugnantem
1213 5772 1263 5841 legi
1279 5773 1369 5827 tuentis
1383 5787 1461 5839 atem,

671 5881 699 5928 et
710 5881 806 5928 cetera
817 5885 877 5941 que
889 5869 926 5924 ihi
937 5868 1078 5929 dicuntum
1093 5864 1144 5921 iste
1157 5863 1305 5935 respondit,
1318 5872 1397 5934 atque
1408 5863 1462 5917 ait:

676 5965 759 6021 illue
775 5965 846 6020 enim
868 5961 938 6033 quod
951 5970 979 6019 tu
1000 5961 1033 6043 de
1056 5958 1185 6030 hpostolo
1206 5956 1353 6027 intelligere
1371 5955 1463 6026 copiis,

672 6071 767 6122 omnes
778 6053 952 6112 ecelesiastici
971 6053 1021 6110 riri
1042 6053 1067 6108 io
1083 6051 1227 6122 peccatoris
1241 6058 1268 6106 et
1282 6049 1331 6105 seh
1346 6048 1404 6118 lege
1418 6046 1464 6102 ad·

707 6233 715 6263 ¹
730 6235 781 6278 hm.
800 6236 826 6282 et
842 6236 911 6292 uss,
932 6229 1103 6284 menbra-trau.
1120 6232 1148 6299 Ιιιι
1167 6226 1267 6298 epistola
1288 6223 1317 6275 ad
1333 6225 1466 6277 demetria·

676 6291 745 6357 dem,
765 6295 869 6356 opportet.
889 6299 945 6342 tom.
966 6293 996 6349 ι,
1012 6292 1042 6345 de
1062 6294 1233 6342 laetarentur.

677 6354 686 6371 ⁸
707 6364 788 6421 ιιιιιιι..
800 6354 929 6409 t'utt'tcmttr.
943 6361 990 6410 ιι..

1291 928 1320 986 S.
1340 927 1526 986 uussdstttt
1546 930 1696 989 sciscunt

2251 933 2304 991 ὅθι
2333 927 2343 959 '²

1513 1042 1564 1097 bue
1581 1044 1658 1112 positi
1673 1054 1796 1098 asserunt
1815 1060 1877 1099 eom
1892 1046 1992 1101 dhisse.
2010 1060 2140 1116 persona,
2154 1046 2201 1116 otri
2221 1046 2305 1105 uirnit
2334 1059 2346 1100 -ι

1507 1134 1632 1188 vitiorum
1644 1135 1838 1192 consuetudine
1852 1136 1924 1191 reiut
1936 1137 2048 1206 qtradam
2061 1147 2197 1192 teneretur
2207 1153 2306 1195 neces·
2341 1155 2344 1172 ·

1507 1224 1584 1279 sitate
1598 1225 1723 1295 peccandi
1734 1265 1742 1293 ,
1755 1235 1781 1281 et
1794 1226 1915 1296 qoamns
1927 1227 2028 1282 botrum
2046 1238 2185 1298 appeteret
2203 1229 2301 1283 rolun·
2343 1235 2346 1248 '

1508 1325 1577 1381 tate,
1592 1331 1641 1371 usu
1654 1325 1742 1373 tameo
1756 1319 1964 1388 precipitaretur
1977 1320 2003 1374 in
2018 1321 2128 1375 malum.
2142 1321 2172 1377 lo
2188 1338 2304 1392 persam

1507 1416 1607 1475 aulem,
1623 1428 1632 1461 ι
1649 1410 1743 1479 iuquit,
1761 1429 1770 1462 ι
1786 1410 1902 1465 bortrinis
1917 1413 2014 1480 unius,
2029 1412 2152 1485 designat
2173 1415 2301 1487 populum

1507 1500 1557 1554 sub
1571 1510 1660 1556 retere
1674 1501 1761 1556 adbuc
1775 1502 1834 1571 lege
1848 1514 2017 1572 peccantem3
2031 1520 2111 1572 quern
2123 1505 2158 1561 ab
2170 1504 2221 1561 hec
2235 1522 2302 1562 cen·

1507 1589 1655 1644 suetudinis
1673 1595 1744 1646 malo
1762 1592 1826 1647 dicit
1842 1593 2008 1649 liberandum
2022 1610 2081 1651 esse
2095 1611 2144 1665 per
2155 1597 2301 1666 Christum,

1507 1681 1552 1751 qni
1573 1682 1745 1738 credentibus
1768 1682 1818 1739 sibi
1843 1685 1930 1755 prime
1951 1685 2040 1741 omitia
2064 1703 2113 1758 per
2140 1689 2302 1758 baptismum

1508 1781 1615 1842 peccata
1630 1773 1755 1841 dimittit,
1769 1774 1865 1831 delude
1879 1776 2026 1832 imitatione
2039 1779 2080 1833 sui
2099 1779 2133 1833 ad
2157 1779 2304 1850 perlectam

1507 1864 1598 1918 ioeitat
1613 1866 1791 1932 sanctitatem,
1807 1876 1834 1923 et
1848 1868 1971 1923 ortorum
1985 1869 2207 1925 consuetudinem
2222 1872 2306 1927 rirtn·

1508 1962 1562 2010 tum
1582 1956 1663 2011 rioeit
1683 1958 1842 2026 exscriptor
1868 1960 1936 2015 Ecce
1957 1961 2092 2029 quomodo
2116 1962 2173 2017 rolt
2195 1962 2304 2032 intelligi

1507 2047 1625 2117 adjuvari
1646 2062 1694 2103 eos
1717 2049 1761 2117 otri
1782 2049 1832 2105 soh
1855 2050 1913 2119 lege
1937 2061 2056 2121 peccaut,
2075 2061 2103 2106 ut
2126 2067 2174 2121 per
2193 2054 2305 2122 gratiam

1506 2138 1605 2195 Christi
1613 2138 1751 2210 justificati
1764 2140 1921 2206 liberentur,
1936 2152 2059 2212 tanquam
2073 2143 2113 2197 eis
2124 2157 2179 2197 trun
2191 2144 2305 2198 sudleiat

1507 2231 1563 2285 sola
1584 2231 1636 2298 lex,
1658 2242 1767 2302 propter
1790 2233 1898 2288 nimiam
1921 2235 2047 2303 peccandi
2071 2236 2304 2303 consuetudinem,

1507 2320 1558 2376 nisi
1571 2319 1668 2376 Christi
1681 2322 1800 2390 accedat,
1815 2340 1867 2378 non
1884 2325 2021 2393 inspiratio
2035 2325 2173 2381 charitatis
2185 2342 2233 2396 per
2242 2327 2305 2398 Spi-

1508 2414 1587 2468 ritum
1602 2423 1740 2483 sanctum,
1756 2415 1801 2471 sed
1823 2416 1979 2472 intuendum
1993 2428 2021 2473 et
2034 2418 2191 2474 imitandum
2211 2422 2240 2474 io
2253 2419 2303 2475 tle·

1508 2506 1592 2559 ctrina
1613 2506 1765 2577 evangelica
1784 2506 1890 2562 uirtutis
1909 2509 1967 2577 ejus
1984 2512 2148 2580 exemplum.
2175 2511 2211 2566 Et
2231 2520 2304 2568 certe

1508 2586 1634 2651 nrartima¹
1647 2595 1691 2652 bic
1709 2606 1768 2653 erat
1788 2614 1868 2654 causa
1890 2599 2079 2669 exprimendi,
2103 2615 2183 2672 qrram
2204 2602 2304 2659 diceret

1508 2688 1630 2755 gratiam,
1645 2688 1688 2742 ubi
1703 2689 1790 2744 locum
1804 2690 1890 2758 ipsum
1903 2690 1937 2745 de
1950 2705 2003 2760 quo
2015 2691 2170 2762 respondet,
2182 2692 2223 2747 sie
2237 2707 2300 2747 eurr-

1508 2777 1587 2832 closit
1600 2779 1760 2848 Apostolus,
1777 2789 1806 2835 ut
1819 2780 1943 2835 diceret:
1964 2779 2060 2851 inseiis
2072 2797 2119 2852 ego
2143 2782 2229 2849 homo,
2248 2783 2302 2854 qaia

1509 2885 1549 2922 nte
1560 2867 1673 2923 liberabit
1694 2869 1726 2924 de
1744 2887 1849 2942 corpere
1862 2873 1949 2928 auertit
1963 2872 2060 2943 hujus?
2081 2872 2170 2929 Grutic
2189 2873 2240 2928 ue·
2261 2890 2303 2945 pce

1508 2958 1597 3013 lerunt
1612 2959 1739 3015 Christum
1753 2960 1890 3016 Donatum
1905 2974 2017 3018 teratrum
2029 2963 2117 3033 (hom.
2134 2979 2180 3027 ιιι,
2195 2965 2238 3028 ι5,
2252 2963 2302 3019 25·

1509 3048 1565 3120 25).
1582 3051 1656 3105 llanc
1676 3052 1726 3106 iste
1740 3066 1800 3106 cum
1822 3054 1984 3119 constituat,
2001 3068 2053 3108 non
2075 3055 2101 3107 in
2123 3055 2228 3108 rirtutis
2247 3053 2303 3124 ejus

1511 3140 1619 3205 auxilio,
1636 3141 1682 3197 sed
1698 3142 1853 3197 imitationis
1867 3144 1999 3213 exetrrplo,
2016 3144 2079 3213 qnid
2092 3143 2303 3213 ampliusdeille

1511 3245 1620 3300 sperare
1634 3232 1773 3300 dehemus,
1788 3233 1946 3303 ubicumque
1960 3234 2051 3305 gratiae
2063 3249 2163 3289 nonreo
2182 3236 2232 3291 sub
2248 3248 2303 3290 ets·

1511 3320 1587 3390 higna
1602 3324 1774 3390 generalitate
1786 3323 1994 3379 commemorati

1546 3409 1659 3467 CAPUT
1674 3411 1731 3468 XC.
1745 3443 1782 3453 —
1795 3414 1839 3468 ιι.
1856 3413 1920 3470 lteor
1937 3414 1963 3468 in
1978 3415 2072 3469 eodem
2095 3414 2164 3470 libro
2177 3415 2211 3470 ad
2223 3416 2302 3487 uirgi-

1511 3516 1572 3558 nenr
1586 3517 1709 3570 sacram,
1726 3503 1796 3559 uode
1805 3504 1860 3574 jam
1873 3505 1954 3561 etiam
1969 3520 2048 3575 supra
2061 3504 2245 3573 disseruimus,
2260 3508 2306 3564 ubi

1510 3593 1548 3646 ait
1560 3610 1565 3643 :
1581 3593 1698 3648 rSuhditi
1708 3594 1791 3648 simus
1802 3596 1866 3660 Deo,
1878 3595 1988 3666 ejusque
1998 3594 2119 3652 iaciendo
2130 3596 2307 3668 voluntatem,

1510 3682 1626 3738 divinam
1640 3698 1789 3739 mereamur
1801 3686 1923 3754 gratiam,
1937 3695 1964 3741 et
1981 3686 2085 3742 facilius
2097 3703 2210 3759 nequam
2224 3690 2307 3759 spiri·

1511 3774 1560 3838 toi,
1577 3774 1661 3829 saneti
1677 3775 1793 3844 Spiritus
1813 3777 1922 3843 auxilio,
1947 3779 2138 3835 resistamus.»
2161 3778 2189 3835 ln
2211 3782 2309 3851 quihus

1511 3865 1569 3935 ejus
1581 3864 1670 3920 verbis
1684 3874 1756 3921 certe
1770 3864 1940 3923 ntaniiestum
1953 3875 2004 3933 cst,
2028 3869 2063 3924 ita
2081 3884 2143 3925 eum
2167 3872 2235 3927 telle
2257 3887 2307 3928 uos

1511 3956 1630 4027 attiniaci
1651 3960 1734 4028 gratia
1759 3958 1875 4029 Spiritus
1899 3962 1993 4024 saneti,
2015 3978 2069 4017 non
2095 3962 2157 4032 guia
2180 3963 2238 4020 sine
2261 3964 2309 4020 ille

1512 4047 1592 4102 etiam
1603 4062 1650 4116 per
1664 4049 1748 4104 solam
1764 4057 1865 4105 naturae
1881 4050 2082 4120 passibilitatem
2096 4068 2149 4109 noo
2165 4069 2308 4124 possunrus

1512 4140 1639 4195 resistere
1655 4141 1797 4205 tentatori,
1810 4142 1858 4197 scd
1873 4150 1902 4197 ut
1924 4141 2027 4199 toettios
2040 4144 2207 4201 resistaoms.
2229 4146 2307 4215 Quod

1513 4241 1600 4285 tamen
1614 4230 1805 4301 grralecumgue
1816 4240 1844 4288 et
1853 4234 2123 4305 quarttolumcumqne
2133 4236 2304 4306 adjutorium,

1512 4338 1573 4376 eam
1586 4322 1714 4378 credibile
1729 4333 1770 4378 est
1784 4324 1810 4378 iu
1825 4323 1875 4379 hoe
1890 4327 2063 4393 constituere,
2078 4328 2149 4397 quod
2165 4328 2245 4383 nobis
2259 4327 2307 4384 atl-

1512 4413 1583 4469 ditur
1596 4413 1706 4469 scientia
1721 4415 1856 4471 rerelante
1870 4414 1971 4487 Spiritu
1990 4432 2037 4487 per
2050 4418 2211 4480 doctrinam,
2227 4435 2306 4489 quatu

1512 4505 1554 4559 rel
1569 4519 1621 4559 non
1635 4521 1787 4577 possumus,
1802 4507 1844 4562 rel
1859 4507 1966 4562 diiticile
1977 4507 2074 4564 habere
2096 4524 2238 4579 possumus
2253 4526 2301 4580 per

1514 4601 1648 4653 naturam.
1665 4595 1715 4649 lsta
1738 4604 1800 4651 sunt
1819 4612 1879 4665 quae
1900 4596 1928 4653 in
1946 4598 2032 4662 libro,
2055 4614 2135 4668 qrrem
2155 4600 2306 4672 scripsitad

1513 4687 1642 4756 virginem
1663 4685 1773 4754 Christi,
1797 4688 1935 4746 advertere
1958 4692 2041 4760 potui,
2063 4692 2109 4748 ubi
2122 4693 2228 4751 ridetur
2245 4710 2306 4765 gra·

1515 4776 1579 4831 tiam
1591 4776 1712 4835 ceuliteri
1726 4794 1734 4832 ε
1748 4793 1808 4852 quae
1821 4780 1940 4849 prolecto
1953 4782 2040 4853 gualia
2054 4783 2125 4851 siot,
2141 4785 2232 4855 utique
2245 4801 2305 4841 cer·

1514 4867 1587 4922 uitis.

1549 4958 1661 5016 CAPUT
1671 4959 1833 5017 stt-ts
1847 4962 1985 5033 «Legunt,
2002 4982 2012 5018 t
2029 4964 2128 5035 iuquit,
2144 4984 2154 5020 t
2168 4968 2249 5023 etiam
2267 4985 2305 5024 re·

1514 5063 1578 5110 ceos
1590 5065 1680 5105 meum
1691 5050 1865 5122 opuseulum,
1887 5052 1958 5124 qued
1971 5068 2019 5125 pro
2038 5052 2135 5113 Libere
2157 5073 2244 5126 nuper
2256 5059 2306 5112 hr-

1514 5140 1593 5196 bitrie
1613 5141 1695 5198 edere
1715 5143 1844 5211 compulsi
1867 5157 1977 5210 sumos;
2010 5153 2038 5200 et
2058 5157 2202 5215 agnoscent
2229 5164 2306 5219 quarn

1516 5233 1603 5303 inique
1624 5246 1673 5287 nos
1690 5233 1832 5302 negatione
1845 5233 1937 5303 gratioe
1951 5233 2080 5289 infamare
2093 5236 2250 5305 gestierint,
2264 5238 2307 5308 gni

1516 5341 1563 5395 per
1575 5332 1657 5380 totum
1676 5339 1746 5394 pene
1761 5325 1844 5393 ipsios
1865 5333 1965 5380 textum
1980 5327 2069 5395 operis
2090 5326 2209 5397 perfecte
2225 5338 2308 5401 atque

1516 5415 1618 5485 integre
1631 5422 1659 5468 et
1672 5414 1784 5469 liberum
1800 5413 1938 5471 arbitrium
1951 5417 2108 5472 confitemur
2121 5426 2148 5473 et
2158 5419 2280 5488 gratiam.
2295 5437 2306 5473 ι

1516 5505 1637 5573 Quatuor
1649 5514 1711 5560 sunt
1723 5505 1785 5560 libri
1795 5506 1884 5577 operis
1897 5504 1986 5576 huius,
1999 5516 2027 5563 et
2037 5507 2085 5564 hos
2096 5508 2159 5579 legi,
2173 5518 2201 5566 et
2213 5526 2245 5565 ex
2259 5511 2312 5567 illis

1516 5598 1617 5667 sumpsi
1631 5613 1691 5668 qua
1706 5598 1842 5652 tractanda
1856 5608 1884 5653 et
1895 5599 2061 5655 discutienda
2079 5603 2226 5670 proposui,
2242 5611 2268 5657 et
2283 5609 2313 5663 ut

1516 5688 1589 5758 potui
1606 5687 1774 5756 pertractari,
1788 5695 1930 5759 antequam
1944 5688 2048 5757 adeius
2063 5689 2111 5745 has
2125 5690 2313 5761 litterasque

1516 5779 1629 5833 Romam
1654 5779 1742 5834 missae
1765 5788 1844 5846 sunt,
1869 5781 2029 5836 veniremus.
2050 5782 2103 5837 Sed
2124 5783 2149 5836 io
2172 5783 2315 5840 bisetium

1517 5881 1630 5944 qarotoor
1642 5872 1717 5929 libris
1738 5888 1912 5944 quaecumque
1933 5888 1981 5944 pro
1993 5875 2077 5946 gratia
2091 5875 2198 5931 videtur
2211 5877 2314 5943 dicere,

1519 5981 1568 6036 quta
1580 5966 1704 6036 iuvamur
1723 5974 1751 6020 ut
1769 5966 1935 6022 declinemus
1949 5981 1964 6020 a
1978 5967 2049 6021 malo
2065 5967 2218 6038 bonumque
2232 5966 2316 6025 lacia-

1519 6072 1588 6123 mos,
1602 6056 1722 6121 indicit,
1738 6066 1767 6112 ot
1779 6056 1852 6112 nullo
1865 6057 1944 6114 medo
1958 6072 1972 6112 a
1987 6057 2127 6114 verborum
2140 6057 2318 6130 ambiguitate

1519 6147 1647 6215 discedot,
1661 6165 1738 6219 qoam
1755 6149 1890 6219 discipulis
1905 6151 1944 6206 sie
1959 6150 2041 6221 possit
2053 6164 2198 6221 exponere,
2214 6158 2243 6206 ιιι
2256 6148 2318 6208 uul-

1521 6241 1575 6298 lum
1588 6242 1713 6297 auxilium
1727 6245 1817 6315 gratiae
1831 6244 1950 6312 credant,
1967 6260 2018 6315 qua
2033 6253 2135 6300 naturae
2151 6231 2316 6315 pestilitas

1521 6334 1668 6406 arljrtretur,
1689 6335 1739 6391 nisi
1764 6336 1790 6391 iu
1812 6335 1869 6407 lege
1884 6347 1963 6406 atqtre
1980 6337 2100 6393 doctriua
2118 6336 2221 6391 :itaut
2242 6334 2316 6405 ipsas
