5592 7350
573 919 626 985 ros
987 887 993 933 ¹

573 1019 699 1101 tribuere.

609 1129 722 1187 carot
736 1129 767 1184 ll.
782 1157 817 1190 -,
830 1129 856 1181 7.
868 1126 945 1182 Certe
961 1125 1142 1197 redarguenda
1157 1119 1202 1179 ti'bi
1218 1141 1275 1178 mea
1289 1118 1369 1176 rerba

574 1224 719 1295 proponis;
738 1219 834 1292 quibus
856 1219 998 1288 propositis
1020 1218 1090 1272 velut
1111 1216 1284 1285 respondens,
1308 1231 1368 1282 pcr-

577 1315 690 1371 suadere
714 1312 837 1371 erinacis,
865 1319 987 1363 tertulla
1013 1323 1055 1362 mc
1079 1309 1164 1376 ipsum
1186 1307 1301 1359 loentum
1327 1320 1369 1358 me

574 1408 656 1459 fnisse
668 1422 675 1457 ι
689 1403 732 1483 qui
748 1418 807 1456 cum
823 1411 933 1472 propter
947 1414 1032 1452 meam
1048 1397 1229 1452 defensionem
1245 1397 1366 1459 dixerim,

572 1497 608 1549 ab
623 1494 756 1549 haereticis
771 1493 846 1545 ttoris
861 1490 912 1543 diei
935 1504 984 1542 nos
998 1489 1170 1541 damnatores
1187 1501 1247 1540 esse
1263 1486 1368 1553 nuptia-

574 1604 653 1651 rum,
669 1586 810 1656 operisque
824 1583 917 1645 divini,
932 1590 1022 1656 postea
1037 1579 1062 1633 id
1076 1577 1240 1642 abstulerint,
1257 1576 1369 1631 dicendo

575 1678 601 1733 in
614 1677 695 1732 semis
709 1675 804 1729 unctis¹
820 1673 949 1743 possideri
964 1671 1098 1725 bominem
1114 1679 1267 1723 nascentem
1283 1683 1297 1722 a
1314 1667 1368 1723 beo

575 1780 602 1824 et
624 1785 638 1822 a
661 1768 777 1833 diabolo,
800 1766 842 1820 rel
863 1765 949 1833 potitis
970 1772 1052 1817 totum
1072 1775 1086 1815 a
1106 1760 1212 1815 diabole
1227 1759 1366 1830 possideri,

575 1872 685 1929 prorsus
696 1858 805 1911 excluso
820 1856 873 1910 Deo
887 1854 958 1908 relnt
970 1852 1004 1905 ab
1016 1851 1142 1905 universa
1157 1866 1204 1904 sua
1217 1851 1367 1919 possessio-

575 1964 620 2008 nc,
636 1948 705 2017 quod
720 1957 761 2000 est
774 1948 863 2000 bomo.
884 1965 892 1995 ι
909 1942 958 1999 Ubi
975 1953 1017 1997 ost
1030 1958 1141 1997 acumen
1159 1950 1242 2004 tutam,
1257 1957 1310 2011 qno
1323 1939 1367 1995 tibi

574 2040 674 2094 rirlcris
684 2050 710 2094 et
730 2038 878 2107 categorias
891 2036 1072 2090 Aristotelicas
1084 2044 1236 2100 assecutuS,
1250 2045 1274 2088 et
1289 2033 1368 2087 aliam

574 2133 720 2186 dialectice
729 2130 923 2184 artisastutiam
932 2128 944 2181 l
953 2128 1025 2182 ltauc
1038 2143 1089 2182 ιιοιι
1098 2125 1212 2182 attendis
1224 2129 1283 2191 boc,
1298 2124 1369 2195 quod

575 2222 641 2275 mibi
655 2222 688 2275 de
707 2221 822 2291 parvulis
838 2218 977 2289 obiecisti,
993 2217 1028 2272 de
1044 2217 1204 2286 quibuslibet
1224 2216 1369 2286 majoribus

575 2312 656 2365 malis
671 2310 822 2365 bominibus
836 2310 939 2379 utrique
955 2317 1074 2361 nostrum
1088 2307 1167 2377 objici
1182 2321 1260 2376 posse
1272 2307 1306 2362 ab
1320 2306 1368 2360 ali-

575 2417 631 2471 quo
643 2402 796 2456 aduersario
812 2399 950 2456 ueritatis?
965 2400 1101 2468 interrogo
1116 2399 1186 2453 enim
1201 2408 1237 2464 te,
1259 2397 1369 2467 quidde

577 2489 696 2545 nondum
710 2498 867 2560 regenerato
881 2489 988 2543 bomine
1010 2489 1125 2558 pessimo
1138 2502 1305 2557 quocumque
1326 2503 1369 2543 re-

574 2585 721 2651 spondeas.
737 2581 836 2636 Saltem
857 2580 935 2633 istum
954 2578 1090 2633 confiteris
1110 2593 1169 2633 esse
1189 2578 1239 2634 snb
1253 2578 1368 2645 diabolo,

576 2673 628 2726 nisi
649 2679 805 2727 renascatur
824 2671 850 2724 in
870 2669 976 2724 Cltristo
990 2686 997 2723 z
1013 2684 1046 2724 an
1061 2680 1088 2724 et
1102 2669 1152 2724 boe
1166 2669 1266 2740 negasf
1279 2669 1306 2724 Si
1321 2684 1367 2725 ne-

571 2780 634 2833 gas,
650 2764 694 2835 qui
709 2774 770 2816 sunt
782 2777 846 2834 ergo
860 2778 926 2831 quos
939 2762 1010 2816 Deus
1022 2761 1090 2815 eruit
1104 2760 1137 2815 de
1150 2768 1283 2829 potestate
1296 2769 1370 2816 tene·

569 2854 695 2917 brorum,
709 2863 737 2909 et
752 2852 878 2908 transfert
891 2851 924 2907 ad
939 2867 1048 2924 regnum
1064 2850 1125 2906 Filii
1140 2851 1278 2905 charitatis
1292 2850 1367 2904 sumf

576 2946 607 3001 st
620 2955 707 3002 antem
722 2945 868 3022 confuteris,
884 2960 975 3015 quaero
991 2952 1078 2998 utrum
1101 2944 1127 2997 in
1149 2943 1192 2995 tali
1215 2941 1323 2995 bomine
1342 2943 1369 2996 in

571 3047 709 3109 ¹potestate
730 3037 816 3091 adbuc
835 3036 921 3107 posito
937 3036 1105 3090 tenebrarum
1126 3033 1222 3088 babeat
1236 3034 1305 3086 lictis
1319 3032 1369 3086 ali·

570 3143 656 3198 qnam
680 3136 849 3198 potestatem.
864 3126 890 3181 Si
907 3126 1020 3188 dixeris,
1035 3123 1092 3178 Nun
1107 3124 1207 3178 babet:
1225 3123 1371 3193 responde·

574 3219 652 3273 bino
678 3217 1008 3287 tibi,l1rgol)eusdcsua
1034 3215 1202 3284 possessione
1224 3231 1238 3267 a
1264 3214 1370 3269 diabolo

570 3308 702 3363 'exclusus
715 3316 765 3362 est.
781 3307 809 3362 Si
822 3307 931 3371 dixeris,
958 3306 1041 3359 llabet
1063 3323 1070 3359 ι
1091 3304 1294 3374 respondebitur
1310 3304 1367 3372 tibi,

576 3399 650 3469 Ergo
664 3398 734 3453 Deus
746 3406 772 3453 et
785 3397 904 3452 diabolus
920 3397 945 3450 in
959 3397 1040 3450 sentis
1063 3395 1146 3450 unciis
1159 3394 1294 3449 bominem
1309 3411 1370 3462 pos·

576 3488 682 3554 sident;
697 3495 724 3543 et
739 3487 784 3542 tibi
798 3488 831 3542 ab
845 3488 974 3556 imperitis
993 3488 1052 3540 talis
1071 3488 1167 3541 inuidia
1181 3487 1369 3552 concitabitur,

577 3579 684 3650 qualem
700 3587 726 3633 tu
740 3577 815 3644 mibi,
826 3578 870 3648 qni
883 3578 922 3631 ris
937 3577 1036 3646 peritus
1052 3571 1148 3646 putari,
1163 3576 1196 3631 dc
1209 3577 1324 3645 parvulis
1336 3577 1369 3631 ab

578 3678 639 3724 ortu
655 3667 806 3723 recentibus
820 3668 954 3723 concitare
976 3665 1095 3721 voluisti.
1112 3667 1179 3722 Eece
1198 3667 1311 3737 primum
1325 3682 1368 3721 ar·

577 3770 732 3832 gumeutum
761 3770 833 3814 tunm
858 3769 955 3830 qnanta
985 3760 1110 3814 facilitate
1132 3758 1297 3813 destructum
1317 3770 1366 3823 est,

578 3852 643 3905 dnm
658 3850 795 3910 attendere
809 3852 931 3920 negligis,
947 3851 986 3905 sic
1000 3865 1059 3904 esse
1071 3849 1193 3905 homines
1208 3848 1257 3904 sub
1270 3849 1369 3903 diaboli

578 3949 718 4011 potestate,
733 3949 874 4010 antequam
889 3941 1054 3995 redimantur
1067 3955 1082 3994 a
1097 3940 1214 4004 cbristo,
1237 3949 1267 3993 ut
1281 3949 1368 3994 tanton

579 4031 627 4087 ltci
642 4033 772 4101 potestati,
789 4047 840 4085 non
855 4031 940 4086 solum
957 4031 994 4095 bi,
1010 4031 1057 4084 sed
1075 4045 1108 4085 ne
1120 4030 1176 4100 ipsc
1188 4030 1295 4099 quidem
1309 4029 1368 4084 dia·

578 4123 658 4178 bolus
671 4123 851 4177 subtrabatur.
1183 4181 1188 4190 ,

613 4213 728 4269 corut*
750 4213 792 4268 lll.
809 4244 844 4253 -
862 4213 889 4268 8.
913 4213 951 4268 lle
973 4212 1100 4282 baptismi
1127 4227 1191 4267 sane
1210 4212 1367 4284 (palastinae,

578 4319 658 4373 quam
683 4304 758 4358 tolus
782 4303 851 4372 apud
866 4305 971 4373 ignaros
987 4302 1145 4357 inuidiosam
1161 4303 1306 4357 mendaciis
1320 4318 1368 4356 no·

577 4398 641 4451 stris
666 4395 761 4450 factam
788 4395 870 4450 fuisse
891 4404 1051 4465 conquestus
1074 4410 1119 4459 es,
1136 4396 1179 4449 rix
1197 4394 1249 4449 dici
1270 4403 1367 4464 potest,

578 4504 659 4560 quam
684 4489 818 4559 eleganter
832 4488 918 4553 existi,
941 4487 1040 4542 banca
1064 4487 1138 4542 robis
1159 4487 1282 4540 amolitus
1304 4487 1370 4540 inri-

577 4580 662 4641 diam,
677 4578 793 4649 eoquod
815 4579 942 4648 parrulos
960 4577 1134 4648 baptizandos
1147 4592 1207 4631 esse
1223 4577 1367 4642 fateamini,

577 4670 639 4739 qnia
655 4687 664 4720 t
680 4670 790 4739 gratiam
804 4669 972 4738 baptismatis
989 4688 998 4721 ι
1013 4668 1110 4731 dicitis,
1130 4686 1139 4718 ι
1157 4682 1208 4721 non
1221 4682 1269 4737 pro
1282 4666 1370 4722 causis

537 4750 544 4761 ’
578 4774 639 4815 csse
654 4759 817 4824 mutandam,
832 4759 901 4829 quod
917 4760 972 4826 ipsa
990 4760 1058 4813 alona
1073 4773 1119 4812 sna
1133 4773 1180 4827 pro
1192 4756 1369 4812 accidentium

577 4851 726 4920 capacitate
750 4850 898 4920 dispensat.
923 4848 1038 4918 ideoque
1063 4847 1185 4902 cbristus
1204 4849 1248 4917 qui
1273 4851 1369 4903 estsut

556 4932 559 4936 Δ
578 4942 669 5011 operis
682 4941 846 5010 redemptor,
860 4950 948 5009 auget,
972 4958 982 4992 ι
999 4939 1096 5009 inquis,
1115 4957 1125 4990 ι
1142 4939 1212 4993 circa
1228 4939 1369 5009 imaginem

578 5046 655 5088 suam
679 5033 803 5087 continua
829 5031 951 5100 largitate
975 5029 1123 5093 bencftcia;
1146 5038 1173 5084 et
1194 5028 1370 5099 quosfeecrat

577 5121 719 5178 condendo
741 5122 836 5187 botros,
853 5119 915 5174 facit
928 5118 1079 5174 innovando
1093 5119 1295 5190 adoptandoque
1311 5135 1368 5174 me·

578 5216 670 5269 tiores,
690 5230 700 5265 ι
715 5211 832 5269 flaccino
845 5220 885 5267 est
901 5220 994 5274 toturn,
1011 5226 1059 5266 cur
1073 5211 1148 5265 vobis
1160 5211 1194 5266 de
1208 5211 1370 5281 baptismate

578 5304 750 5377 parrnlornm
777 5300 925 5357 faciendam
958 5316 1010 5354 non
1037 5300 1195 5355 existimatis
1224 5300 1370 5354 invidiam?

577 5396 654 5466 quasi
668 5395 805 5466 quisquam
821 5403 939 5448 nostrum
954 5407 1001 5448 ros
1024 5391 1120 5446 dixerit
1134 5407 1239 5461 crogare,
1253 5391 1370 5460 baptiza-

578 5484 602 5542 ri
620 5486 743 5554 parrulos
754 5497 889 5555 oportere.
905 5482 962 5538 Non
979 5497 1025 5537 eos
1047 5482 1134 5537 dicitis
1149 5496 1201 5536 nnn
1213 5469 1312 5537 debcrc'
1325 5482 1371 5536 ba-

577 5575 692 5644 patrari:
707 5573 754 5629 sed
774 5589 821 5643 pro
842 5573 1022 5644 magnitudine
1036 5572 1175 5641 sapientiae
1198 5581 1310 5637 restrae,
1326 5587 1370 5627 res

578 5664 715 5720 mirabiles
730 5664 816 5718 dicitis
830 5684 837 5719 :
853 5665 879 5717 ln
893 5666 1065 5719 Sacramenta
1075 5663 1220 5717 salvatoris
1234 5663 1370 5732 baptizan-

579 5763 634 5820 tur,
650 5754 697 5809 sed
720 5770 772 5809 nnn
793 5755 950 5816 salvantur:
976 5755 1153 5818 redimuntur,
1168 5753 1215 5808 scd
1232 5769 1284 5808 non
1306 5754 1371 5807 libe·

577 5839 690 5908 rantnr;
712 5845 842 5907 latemur,
866 5844 912 5898 sed
932 5859 985 5899 non
1009 5843 1172 5907 ablnuntur;
1187 5843 1371 5898 exorcizantur

578 5945 608 5991 et
619 5934 803 6001 exsufflantur,
819 5934 866 5990 sed
879 5951 893 5986 a
910 5942 1041 6004 potestate
1053 5933 1150 5987 diaboli
1164 5947 1216 5986 non
1231 5941 1369 5987 eruuntur.

578 6024 644 6081 lbec
662 6037 723 6082 suut
741 6026 931 6080 sententiarum
952 6034 1073 6094 portenta
1089 6032 1246 6086 vestrarum,
1262 6022 1318 6078 baec
1333 6024 1370 6076 in·

613 6206 621 6238 ¹
640 6204 709 6265 edu,
719 6205 758 6256 ldc
771 6214 796 6255 et
805 6204 875 6264 infra,
886 6204 912 6255 in
932 6204 995 6256 senis
1005 6205 1091 6256 ιιιιιὶιι.
1102 6204 1185 6255 olores
1197 6212 1248 6268 tass-
1261 6202 1372 6253 callicanl

578 6273 608 6316 et
619 6273 672 6337 tres
683 6268 786 6316 t'xtimni
799 6302 807 6328 ,
819 6267 843 6317 in
854 6267 924 6317 sertus
936 6267 1020 6317 ritulis.
1035 6267 1075 6315 alii
1088 6268 1190 6316 tatiraai
1202 6267 1258 6326 tluo,
1271 6266 1294 6315 itt
1310 6279 1373 6317 sem·

578 6340 666 6380 amotas.

1265 922 1370 978 tludtt
1390 916 1548 976 'ttlttttbb

2160 924 2212 978 tus

1428 1035 1532 1101 opinata
1546 1034 1670 1102 tattstcria
1682 1034 1833 1102 dogmatum
1855 1050 1993 1098 tantorum,
2011 1036 2065 1089 bre
2082 1037 2212 1100 parmam

1427 1123 1626 1191 f'ebtgiunnrum
1638 1124 1832 1182 lta’rcticorutu,
1849 1124 2010 1178 mirabiliora
2022 1141 2099 1195 quant
2111 1128 2212 1182 Stoico·

1425 1230 1482 1267 rntn
1497 1215 1725 1283 pbilosophorum.
1736 1216 1769 1269 Ut
1782 1217 1852 1271 cuim
1866 1216 1922 1270 lame
1935 1218 2037 1280 dicatis,
2055 1221 2154 1274 timetis
2165 1236 2212 1274 attt-

1424 1306 1495 1368 dire,
1505 1306 1536 1359 Si
1553 1307 1699 1372 saltantur,
1712 1306 1774 1376 quid
1791 1310 1815 1359 in
1829 1309 1867 1362 cis
1880 1310 2046 1377 agrotabat?
2061 1312 2082 1363 si
2098 1312 2211 1365 liberan-

1425 1404 1481 1459 tur,
1513 1398 1575 1464 quid
1606 1398 1632 1451 iu
1654 1400 1694 1451 eis
1718 1399 1852 1453 servitutis
1873 1401 1978 1454 vittcolo
2003 1402 2210 1456 tenebatnrfsi

1419 1487 1575 1554 abluuntur,
1592 1489 1654 1557 qnid
1671 1489 1697 1543 itt
1717 1491 1756 1543 eis
1772 1490 1868 1544 latebat
1883 1491 2063 1545 innuendum?
2079 1495 2099 1545 si
2113 1509 2210 1547 ernntt·
2247 1506 2251 1513 '

1421 1587 1482 1644 tur,
1498 1595 1550 1645 quo
1564 1581 1659 1633 nterito
1674 1591 1750 1634 eraut
1764 1583 1814 1633 sub
1827 1580 1925 1635 diaboli
1941 1586 2132 1653 potestatc,qni
2149 1600 2210 1653 pro-

1424 1668 1479 1734 pria
1496 1667 1634 1735 iniquitate
1649 1683 1700 1720 non
1715 1679 1791 1722 erant
1805 1670 1852 1732 rei,
1869 1672 1918 1724 uisi
1934 1674 1993 1740 quia
2010 1673 2126 1737 tralmnt,
2141 1674 2209 1743 quod

1422 1759 1535 1827 negatis,
1550 1760 1678 1827 originale
1692 1762 1851 1828 peccatum?
1869 1762 1903 1815 Et
1920 1764 1953 1815 ad
1968 1764 2017 1816 lroc
2031 1767 2141 1833 negatis,
2157 1781 2208 1819 non

1422 1856 1451 1901 ut
1472 1863 1520 1902 eos
1540 1848 1639 1913 salros,
1654 1849 1761 1913 liberm,
1778 1854 1902 1917 mundos,
1916 1853 1980 1906 nulli
2005 1854 2075 1907 busti
2090 1856 2208 1910 subditos

1419 1939 1566 2003 asseratis;
1582 1941 1720 1993 nonenim
1740 1942 1838 2010 aliquid
1859 1942 1897 1995 cis
1922 1943 2067 2011 opitulatur
2091 1956 2211 2006 restrum

1422 2029 1604 2082 testimonium
1626 2029 1731 2093 falsum,
1753 2039 1816 2085 aute
1838 2032 1955 2101 jndicem
1979 2049 2070 2088 verum
2087 2051 2093 2085 :
2110 2034 2157 2089 sed
2181 2046 2209 2089 ut

1422 2116 1474 2170 illis
1501 2118 1528 2172 in
1557 2120 1624 2172 mala
1649 2129 1782 2176 vetustate
1806 2125 2014 2190 rennuentibus,
2041 2140 2089 2177 ros
2114 2140 2210 2179 noram

1422 2211 1559 2265 sectemini
1574 2212 1728 2267 vanitatem.
1744 2213 1802 2268 Non
1815 2217 1885 2269 euim
1900 2226 2005 2281 restra,
2027 2218 2072 2272 sed
2086 2218 2155 2272 illins
2169 2228 2210 2274 cst

1420 2316 1483 2354 vera
1504 2304 1645 2369 sententia,
1660 2306 1704 2373 qm
1719 2304 1794 2370 dixit,
1820 2305 1878 2360 fiiri
1894 2309 1950 2377 qnia
1968 2319 2069 2362 renatus
2088 2309 2162 2378 [unit
2180 2326 2213 2364 ca

1420 2407 1488 2459 aqna
1497 2401 1521 2444 et
1530 2393 1631 2461 spiritu,
1646 2410 1696 2447 ιιοιι
1709 2405 1789 2465 potest
1801 2396 1897 2450 intrare
1907 2398 1934 2451 ιἰι
1947 2398 2108 2468 repropitiet
2121 2398 2209 2471 (donn.

1422 2497 1461 2546 nt,
1477 2482 1515 2552 5).

1460 2578 1487 2630 9.
1505 2575 1603 2630 teron
1623 2592 1670 2632 ros
1682 2578 1900 2633 excellentissimi
1913 2588 2046 2635 amatores
2056 2581 2125 2636 illius
2138 2582 2208 2645 vitat,

1422 2680 1482 2733 quaa
1498 2665 1584 2721 futora
1598 2676 1640 2721 est
1663 2678 1763 2723 aeterna
1776 2683 1835 2723 eum
1849 2669 1966 2735 Christo,
1981 2670 2080 2724 nullam
2104 2686 2210 2740 poenam

1423 2758 1520 2824 putatis
1542 2772 1603 2813 esse
1624 2758 1747 2830 imaginis
1767 2760 1825 2826 net,
1850 2760 1878 2814 in
1902 2770 2030 2814 eternum
2054 2763 2177 2816 exsulare
2195 2780 2210 2815 a

1423 2862 1505 2916 regno
1521 2848 1585 2902 [ιιιι
1604 2866 1610 2901 :
1629 2867 1689 2903 cnm
1712 2850 1734 2904 si
1753 2865 1861 2919 parram
1879 2866 1984 2920 poenam
2004 2866 2064 2907 esse
2077 2852 2210 2918 diceretis,

1422 2954 1476 2991 non
1489 2948 1561 2995 esset
1574 2940 1631 2994 brec
1653 2956 1706 2994 uox
1721 2941 1791 2996 beati
1812 2943 1940 2996 amatoris
1962 2942 2031 2998 dlius
2053 2943 2139 3011 regni,
2163 2945 2211 2998 sed

1423 3031 1511 3085 miseri
1524 3033 1726 3100 contemptoris.
1740 3032 1824 3087 Porro
1837 3042 1937 3095 autem,
1953 3034 1976 3087 si
1990 3033 2060 3103 qnod
2077 3034 2137 3087 lnric
2158 3038 2212 3087 snt-

1423 3121 1478 3177 licit
1504 3137 1601 3189 cause,
1630 3139 1738 3193 parram
1765 3124 1860 3178 saltem
1883 3139 1986 3191 poenam
2010 3125 2128 3179 fatemini
2142 3140 2211 3186 csse,

1422 3227 1483 3282 qum
1505 3229 1599 3282 magna
1613 3223 1669 3277 est,
1684 3222 1714 3269 ut
1729 3216 1815 3285 imago
1828 3216 1874 3269 Dei
1889 3232 1941 3270 nnn
1957 3218 2059 3270 sinatur
2073 3217 2170 3270 intrare
2186 3217 2211 3269 in

1422 3318 1533 3374 regnum
1548 3305 1593 3358 llei
1608 3320 1615 3370 ;
1632 3305 1754 3370 obsecro,
1774 3308 1874 3374 aperite
1887 3306 2094 3375 qualescumque
2108 3307 2211 3365 octdos.

1421 3404 1449 3451 et
1461 3396 1549 3452 ridete
1562 3412 1612 3467 qna
1621 3397 1722 3467 justitia
1734 3413 1811 3466 pmna
1826 3399 1875 3451 ista
1888 3396 2029 3467 infligenda
2043 3398 2076 3451 sit
2090 3398 2210 3465 parvulo,

1421 3503 1500 3556 quem
1519 3488 1616 3542 clausis
1637 3488 1722 3543 oculis
1735 3489 1855 3559 originali
1870 3489 2013 3543 obnoxium
2038 3489 2138 3557 negatis
2152 3504 2212 3541 esse

1422 3586 1541 3647 peccato.
1556 3577 1656 3633 Omitto
1670 3593 1882 3633 commemorare
1894 3595 1953 3648 quae
1967 3580 2034 3633 mala
2049 3580 2074 3633 in
2089 3571 2139 3631 bac
2154 3579 2210 3646 ipsa

1421 3670 1573 3725 transitoria
1598 3670 1651 3726 rita
1677 3686 1744 3741 pcne
1768 3687 1862 3725 omnes
1885 3671 2019 3741 patiantur
2038 3670 2162 3736 infantes,
2186 3682 2213 3725 et

1421 3762 1557 3831 quomodo
1576 3763 1724 3831 explicetur
1738 3761 1810 3832 quod
1828 3762 1929 3816 dictum
1951 3772 2002 3827 est,
2026 3761 2106 3816 Graue
2121 3763 2212 3832 jamnor

1420 3870 1496 3926 super
1508 3854 1574 3922 filios
1588 3854 1696 3907 donata
1710 3854 1751 3907 die
1764 3855 1847 3908 exitus
1860 3854 1891 3908 de
1906 3863 1989 3907 uentre
2009 3854 2096 3907 oretria
2115 3869 2211 3912 emutat,

1421 3943 1536 4012 usquein
1549 3944 1615 3996 diem
1624 3944 1760 4014 sepultura·
1771 3945 1797 3998 in
1810 3955 1917 3998 matrem
1933 3945 2045 3998 omnium
2059 3943 2151 4014 (Eccfi.
2167 3961 2210 4005 xi..

1422 4035 1461 4103 l).
1476 4033 1541 4101 Quas
1567 4034 1658 4102 utiqne
1675 4034 1743 4087 mala
1764 4035 1813 4088 snb
1823 4034 1896 4102 justo
1909 4043 1937 4088 ct
1958 4034 2139 4103 omnipotente
2159 4033 2213 4087 beo

1421 4138 1474 4177 non
1486 4124 1666 4193 irrogarentur
1678 4123 1737 4190 ejus
1749 4123 1867 4191 imagini,
1882 4123 1977 4192 quibus
1991 4124 2066 4175 malis
2079 4123 2104 4175 in
2117 4123 2213 4175 virtute

1421 4215 1540 4267 exerceri
1562 4212 1688 4267 infantilis
1710 4224 1775 4267 :etas
1790 4228 1843 4267 non
1867 4221 1953 4282 potest
1974 4214 2036 4279 diei,
2060 4214 2082 4267 si
2096 4214 2166 4267 nulla
2180 4231 2212 4268 cx

1421 4302 1574 4374 parentibus
1586 4304 1654 4358 mala
1670 4306 1764 4359 merita
1778 4303 1955 4358 traherentur.
1968 4305 2030 4358 ttae
2042 4317 2129 4360 autem
2143 4308 2212 4361 mala

1422 4394 1604 4464 parvolorum,
1627 4409 1680 4448 ιιοιι
1695 4409 1725 4448 ea
1746 4409 1805 4464 qnae
1830 4394 1928 4448 babere
1949 4403 2077 4462 negantur
2097 4397 2211 4459 arabis,

1421 4483 1469 4539 sed
1492 4499 1552 4554 quae
1579 4484 1680 4553 perpeti
1703 4493 1850 4539 cernuntur
1871 4484 1905 4538 ab
1927 4484 2049 4539 omnibus
2073 4485 2158 4551 trabis,
2185 4495 2212 4538 tn

1423 4576 1604 4645 praetermittis
1616 4576 1735 4641 omnino,
1747 4591 1797 4631 nec
1811 4576 1939 4647 respicis:
1954 4576 2001 4630 sed
2014 4576 2137 4645 spatiaris
2148 4578 2211 4632 tibi·

1422 4666 1679 4729 virdisertissimus,
1703 4674 1731 4720 et
1755 4681 1865 4721 exerces
1889 4666 2022 4736 ingenium
2044 4681 2075 4721 ae
2096 4666 2211 4735 linguam

1423 4766 1494 4811 tuam
1510 4757 1537 4810 in
1561 4756 1639 4811 laude
1654 4766 1763 4810 natorm.
1785 4755 1883 4810 Natura
1903 4756 1952 4809 ista
1968 4757 1994 4809 iu
2019 4764 2105 4811 tantas
2118 4768 2145 4811 et
2158 4766 2211 4811 tam

1423 4847 1577 4904 manifestas
1596 4849 1710 4919 collapsa
1736 4847 1867 4908 miserias,
1892 4847 2061 4913 salvatorem,
2085 4848 2211 4902 liberato-

1423 4957 1499 5005 rem,
1526 4940 1732 4998 mundaturcm.
1758 4938 1954 5008 redemptorem
1979 4939 2112 4994 tllrristnnt
2133 4940 2212 4995 babet

1423 5032 1621 5096 necessarium;
1646 5044 1698 5083 non
1720 5029 1874 5095 folianum,
1898 5046 1950 5083 non
1972 5029 2137 5093 Coelcstiom,
2160 5048 2212 5084 ιιιιιι

1423 5123 1557 5193 Pelagium
1583 5121 1757 5176 laudatorem.
1774 5120 1858 5188 Qttam
1872 5121 1979 5191 quidem
2002 5122 2095 5178 redimi
2108 5139 2159 5176 non
2175 5126 2211 5176 fa·

1425 5215 1519 5270 tercrfs
1534 5216 1559 5267 in
1573 5213 1702 5284 paruulis,
1717 5213 1768 5267 nisi
1781 5214 1842 5280 qnia
1856 5213 1907 5268 ltoe
1919 5214 2060 5269 Caelestius
2071 5217 2139 5283 apud
2151 5217 2212 5269 Car·
2293 5250 2297 5256 .

1423 5307 1556 5376 tltaginem
1583 5306 1665 5374 gestis
1687 5305 1890 5367 ecclesiasticis,
1919 5320 1964 5358 ora
1990 5304 2132 5359 cbristiana
2160 5321 2211 5358 non

1423 5396 1662 5460 sustinens,fassus
1674 5404 1724 5450 est.
1735 5395 1877 5457 Caeterum,
1894 5411 1957 5464 rogo
1972 5408 2007 5457 tc,
2021 5396 2152 5464 quomodo
2167 5411 2211 5463 po·

1424 5498 1475 5543 test
1496 5487 1606 5557 intelligi
1620 5488 1668 5540 ista
1692 5486 1849 5554 redemptio,
1866 5488 1944 5540 nisia
1968 5487 2047 5550 razdo,
2068 5485 2212 5540 redimente

1424 5580 1469 5635 illo
1482 5581 1525 5649 qui
1548 5578 1653 5633 redimit
1675 5578 1754 5631 lsrael
1779 5579 1812 5631 ab
1826 5577 1949 5631 munibus
1964 5577 2143 5644 iniquitatilns
2155 5576 2212 5642 cjns

1426 5668 1509 5738 (Psoi.
1525 5684 1616 5736 cxxix,
1631 5668 1681 5739 stt
1696 5668 1745 5724 Ubi
1760 5669 1830 5722 enirn
1846 5667 1993 5735 redemptio
2008 5676 2101 5730 sonat,
2118 5666 2213 5720 intelli·

1424 5762 1495 5830 gitur
1507 5773 1534 5816 et
1554 5763 1666 5830 pretium
1685 5777 1691 5813 :
1712 5768 1738 5813 ct
1761 5758 1831 5828 qood
1855 5765 1896 5812 est
1919 5757 1979 5821 boe,
2005 5758 2054 5810 uisi
2080 5757 2214 5825 protiosus

1424 5855 1532 5923 sanguis
1555 5854 1615 5923 agni
1641 5851 1801 5905 immaculati
1824 5850 1887 5902 iaso
1901 5849 1998 5902 cto-tot
2015 5848 2033 5915 (l
2051 5847 2119 5901 Patr,
2134 5864 2152 5904 ι.
2171 5848 2214 5912 l8,

1426 5945 1494 6015 llll?
1515 5946 1551 6000 lle
1566 5945 1615 5998 boc
1629 5953 1717 5996 autem
1732 5943 1818 6011 pretio
1832 5956 1913 6011 quare
1928 5941 1963 5995 sit
1976 5939 2075 6006 fusum,
2097 5941 2159 6009 qnid
2174 5942 2214 5995 iu·

1459 6143 1466 6173 ¹
1485 6140 1553 6197 tditi,
1576 6137 1663 6201 metetis
1682 6151 1748 6196 csse,
1768 6138 1896 6201 cttuqiucm
1909 6139 1952 6190 oei
1969 6139 1994 6191 in
2016 6147 2211 6192 oetmrntrrtcrsu·

1427 6202 1478 6252 lare
1489 6214 1504 6250 o
1515 6213 1587 6263 regim
1599 6200 1651 6250 rici.
1661 6209 1722 6257 uss..
1736 6199 1825 6263 putatis
1840 6213 1891 6252 csse
1908 6201 2019 6265 bttngbtir
2031 6201 2085 6262 Dei,
2098 6212 2147 6253 etc.

1459 6262 1520 6311 'sic
1539 6262 1647 6323 plerique
1668 6263 1830 6325 nmnuscdpti.
1849 6269 1875 6314 at
1891 6270 1927 6314 Er.
1948 6271 1974 6314 et
1994 6270 2060 6326 lom,
2072 6263 2217 6326 exsperiri-ts

1428 6323 1480 6384 toi,
1491 6324 1588 6383 orttisso,
1602 6325 1652 6374 scd.
