5592 7350
543 935 619 992 “175

567 1043 717 1118 eipleudum
733 1039 879 1122 attenderit,
892 1051 938 1098 ιιιι
951 1040 1119 1111 suscipiendo
1135 1039 1280 1094 inundarit.
1297 1036 1360 1093 ldco

559 1134 704 1210 ‘Virginem
714 1141 837 1202 uentrem,
849 1131 970 1203 nonlege
985 1131 1072 1187 carnis
1083 1131 1196 1201 peccati,
1207 1132 1233 1184 id
1247 1138 1298 1196 est,
1309 1144 1360 1183 non

552 1227 788 1302 ·concuplsccntim
803 1224 918 1280 carnalis
940 1234 1013 1279 motu
1028 1224 1221 1293 concipientem
1236 1264 1244 1287 ,
1259 1220 1306 1277 scd
1320 1221 1361 1291 pia

565 1320 620 1376 fide
633 1319 642 1352 ¹
658 1328 777 1374 sanctum
791 1330 900 1387 germen
912 1314 938 1369 in
951 1330 980 1370 se
991 1314 1046 1370 iteri
1063 1323 1269 1384 promerentem,
1283 1328 1362 1383 quant

565 1411 679 1485 eligeret
700 1411 801 1466 crearit
816 1409 839 1478 ¹,
855 1408 888 1465 de
911 1426 961 1480 qua
984 1419 1120 1465 crearetur
1142 1408 1231 1481 elegit.
1257 1407 1363 1477 Quanto

562 1504 653 1575 magis
665 1518 729 1575 ergo
748 1518 812 1558 earo
826 1501 928 1573 peccati
943 1500 1103 1572 baptizanda
1119 1510 1160 1557 est
1174 1510 1283 1572 propter
1297 1516 1362 1557 era·

555 1594 683 1650 ‘ciendum
698 1593 868 1663 'judicium
891 1592 914 1646 si
938 1591 1071 1662 baptizata
1085 1602 1127 1647 est
1147 1607 1210 1649 earo
1224 1594 1283 1647 sine
1299 1606 1362 1662 pec·

550 1695 627 1741 sento
642 1695 751 1756 propter
767 1683 922 1738 imitationis
936 1683 1105 1753 exemplum‘.i

602 1774 716 1833 cartu
737 1774 820 1830 XXV.
832 1804 867 1816 -
880 1774 924 1830 59.
938 1774 1050 1845 objectio
1063 1772 1269 1845 Pelagianorem.
1282 1771 1359 1841 Quod

489 1913 492 1918 .
553 1874 656 1924 1-antcnr
680 1881 759 1936 supra
775 1865 962 1936 respondimus
979 1862 1107 1920 adversus
1127 1878 1175 1918 eos
1192 1863 1236 1933 qui
1251 1861 1360 1930 dicunt,

567 1958 599 2014 Si
613 1969 731 2031 peccator
743 1958 828 2031 genuit
847 1966 1019 2026 peccatorem,
1039 1957 1127 2027 justus
1146 1972 1244 2028 qrroqtte
1259 1956 1362 2029 justum

553 2049 667 2121 -piqncrc
686 2048 769 2103 deluit
789 2046 897 2120 (Supra,
914 2064 941 2101 ιι.
956 2046 1020 2119 ill:
1038 2047 1088 2103 hoc
1101 2047 1182 2102 etlam
1195 2046 1238 2101 his
1250 2061 1361 2116 respon-

565 2141 675 2205 demus,
694 2139 737 2209 qni
751 2138 859 2206 dicunt,
881 2137 914 2193 de
929 2138 1036 2193 homine
1051 2138 1184 2207 baptizato
1199 2144 1291 2192 natum
1304 2136 1360 2206 jam

566 2232 640 2286 reiut
660 2231 823 2301 baptizatum
836 2230 927 2285 haheri
942 2229 1077 2286 debuisse.
1094 2228 1146 2284 Cur
1160 2230 1226 2283 enim
1239 2245 1303 2295 non,
1319 2228 1362 2281 in·

566 2323 678 2391 quiunt,
694 2322 720 2375 ia
734 2321 824 2376 lunthr's
840 2322 970 2392 patrissui
985 2321 1066 2394 potnit
1079 2321 1219 2392 inplicari,
1232 2321 1255 2375 ri
1269 2336 1361 2375 meua·

567 2416 628 2468 drtm
645 2415 786 2487 Epistulam
798 2431 854 2486 qum
866 2415 900 2468 nd
921 2414 1041 2469 ilrhroeur
1055 2415 1149 2485 scriptu
1163 2423 1214 2482 est,
1228 2417 1254 2469 in
1272 2415 1363 2470 lutnlle

565 2505 675 2569 tihruhoe
689 2505 749 2560 heri
763 2507 843 2576 potnit
862 2506 981 2560 decimari
1001 2504 1098 2577 (lichr.
1119 2521 1171 2570 ιιι,
1187 2506 1215 2569 9,
1230 2505 1291 2576 tuit
1306 2505 1362 2560 llue

565 2597 611 2668 qni
632 2597 735 2664 dicunt,
749 2597 887 2652 attendant
903 2613 954 2651 nnn
969 2608 1108 2667 propterea
1124 2597 1187 2653 Levi
1203 2606 1293 2668 postea
1307 2613 1360 2652 non

565 2687 648 2744 hrisse
661 2687 831 2755 decimatum,
846 2688 907 2760 quia
920 2688 973 2759 jam
988 2685 1075 2744 inerat
1087 2687 1234 2744 decimatus
1251 2687 1278 2741 ia
1291 2687 1360 2742 iurn-

566 2781 608 2837 his
623 2782 754 2847 libralem
769 2781 817 2838 sed
837 2780 898 2852 qnia
922 2782 962 2836 sie
976 2780 1113 2837 ordinatus
1133 2791 1174 2836 est
1195 2781 1298 2836 honore
1319 2796 1362 2834 sa·

564 2875 686 2939 cerdotii.
700 2883 728 2930 ut
738 2874 872 2946 acciperet
882 2874 1010 2940 decimas,
1020 2888 1072 2929 non
1081 2874 1214 2945 praeheret
1226 2890 1233 2926 e
1244 2872 1361 2943 alioquin

565 2981 616 3026 nec
627 2968 716 3022 eaeteri
733 2964 830 3021 iratres
842 2965 911 3036 ejus,
924 2965 968 3036 qui
981 2964 1005 3020 ei
1020 2964 1183 3033 praebebant,
1197 2962 1363 3019 decimaren-

566 3073 619 3125 mr,
630 3057 692 3128 quia
706 3066 732 3113 et
746 3057 794 3127 ipsi
806 3056 832 3112 in
846 3054 943 3111 luntbis
952 3054 1002 3111 ain
1010 3055 1091 3109 ahma
1103 3053 1297 3111 Melchisedech
1306 3052 1361 3125 jam

566 3147 669 3204 ineram
683 3146 818 3204 decimati.

598 3236 646 3292 tlt.
662 3235 715 3293 Sed
735 3252 768 3291 ne
787 3236 848 3307 quis
869 3236 958 3301 dieat,
984 3244 1124 3308 propterea
1148 3243 1220 3291 recte
1244 3234 1362 3305 potuisse

564 3328 680 3385 thratia
696 3328 765 3385 itlius
780 3328 916 3394 decimari,
932 3328 1117 3400 qunnnisjnm
1131 3327 1244 3384 inissent
1256 3327 1283 3382 in
1294 3327 1364 3382 lum·

564 3419 608 3475 his
617 3421 706 3493 ‚patris
719 3419 761 3475 sui
773 3418 897 3475 decimati
909 3461 917 3487 ,
931 3420 991 3491 qnia
1007 3418 1148 3475 decimatio
1165 3420 1223 3474 taiis
1236 3434 1280 3475 res
1292 3427 1361 3485 erut,

565 3526 624 3581 qucc
638 3511 665 3565 in
678 3525 839 3581 unoquoque
852 3509 960 3565 homine
973 3504 1044 3580 slepe
1060 3509 1144 3563 iuerat
1153 3508 1272 3564 iacienda
1279 3507 1299 3575 ⁸,
1310 3509 1363 3563 sie-

559 3612 595 3657 urt
605 3601 731 3658 israelite
742 3603 821 3657 annis
831 3602 971 3665 omnihus,
984 3601 1038 3655 imo
1048 3617 1081 3656 cx
1090 3600 1219 3658 iructihns
1238 3601 1362 3657 omnibus

564 3694 683 3751 deciman
696 3702 751 3750 tota
764 3693 817 3748 ritu
832 3708 880 3749 sna
891 3692 999 3749 crebras
1010 3693 1098 3748 solent
1111 3692 1231 3763 praehere
1245 3690 1360 3758 Levitis;

565 3785 731 3860 ihrptismum
746 3792 834 3839 eutem
849 3784 900 3840 tale
912 3793 1109 3840 sacramentnm
1123 3797 1182 3838 esse
1194 3781 1265 3854 qued
1277 3782 1362 3838 semel

565 3876 653 3942 detur,
669 3875 728 3932 etsi
744 3876 797 3947 jem
812 3874 863 3931 hoe
873 3882 1014 3944 deceperat
1028 3872 1157 3944 quisque,
1171 3889 1232 3930 euru
1246 3873 1272 3928 in
1286 3881 1361 3944 patre

565 3983 615 4024 sun
629 3974 717 4031 esset,
742 3966 848 4021 rmnuisi
869 3965 1030 4035 baptizatum
1054 3963 1136 4019 luisse
1162 3962 1360 4035 deputandam,

564 4076 626 4117 ctum
641 4061 676 4116 de
692 4059 738 4115 illo
751 4059 795 4131 qui
808 4058 957 4129 baptizatus
970 4056 1056 4113 iuerat
1069 4062 1232 4129 gigneretur.
1247 4054 1297 4124 Qui
1311 4055 1361 4112 hoe

564 4149 691 4225 dictatae
712 4151 758 4205 diu
778 4146 937 4222 disputem),
961 4147 1192 4205 circumcisionem
1216 4147 1359 4215 respiciet,

564 4257 627 4314 quae
641 4241 726 4298 semel
739 4241 828 4306 hehet,
844 4250 871 4297 et
882 4249 972 4297 tamen
983 4239 1009 4295 in
1020 4239 1131 4311 singuiis
1144 4239 1297 4310 singiliatim
1312 4237 1360 4294 lte-

565 4335 620 4393 Ιιιι.
634 4332 708 4391 Sicut
721 4348 784 4403 erge
798 4341 919 4404 tempore
938 4331 1009 4387 illius
1022 4331 1182 4387 sacramenti
1197 4331 1230 4386 de
1244 4331 1359 4386 circum-

487 4445 491 4451 *
567 4424 624 4481 ciso
634 4424 678 4495 qui
695 4431 860 4489 nasceretur,
867 4420 1097 4477 circumcidendus
1110 4420 1157 4476 luit
1170 4438 1176 4475 :
1190 4421 1229 4476 sie
1243 4435 1313 4476 mmc
1326 4419 1360 4476 de

482 4552 491 4569 .
550 4517 700 4588 'baptizato
714 4516 759 4588 qui
771 4523 850 4571 natas
861 4512 950 4581 luerit,
965 4513 1138 4583 baptizandus
1150 4522 1201 4568 est.

598 4609 644 4666 tt.
659 4607 776 4664 atenim
789 4605 934 4678 iipostnlus
946 4606 997 4667 uit,
1014 4602 1076 4658 ertu
1089 4604 1164 4660 uestri
1183 4605 1306 4659 immundi
1319 4621 1358 4660 er·

549 4707 629 4765 ἰιιιι
640 4714 708 4752 nune
724 4706 808 4753 autern
821 4697 903 4754 suncti
915 4704 976 4753 sunt
990 4695 1012 4764 (l
1025 4695 1084 4752 Cor.
1103 4711 1156 4761 nn,
1173 4693 1218 4768 ll)
1232 4713 1238 4750 :
1255 4706 1277 4750 et
1292 4696 1358 4762 ideo,

564 4789 824 4862 inquiuntfideiium
836 4789 885 4859 ptis·
892 4789 950 4860 jum
962 4787 1087 4859 baptismi
1100 4787 1203 4842 minime
1212 4786 1358 4841 clehrtrrnnt.

564 4881 647 4938 fliror
659 4880 711 4936 hoc
725 4880 824 4947 dicere,
842 4881 887 4950 qui
902 4889 999 4950 negant
1012 4889 1150 4950 peecatum
1163 4893 1195 4934 ex
1210 4878 1294 4934 Adam
1306 4879 1361 4934 ori-

563 4973 688 5045 ginaliter
700 4972 779 5027 trahi.
794 4971 822 5027 st
841 4973 912 5026 enirn
932 4972 1001 5027 hane
1012 4972 1131 5042 Apostoli
1146 4972 1305 5027 sententiam
1320 4976 1360 5026 sic

563 5063 714 5135 accipiunt,
737 5070 766 5117 ut
780 5059 890 5117 credant
902 5060 936 5117 de
950 5061 1072 5118 iideiihus
1091 5063 1270 5118 sanctificatos
1289 5063 1360 5118 iilius

563 5155 649 5224 trasei,
665 5169 713 5210 cur
725 5167 774 5209 eos
788 5153 869 5210 etiarn
890 5153 941 5224 ipsi
953 5153 1082 5224 baptizari
1096 5166 1221 5224 oportere
1243 5171 1296 5210 aon
1309 5156 1360 5210 tlu-

563 5245 666 5317 hitanti
686 5245 739 5303 Cur
752 5244 867 5315 denique
886 5243 981 5300 nolunt
994 5242 1069 5301 lateri
1084 5245 1118 5301 de
1137 5254 1247 5316 parente
1266 5261 1360 5316 pecca·

563 5349 623 5397 tere
635 5336 742 5408 aliquod
754 5344 890 5408 peccatura
902 5335 1067 5406 originaliter
1080 5335 1160 5403 trairi,
1180 5335 1203 5391 si
1218 5335 1251 5392 de
1265 5349 1358 5393 sancto

563 5429 652 5500 aliqua
672 5429 800 5484 sanctitas
814 5411 944 5481 trnltiturl
967 5425 1000 5481 Et
1012 5436 1103 5481 contre
1118 5437 1235 5482 nostram
1250 5427 1357 5499 quidem

563 5536 618 5578 uon
631 5530 673 5577 est
684 5521 876 5587 assertionem,
892 5520 997 5575 etiamsi
1012 5535 1044 5574 cr
1061 5519 1183 5575 iidclibus
1196 5522 1280 5577 saneti
1293 5537 1357 5591 pru·

557 5622 704 5683 gregantur,
719 5612 790 5684 qnod
801 5627 849 5669 cos
863 5611 986 5677 dicimus,
1001 5612 1023 5665 si
1035 5627 1090 5666 non
1106 5611 1281 5682 baptizantur,
1295 5630 1357 5685 per·

561 5719 626 5775 gere
639 5705 666 5759 in
680 5704 888 5773 damnationem,
900 5704 996 5775 quihus
1008 5711 1036 5759 et
1046 5703 1095 5774 ipsi
1107 5717 1218 5774 regnunt
1228 5705 1356 5762 roeiorum

560 5794 753 5864 intercludunt,
768 5797 889 5869 quemvis
910 5812 958 5854 eus
981 5797 1070 5854 dicant
1089 5813 1142 5852 nrm
1161 5795 1260 5854 hahere
1274 5800 1356 5855 ulium

553 5887 608 5969 eet
617 5887 767 5961 proprium,
780 5888 823 5944 rei
837 5888 966 5960 originale
986 5895 1136 5957 peecatum.
1152 5887 1206 5943 hut
1225 5887 1247 5943 si
1262 5889 1302 5945 eis
1316 5889 1355 5946 in·

582 6049 602 6081 ·¹
620 6043 902 6113 unemrcdiompue.

583 6111 604 6144 ‘i
619 6121 672 6162 tm.
685 6117 711 6161 et
722 6116 770 6168 er..
782 6121 856 6174 quma
865 6109 968 6176 cleperent
976 6111 1075 6165 eremit.

592 6172 605 6204 ⁸
620 6170 715 6236 aliqum
724 6178 794 6242 uss...
800 6175 974 6224 ementiendum.

591 6233 771 6290 ιιιιιιιιιιιιιιι..
784 6246 811 6284 ιιι
822 6246 960 6298 ramumque
976 6248 1040 6288 ιιιιιι
1052 6237 1132 6300 peccat
1141 6238 1269 6301 facienda:
1279 6239 1355 6290 omis-

548 6306 591 6348 ιο,
603 6308 679 6362 erm
689 6296 754 6358 puni
767 6296 850 6347 ceteri
862 6310 961 6360 quoque
970 6306 1123 6360 pretereunt
1135 6316 1141 6350 :
1154 6310 1180 6355 et
1191 6303 1251 6352 intra
1260 6316 1310 6367 pro,
1321 6316 1353 6355 er

532 6351 676 6415 ,warram
691 6357 789 6407 dacem
797 6370 893 6421 omnes)
906 6356 1072 6423 essecestra».

885 925 1180 986 hermeatones
1201 923 1340 982 ‚ricuidis
1360 920 1404 980 tt*
1421 919 1633 990 henisston’E,
1654 923 1683 979 S.
1704 915 1888 982 AUGUSTIM

2159 922 2213 983 tit

1415 1037 1523 1107 dignane
1543 1038 1656 1104 ridetur,
1671 1047 1700 1093 ut
1712 1039 1797 1094 sancti
1819 1040 1990 1103 damnentur,
2012 1038 2147 1108 quomodo
2169 1049 2213 1097 est

1415 1129 1523 1200 dignum
1534 1140 1563 1185 nt
1576 1146 1590 1185 ι
1604 1145 1686 1202 regno
1698 1131 1744 1187 Dei
1759 1131 1843 1186 sarrcti
1854 1131 2029 1201 separentur?
2044 1130 2110 1187 iliud
2122 1131 2211 1201 potius

1415 1221 1570 1287 attendant,
1595 1223 1728 1293 quomodo
1740 1238 1794 1279 aon
1808 1223 1843 1279 de
1858 1222 2043 1295 peecatoribus
2057 1225 2212 1293 parentihus

1416 1312 1537 1368 trahatur
1557 1313 1665 1384 aliquod
1680 1324 1836 1384 petentum,
1852 1316 1873 1369 si
1894 1315 1927 1369 de
1938 1316 2039 1370 sanctis
2051 1316 2137 1385 aliqua
2151 1330 2214 1370 san-

1415 1405 1494 1461 ctitas
1506 1404 1619 1459 trahitur
1633 1415 1659 1459 et
1670 1405 1836 1460 immunditia
1850 1404 1883 1461 de
1895 1406 2049 1461 immundis.
2062 1405 2214 1478 Utrumque

1414 1494 1487 1551 enim
1501 1494 1577 1564 dixit,
1594 1495 1639 1566 qni
1653 1494 1735 1562 dixit,
1748 1495 1866 1566 Alioquin
1882 1498 1931 1565 ptis
1944 1497 2020 1551 uestri
2034 1497 2159 1553 interradi
2174 1515 2213 1553 es·

1414 1597 1485 1652 rent,
1501 1603 1568 1641 nnnc
1589 1596 1672 1642 natent
1687 1588 1768 1642 suncti
1788 1599 1856 1642 ιιιιιι.
1883 1589 2023 1659 Explicent
2044 1590 2125 1645 etiarn
2143 1607 2213 1661 quo·
2250 1577 2256 1612 '¹

1415 1678 1495 1734 modo
1505 1678 1605 1747 justum
1617 1679 1661 1746 sit,
1678 1687 1708 1734 ιιι
1719 1680 1804 1733 sancti
1817 1695 1850 1734 cx
1866 1680 2024 1737 hdeiihuset
2038 1683 2168 1737 rinmundi
2180 1700 2213 1738 cx

1415 1768 1567 1825 intldeliirns
1581 1770 1646 1837 neti,
1664 1771 1763 1840 pariter
1778 1781 1884 1836 tamen,
1907 1772 1931 1826 si
1945 1772 2071 1841 baptizati
2087 1788 2140 1828 non
2156 1773 2214 1829 iue-

1414 1860 1479 1927 rint,
1492 1875 1602 1932 regnum
1619 1860 1665 1915 Dei
1678 1876 1730 1915 non
1745 1862 1934 1931 permittantur
1944 1863 2053 1918 intrare.
2065 1863 2134 1932 Quid
2147 1879 2214 1935 ergo

1415 1951 1468 2007 iilis
1479 1953 1528 2007 ista
1539 1954 1667 2008 sanctitas
1678 1953 1805 2023 prodest?
1817 1954 1883 2009 Nem
1898 1954 1921 2009 si
1931 1952 2052 2010 damnari
2065 1954 2214 2011 faterentur

1415 2043 1565 2099 immundos
1579 2060 1611 2100 ex
1628 2044 1779 2099 inlideiihus
1794 2053 1871 2100 natos
1883 2045 1904 2112 ¹,
1918 2053 2027 2101 sanctos
2037 2053 2129 2101 aretem
2143 2046 2216 2102 iiiios

1416 2134 1533 2192 fidelium
1555 2136 1581 2191 in
1604 2136 1649 2191 liei
1669 2135 1776 2207 quidem
1789 2151 1902 2207 regnum
1917 2137 2017 2193 intrare
2035 2151 2089 2192 non
2114 2152 2212 2205 posse,

1415 2228 1466 2284 nisi
1481 2227 1578 2284 luerint
1591 2229 1791 2299 baptizarenter
1806 2237 1894 2285 tamen
1905 2228 2039 2296 damnari,
2050 2230 2111 2299 quia
2126 2230 2213 2285 sancti

1414 2325 1488 2386 sunt,
1504 2327 1574 2373 essct
1587 2319 1790 2389 qualiscumque
1802 2317 1956 2373 distinctio:
1971 2333 2042 2374 nune
2053 2335 2119 2374 reru
2133 2328 2214 2375 naurs

1414 2405 1449 2462 de
1463 2408 1563 2464 sanctis
1573 2417 1692 2475 sanctos,
1706 2408 1779 2464 etde
1792 2408 1936 2465 immundis
1950 2410 2113 2476 immundos,
2122 2425 2214 2482 neque

1415 2499 1586 2567 literdieunt,
1598 2509 1626 2556 et
1638 2501 1700 2568 quin
1718 2509 1856 2572 peceatum
1874 2517 1927 2556 non
1943 2502 2058 2568 hahent,
2083 2519 2137 2559 noa
2163 2503 2213 2559 da-

1415 2590 1511 2657 mnari,
1529 2599 1558 2645 et
1571 2591 1632 2661 quia
1652 2590 1815 2661 Baptismucn
1828 2608 1881 2647 non
1901 2593 2044 2659 hahent,n
2064 2594 2113 2650 Dei
2128 2610 2214 2665 regno

1415 2682 1543 2752 separari.
1559 2682 1633 2738 lianc
1646 2682 1836 2738 absurditatem
1852 2684 1913 2738 talia
1927 2684 2031 2754 ingenia
2052 2700 2105 2740 non
2119 2686 2214 2742 ridere

1414 2776 1475 2845 quis
1489 2774 1600 2830 eredat?

1450 2868 1495 2921 ts.
1509 2865 1613 2923 Nostrm
1627 2876 1731 2936 autem,
1749 2868 1803 2923 imo
1818 2869 1901 2938 ipsius
1914 2868 2035 2940 Apostoli
2054 2869 2212 2933 sententie,

1415 2961 1459 3033 qui
1479 2961 1558 3027 dixit,
1575 2959 1616 3015 Ex
1628 2978 1680 3016 ιιιιιι
1699 2978 1784 3017 umnec
1797 2963 1832 3016 ud
1845 2962 2095 3026 condemnationem·
2111 2970 2155 3028 et,
2171 2961 2216 3015 Ee

1415 3072 1466 3111 uno
1483 3072 1569 3110 unrner
1582 3055 1616 3108 ud
1628 3056 1837 3126 justificationem
1850 3056 1910 3109 aitte
1930 3054 2025 3129 (Rom.
2040 3069 2065 3120 r,
2084 3054 2130 3120 ts,
2147 3053 2214 3124 tet:

1415 3161 1494 3216 qnam
1509 3160 1561 3200 non
1575 3146 1609 3200 sit
1622 3146 1786 3201 contrarium
1802 3145 1853 3200 hoc
1873 3145 1944 3215 quod
1964 3145 2017 3211 ait,
2039 3159 2099 3200 eum
2113 3144 2214 3200 dualia

1415 3253 1445 3293 re
1455 3247 1554 3309 ageret,
1571 3236 1689 3308 Alioquin
1704 3238 1752 3308 pta·
1765 3238 1839 3292 ecstrt‘
1848 3236 1973 3291 immundi
1984 3247 2075 3305 essent,
2087 3252 2156 3291 cunc
2168 3251 2215 3289 ute·

1416 3339 1464 3384 tem
1476 3329 1557 3384 suncti
1569 3338 1638 3395 ιιιιιι,
1653 3329 1788 3398 paululum
1802 3328 1919 3383 attende.

1450 3420 1563 3478 CAPUT
1577 3420 1714 3477 lixit-
1723 3422 1896 3492 Serretificutio
1909 3419 2044 3491 multiplex
2057 3420 2214 3475 Succurren-

1415 3527 1467 3572 ιιιιιι
1477 3517 1722 3571 catechumenorum.
1732 3515 1789 3570 Non
1800 3516 1878 3569 tritius
1891 3513 1962 3570 modi
1972 3513 2212 3569 estsaacuiieattoe
2244 3543 2247 3549 ·

1416 3623 1478 3663 nam
1498 3615 1526 3662 et
1548 3608 1756 3662 catechumenos
1768 3606 1915 3662 secundnm
1937 3606 2078 3678 quemdam
2088 3605 2213 3678 niodum

1415 3715 1493 3757 suurn
1514 3714 1561 3770 per
1574 3700 1679 3770 signnm
1694 3699 1793 3755 Christi
1806 3708 1833 3754 et
1850 3699 1998 3755 orationem
2014 3713 2109 3753 manus
2123 3698 2213 3768 impo-

1414 3791 1519 3848 sitionis
1531 3792 1542 3823 ⁸
1556 3799 1620 3861 puto
1633 3791 1791 3846 sanetiilcari
1805 3808 1812 3845 z
1827 3800 1855 3846 et
1868 3789 1938 3860 qnod
1953 3789 2097 3859 accipiunt,
2113 3802 2214 3859 quam·

1414 3883 1455 3939 ris
1475 3897 1528 3938 non
1548 3883 1583 3938 sit
1601 3896 1699 3954 eorpus
1718 3881 1832 3948 Christi,
1855 3891 1975 3936 sanctum
1995 3890 2161 3949 esttamen,
2184 3890 2214 3934 et

1414 3973 1533 4029 secretius
1552 3987 1632 4044 quant
1655 3972 1707 4028 eihi
1729 3972 1825 4045 quihus
1845 3973 1952 4040 alimur,
1973 3970 2098 4043 qnoniam
2122 3987 2214 4027 sacra·

1415 4074 1535 4122 metatum
1548 4075 1588 4122 est
1601 4064 1650 4139 (ιι).
1669 4064 1767 4122 Verum
1780 4075 1807 4122 et
1824 4066 1896 4136 ipsos
1909 4066 1993 4132 cibos,
2009 4065 2106 4136 quibus
2119 4064 2152 4119 ad
2165 4080 2214 4119 ne-

1415 4159 1568 4215 cessitatem
1583 4157 1852 4228 sustentandrchnjus
1865 4156 1925 4211 ritae
1939 4155 2212 4223 alimur,sanctiiieari

1413 4248 1484 4306 idem
1499 4250 1637 4321 apostolus
1652 4247 1737 4317 dixit,
1758 4248 1930 4320 perverbum
1953 4248 2000 4303 Dei
2022 4256 2049 4304 et
2062 4249 2211 4303 orationem

1414 4340 1436 4413 (l
1449 4338 1516 4396 Tim.
1532 4357 1567 4408 rr,
1583 4341 1624 4412 5),
1636 4357 1688 4412 qua
1702 4356 1827 4409 oramus,
1841 4341 1932 4412 utique
1946 4351 2038 4397 nostre
2051 4342 2211 4411 corpuscula

1413 4430 1550 4488 reiecturi.
1561 4430 1636 4487 Sicut
1648 4446 1712 4503 ergo
1724 4433 1774 4488 ista
1786 4432 1906 4488 eihorum
1920 4431 2096 4488 sanctificatio
2108 4446 2161 4485 non
2172 4431 2213 4487 ei·

1414 4522 1469 4578 ilcit
1484 4531 1512 4578 ut
1525 4524 1595 4594 quod
1611 4523 1637 4578 in
1656 4538 1688 4580 os
1702 4524 1855 4590 intraverit,
1877 4540 1931 4582 non
1947 4524 2111 4580 inventrem
2130 4522 2211 4579 radat

1412 4617 1619 4673 etinsecessum
1630 4618 2045 4690 emitteturpereorruptiunem
2056 4619 2210 4690 quaomnia
2281 4638 2283 4642 ·

1414 4716 1519 4765 terrena
1534 4711 1685 4779 solvuntur,
1701 4710 1811 4766 undeet
1829 4710 1862 4766 ad
1882 4712 1962 4765 aliam
1978 4725 2067 4766 escant
2081 4726 2142 4781 quae
2156 4727 2210 4766 non

1412 4801 1603 4872 corrumpitur,
1619 4816 1669 4856 nos
1680 4802 1811 4857 Dominus
1823 4803 1983 4859 exhortatur
1992 4800 2080 4874 (loun.
2091 4817 2129 4869 ιι,
2142 4802 2209 4874 hil:

1413 4892 1450 4947 ita
1464 4891 1640 4950 sanctificatio
1652 4895 1848 4962 catechumeni,
1861 4895 1882 4950 si
1894 4911 1947 4950 non
1959 4894 2037 4951 luerit
2046 4895 2209 4965 baptizatus,

1413 4997 1466 5037 non
1478 4983 1502 5038 ei
1516 4983 1587 5038 ualet
1601 4983 1633 5038 ed
1647 4983 1799 5039 intrandum
1814 4984 1841 5040 in
1863 5000 1974 5057 regnum
1994 4984 2143 5053 coelornm,
2163 4995 2211 5041 eut

1412 5073 1446 5129 ad
1461 5082 1630 5144 pcccatorum
1649 5076 1846 5132 remissionem.
1861 5078 1901 5133 hc
1919 5093 1969 5148 per
1980 5076 2032 5133 hoe
2043 5085 2070 5132 et
2084 5078 2129 5132 iiia
2145 5093 2210 5132 san-

1411 5164 1546 5232 ctiileatio,
1562 5166 1754 5238 cuiuscumque
1775 5168 1848 5223 modi
1860 5170 1906 5236 sit,
1921 5184 2001 5240 qaam
2016 5169 2043 5224 in
2059 5169 2121 5223 siliis
2140 5169 2209 5226 hde-

1412 5253 1476 5309 hun
1495 5269 1555 5310 esse
1566 5256 1633 5310 dixit
1646 5257 1807 5329 Apostolus,
1823 5257 1856 5313 ad
1877 5259 1954 5314 istam
1967 5257 2001 5313 de
2021 5258 2157 5329 Baptismo
2181 5269 2211 5315 et

1410 5344 1445 5401 de
1460 5346 1561 5416 peccati
1572 5347 1676 5418 origine
1689 5348 1732 5404 vel
1745 5351 1903 5406 remissione
1913 5349 2087 5421 questionem
2098 5352 2210 5406 omnino

1411 5452 1465 5491 non
1479 5438 1603 5507 pertinet.
1617 5438 1683 5494 Nam
1696 5448 1723 5495 et
1734 5440 1862 5511 conjuges
1872 5440 1996 5496 iniideles
2008 5441 2034 5495 in
2047 5442 2207 5512 conjugibus

1411 5527 1535 5585 iidelihus
1549 5530 1712 5586 sanctificari
1730 5531 1795 5587 dicit
1814 5546 1848 5588 ee
1868 5533 1926 5601 ipso
1945 5532 2004 5587 ioco
2019 5532 2054 5587 ita
2075 5524 2208 5603 inquens:

1410 5746 1455 5858 mi
1465 5751 1489 5796 tn
1503 5746 1616 5797 crambes
1623 5744 1678 5796 iere
1688 5749 1858 5812 manuscriptis
1876 5748 1958 5811 deest,
1971 5761 2004 5801 ec
2013 5745 2153 5801 burthen
2165 5764 2209 5801 nn·

1442 5871 1453 5901 ¹
1468 5870 1624 5933 nauigamus
1642 5877 1701 5931 tte,
1726 5870 1902 5924 remotionem
1920 5879 1945 5924 ct
1967 5886 2055 5925 ιιιιιιιιι
2075 5874 2210 5940 mperes·

1408 5942 1477 6055 Ἥ
1494 5992 1646 6055 accipiebant
1656 5993 1825 6044 catechumeni
1842 6003 2020 6046 commentum
2037 5995 2104 6055 salis,
2116 5996 2210 6060 quade

1409 6065 1438 6102 re
1455 6061 1536 6104 exstat
1550 6055 1647 6104 eeneiiil
1664 6057 1860 6119 mrthaginensis
1876 6059 1943 6107 tertii
1954 6059 2064 6110 munch.
2075 6058 2101 6108 td
2112 6072 2211 6108 rursum

1410 6117 1555 6178 augustinus
1565 6117 1589 6165 in
1602 6117 1664 6169 libro
1672 6117 1705 6168 de
1713 6119 1891 6168 cateddnntis
1902 6119 2016 6180 trudibus,
2033 6134 2058 6170 n.
2074 6121 2114 6177 50,
2128 6132 2210 6171 satra

1409 6185 1518 6228 mentum
1533 6191 1547 6227 a
1564 6179 1639 6242 pellat
1656 6187 1683 6231 et
1699 6182 1809 6243 sqreciem
1828 6182 2001 6231 benedictione
2016 6181 2208 6232 martimum:

1408 6243 1450 6301 qut
1460 6240 1533 6290 etiarn
1544 6192 1608 6291 faro
1619 6242 1629 6290 i
1643 6243 1832 6316 cmriessiupum.
1843 6255 1897 6317 cap.
1909 6243 1947 6304 ll,
1959 6243 1992 6293 de
2000 6256 2046 6294 suo
2056 6254 2132 6316 aperus
2142 6253 2211 6315 eete-

1408 6303 1555 6352 rhurnenatn
1625 6316 1678 6363 ens,
1694 6310 1737 6354 «ct
1750 6317 1772 6353 st
1831 6317 1864 6353 aar
1871 6319 1950 6370 Jam,r
1966 6307 2009 6368 ait,
2024 6317 2114 6372 asrgso
2128 6317 2209 6358 erutas

1413 6365 1497 6427 «equs,
1510 6371 1536 6415 et
1547 6372 1592 6414 eon
1610 6365 1678 6417 leber
1690 6367 1743 6430 ejas
1794 6377 1842 6417 e·
