5592 7350
499 849 556 912 385
855 809 884 908 S:
904 848 1085 907 sbdbsmtl
1105 850 1253 907 tll‘lscblu
1274 850 1373 905 tinen
1394 851 1438 906 DE
1459 844 1613 907 lecturo
1631 850 1814 909 paletrtttt,
2106 859 2158 916 38ss

497 962 673 1036 possibilem
685 965 805 1035 quidem,
820 964 867 1018 sod
881 979 933 1017 tion
948 964 1074 1018 ininntius
1088 978 1230 1018 eaerissum
1244 979 1251 1017 ι
1264 973 1309 1018 ιιιιι
1361 965 1394 1019 do
1408 975 1497 1019 irritam
1510 958 1559 1034 pili
1573 967 1631 1032 ire,
1653 968 1717 1021 sicut
1730 978 1753 1023 et
1767 970 1850 1022 ceteri
1869 967 1978 1040 (Epiros.
1994 985 2028 1036 ιι,
2044 968 2083 1044 5).
2099 970 2157 1043 ipsa

502 1063 575 1114 ute
587 1056 614 1112 si
631 1056 679 1112 iiie
697 1057 739 1124 ijir
759 1067 867 1111 sanctus
888 1065 967 1125 atque
989 1054 1097 1109 humilis
1112 1055 1266 1110 Zachariam
1282 1065 1309 1110 et
1361 1066 1401 1111 est
1416 1055 1486 1110 enim
1501 1071 1548 1125 per
1561 1067 1697 1125 peccalum
1711 1058 1788 1128 primi
1803 1059 1928 1127 bominis,
1943 1060 2013 1130 qnod
2028 1075 2062 1117 ex
2073 1062 2158 1121 libero

504 1145 641 1206 wiern
656 1163 772 1205 summae
786 1157 865 1219 atque
879 1146 1035 1202 omnimodo
1050 1147 1173 1218 perlectae
1185 1148 1306 1217 justitie,
1361 1147 1419 1217 ejus
1431 1148 1503 1202 renil
1514 1146 1634 1213 arbitrio,
1649 1149 1740 1204 vitiata
1750 1159 1776 1204 cl
1786 1149 1909 1205 damnata
1922 1160 2013 1205 natura
2024 1158 2034 1217 ;“
2046 1153 2089 1207 cni
2099 1156 2155 1208 sola

507 1238 549 1294 ui
560 1237 628 1294 nibil
640 1238 705 1294 addi
716 1238 772 1309 iam
785 1246 893 1309 posset,
909 1236 991 1291 luisse
1003 1237 1173 1303 existimarit,
1189 1236 1327 1307 prolecto·
1360 1258 1408 1312 per
1417 1241 1589 1297 ilediatorem
1601 1242 1646 1297 ilci
1660 1252 1687 1297 et
1698 1241 1833 1298 bouiiiium
1844 1254 1870 1299 et
1881 1245 2091 1313 omnipotentem
2103 1260 2158 1303 mc·

506 1329 670 1385 sententiam
686 1344 762 1383 suam
777 1326 903 1382 iniuulius
918 1325 1078 1383 excutiendo
1092 1328 1217 1381 correxit.
1360 1332 1448 1388 dicum
1468 1332 1556 1388 dirina
1577 1332 1701 1389 subvenit
1720 1334 1815 1403 gratia.
1835 1335 1872 1389 [lc
1886 1333 1962 1404 cujus
1976 1335 2108 1405 adjutorio
2121 1338 2154 1391 ad

461 1415 463 1430 '
538 1420 657 1478 cibus
671 1419 1307 1490 L.-55.Attendatsaneisteineodcmipso
1357 1422 1574 1491 justificationem
1597 1425 1884 1494 riostrom,qiiotlens
1905 1425 2074 1496 diligentibus
2094 1441 2154 1479 euni

508 1514 582 1580 tono,
605 1513 677 1570 urrde
696 1513 747 1568 iroe
761 1512 967 1567 Ambrosianum
984 1511 1181 1579 testimonium,
1196 1512 1265 1581 qllud
1281 1512 1307 1567 ei
1359 1514 1447 1568 oninia
1468 1525 1626 1586 cooperatur
1640 1516 1665 1570 in
1681 1515 1779 1571 borium
1797 1516 1804 1547 ¹
1821 1514 1908 1588 (Rern.
1925 1533 1989 1583 viu,
2004 1516 2068 1588 ΞΒ),
2088 1530 2157 1586 quos

509 1603 643 1672 placebat,
657 1602 820 1670 assumpsit,
836 1601 918 1655 etiam
937 1599 1002 1655 iliud
1023 1614 1084 1655 euru
1107 1600 1222 1667 dixisse,
1236 1603 1306 1671 quod
1358 1606 1432 1674 prior
1444 1605 1536 1660 dilexit
1549 1606 1570 1676 (l
1582 1604 1660 1659 ionii.
1673 1623 1710 1671 iv,
1724 1606 1780 1677 tlt),
1795 1606 1898 1661 donans
1910 1608 1950 1662 eis
1963 1617 1991 1661 ιιι
2003 1608 2157 1677 diligeretur

512 1693 567 1746 aab
586 1691 666 1746 initio
675 1706 735 1746 csse
746 1692 944 1745 immaculatum
959 1691 986 1757 ¹,
999 1690 1123 1745 irumanae
1143 1691 1307 1761 impossibiie
1358 1694 1393 1750 ab
1407 1697 1459 1761 eb,
1475 1697 1537 1766 qnia
1549 1696 1648 1764 iamdiu
1665 1706 1704 1751 est
1718 1706 1747 1750 nt
1761 1697 1917 1751 disserimus
1931 1696 2075 1766 :deinceps
2089 1697 2156 1751 inci·

510 1785 541 1838 sii
556 1792 680 1838 natur-c:
699 1801 710 1835 ι
728 1782 773 1838 ubi
789 1782 899 1836 omnino
914 1782 985 1836 illam
1005 1782 1152 1837 naturalem
1174 1782 1307 1852 possibili·

512 1885 599 1939 ιιιοιιι,
611 1888 693 1945 quani
705 1873 828 1943 Pelagius
839 1888 892 1927 non
906 1872 961 1928 ruit
973 1872 1087 1928 lideliter
1099 1873 1234 1942 respicere
1245 1888 1307 1943 pcc·

513 1973 566 2020 rato
575 1979 638 2021 csse
651 1965 781 2030 uitiatam,
797 1972 825 2019 et
839 1962 899 2019 idco
909 1962 1041 2033 jactanter
1053 1963 1166 2028 extollit,
1180 1979 1306 2019 eneruem

1359 1787 1479 1856 pionius,
1494 1798 1620 1857 qiianuim
1640 1787 1766 1842 lioniinus
1783 1787 1932 1857 adiiirerit,
1950 1789 2030 1843 etiam
2045 1788 2078 1843 de
2092 1798 2156 1856 pec·-

1358 1887 1428 1943 eato,
1443 1879 1512 1948 quod
1528 1893 1576 1948 per
1590 1895 1670 1933 unum
1683 1878 1819 1934 bominem
1833 1894 1893 1934 cum
1909 1888 1995 1933 morte
2009 1879 2117 1934 intrarit
2130 1879 2155 1933 in

1359 1967 1504 2034 muudum,
1527 1979 1606 2038 atque
1630 1970 1666 2022 ita
1692 1969 1719 2023 in
1740 1983 1835 2051 omnes
1858 1960 1979 2023 homines
2003 1970 2157 2039 pertransiit

515 2059 694 2125 insaniamque
708 2061 821 2111 testatur
838 2055 1006 2110 verterandns
1020 2055 1176 2109 Ambrosius
1191 2072 1198 2109 :
1213 2056 1306 2126 procui
1360 2058 1447 2130 (lione
1460 2076 1487 2125 r,
1502 2059 1558 2130 ts),
1569 2061 1697 2115 adrersns
1711 2061 1776 2115 istos
1789 2062 1833 2131 qni
1847 2062 1874 2115 in
1887 2076 2005 2117 errorem
2019 2062 2082 2118 huic
2092 2078 2157 2118 eon-

516 2146 584 2202 tabo
597 2154 695 2201 eontra
714 2144 792 2201 istius
804 2144 983 2210 uoluntatem,
998 2144 1044 2200 sed
1060 2159 1113 2200 nou
1132 2152 1224 2200 eontra
1242 2160 1306 2215 aito·
1359 2149 1468 2204 trarimn
1492 2151 1595 2205 rer-inni
1617 2150 1735 2219 apertius
1756 2160 1917 2221 eruperunt,
1932 2167 1992 2221 quae
2011 2153 2075 2207 satis
2093 2167 2155 2209 esse

516 2238 626 2295 wem
637 2238 788 2305 veritatem,
801 2237 845 2292 ubi
856 2236 963 2309 iegitur,
977 2234 1085 2291 Fuimus
1098 2246 1122 2292 et
1135 2254 1180 2293 nos
1190 2238 1306 2309 aliqnan-
1357 2242 1518 2298 ridebuntur
1530 2242 1690 2311 exprimere.

1390 2371 1463 2419 1ιιιι.
1477 2378 1502 2421 οι
1513 2378 1567 2431 lc,
1583 2384 1630 2431 uno
1642 2380 1718 2423 benur
1727 2370 1879 2436 diligentibus
1896 2386 1951 2423 eron
1967 2372 2049 2425 unsa
2068 2386 2154 2439 coope-

1358 2438 1445 2483 rantur
1467 2432 1493 2484 in
1504 2433 1598 2483 bortum.
1611 2432 1679 2496 llaie,
1691 2447 1721 2486 ac
1729 2435 1931 2484 dissentientibus
1941 2443 1995 2485 ttss.

1469 2545 1597 2552 ———
1608 2546 1622 2553 -
1660 2545 1905 2554 ···.--———-—---1
1917 2546 1966 2555 a·-

749 2653 829 2801 S.
893 2652 1305 2798 AURELII
1356 2655 1913 2803 AUGUSTINI

504 2901 710 3125 DE
813 2894 1410 3122 Gnatia·
1513 2898 2153 3124 CHRISTI

716 3259 829 3386 nr
866 3258 987 3386 nu
1024 3183 1441 3388 runcano
1471 3255 1950 3389 ommutui

782 3451 1019 3537 CONTRA
1055 3451 1364 3538 PELAGIUM
1399 3453 1474 3536 ET
1512 3449 1881 3537 COELESTIUM

1193 3603 1328 3754 bitti
1346 3613 1465 3701 witi.

1183 3780 1474 3837 nemausen

976 3898 1211 4007 LIBER
1240 3895 1682 4004 SECUNDUS.

1087 4063 1138 4123 DE
1159 4059 1341 4123 PECCATO
1362 4059 1581 4122 oltltllrtltt.

1242 4178 1430 4234 emble

533 4316 646 4369 ostendit
654 4316 813 4379 Augustinus,
824 4313 947 4377 Pelagium
959 4312 984 4360 ln
994 4310 1129 4374 quaestione
1138 4307 1170 4357 de
1182 4308 1217 4356 ori
1236 4305 1293 4356 inaii
1305 4311 1406 4368 peccato
1418 4315 1447 4353 ae
1457 4303 1489 4353 de
1497 4301 1651 4364 paruulorum
1663 4303 1824 4365 baptismate,
1835 4305 1894 4355 nihil
1905 4308 1986 4369 reipsa
1995 4307 2125 4360 dissentire
2139 4323 2153 4362 a

507 4374 621 4442 disputo
629 4379 710 4442 ipsius
718 4376 846 4434 cmiestio,
859 4376 900 4437 qui
911 4379 1038 4437 peecatum
1047 4368 1164 4433 originale
1176 4321 1286 4417 confiteri
1297 4365 1399 4438 noieoS,
1412 4363 1453 4436 rel
1466 4367 1539 4413 etiarn
1550 4371 1636 4427 aperte
1648 4376 1742 4427 negare
1753 4377 1843 4426 ausis,
1864 4369 2007 4439 (Jartbaglne
2035 4372 2103 4427 rrius,
2125 4386 2155 4422 ae

506 4449 589 4504 ntes
600 4448 691 4499 nome,
701 4452 716 4488 e
727 4437 879 4500 ›isoopalibns
885 4435 981 4498 judiciis
990 4434 1118 4483 damnatus
1126 4437 1173 4479 cst.
1186 4430 1348 4487 Quaestionem
1360 4440 1426 4475 enim
1435 4433 1506 4475 islam
1518 4438 1566 4474 uon
1582 4438 1666 4475 earum
1677 4439 1742 4486 esse,
1751 4435 1778 4479 ut
1789 4427 1899 4478 baeretici
1909 4430 1983 4479 iidem
1994 4444 2024 4479 ro
2036 4431 2118 4491 ebant,
2129 4435 2153 4481 iu

535 4503 592 4552 ibus
602 4508 697 4565 practer
723 4500 764 4548 dei
776 4496 912 4562 perieulum
924 4508 1008 4545 errare
1019 4494 1153 4554 contingit:
1165 4492 1214 4539 imo
1224 4490 1290 4538 bunc
1297 4500 1381 4537 eornm
1390 4500 1500 4536 errorem
1511 4488 1562 4548 ipsa
1570 4487 1732 4539 onmlnoiidei
1741 4489 1878 4539 christiane
1889 4496 1976 4552 petere
1988 4492 2153 4543 fundamenta.

543 4562 600 4613 eiilt
610 4573 659 4613 eos
710 4567 764 4620 tea,
775 4560 818 4622 qni
828 4555 1008 4669 originaliisvitii
1016 4556 1129 4619 dogmate
1138 4552 1275 4615 nuptiarum
1286 4549 1386 4599 bonitati
1397 4548 1491 4598 detralti
1499 4583 1506 4609 ‚
1514 4556 1614 4612 beoqne
1626 4550 1671 4612 ipsi
1679 4584 1687 4612 ‚
1695 4549 1800 4601 bominis
1807 4553 1850 4614 qui
1860 4564 1906 4613 per
1915 4554 2010 4615 nuptias
2020 4566 2153 4616 generatur

506 4625 622 4676 minori
757 4621 810 4672 lieri
822 4628 910 4671 eonten
928 4621 1010 4669 ebant.

535 4728 656 4786 esnttr
675 4725 815 4783 nulllbtl.
829 4753 867 4767 -
880 4726 906 4780 l.
926 4723 984 4780 iam
1001 4735 1072 4777 nuuc
1090 4719 1231 4790 diiigenter
1252 4716 1302 4770 ad·
1356 4728 1504 4783 omnesque
1527 4714 1585 4768 sine
1606 4714 1660 4768 ullo
1674 4715 1739 4769 uitio
1752 4725 1829 4770 natos
1843 4730 1903 4771 esse
1917 4717 2105 4772 contenduntl

506 4823 622 4889 inmite,
637 4820 672 4875 de
690 4818 853 4890 baptismate
875 4815 1045 4886 paruulorum
1068 4825 1148 4882 quam
1162 4817 1240 4864 cante
1252 4807 1303 4862 de·
1391 4802 1504 4858 CAPUT
1515 4800 1546 4857 ll.
1558 4834 1593 4843 -
1603 4802 1630 4856 ⁶2.
1644 4804 1677 4857 iit
1687 4804 1827 4860 Caelestius
1840 4805 1948 4875 quidem
1959 4807 1986 4861 in
2002 4808 2052 4862 boc
2066 4810 2148 4864 exsti·

504 4911 593 4970 mu,
612 4911 708 4967 audire
729 4909 850 4966 homines
870 4906 1021 4978 ejusmodi,
1046 4904 1091 4974 qui
1113 4915 1198 4972 ireque
1212 4907 1303 4970 apcrle
1357 4895 1388 4949 tit
1403 4909 1495 4949 errore
1508 4892 1625 4961 liberior,
1641 4909 1725 4963 nsque
1735 4894 1813 4961 aden,
1826 4903 1855 4949 nt
1867 4911 1953 4966 neque
1966 4897 1992 4950 in
2003 4897 2151 4968 episcnpdi

502 5004 541 5061 nli
555 5002 631 5058 artati
649 5002 783 5056 lavacrum
803 4997 1012 5070 regenerationis
1031 5002 1058 5051 et
1072 5000 1240 5064 peecatorum
1258 5004 1302 5044 re·
1353 4988 1455 5058 iudicio
1469 4988 1540 5059 apud
1562 4986 1748 5056 cartilaginem
1768 4987 1896 5043 damnare
1911 4991 2027 5045 soluerit
2046 5005 2093 5047 eos
2106 4993 2152 5061 qui

537 2431 835 2495 montemaureum.

502 5094 644 5152 missionis
664 5091 764 5146 audent
789 5103 904 5161 negare,
932 5102 966 5142 ne
990 5085 1041 5140 boc
1060 5083 1212 5138 christianas
1225 5094 1303 5135 aures
1355 5077 1457 5143 dicunt,
1476 5097 1485 5130 ι
1502 5078 1578 5147 Quod
1592 5087 1730 5148 peecatum
1750 5077 1815 5132 Adae
1829 5078 1915 5149 ipsum
1931 5080 2017 5134 solnm
2031 5081 2151 5151 laeserit,

503 5186 577 5242 ierre
596 5199 653 5239 non
677 5182 795 5252 possint;
811 5190 838 5236 et
852 5189 941 5235 tamen
961 5177 1113 5248 opinionem
1134 5189 1227 5238 suam,
1251 5186 1303 5242 qna

504 5284 600 5347 potant
613 5281 725 5344 peceato
738 5270 816 5341 prirni
827 5268 943 5325 bominis
956 5266 1088 5323 carnalem
1103 5264 1302 5335 generationem

504 5366 651 5423 obnoxiam
666 5378 720 5419 non
734 5361 835 5428 teneri,
852 5359 920 5416 tueri
939 5368 967 5414 et
982 5357 1120 5414 detonsam
1135 5356 1300 5426 persistunt,

503 5459 630 5527 οιιιιιιιιι
642 5455 683 5511 eis
695 5453 859 5524 Baptismuni
875 5450 1016 5506 videantur
1030 5450 1057 5504 in
1072 5458 1240 5519 peccatorum
1260 5464 1303 5502 re·

504 5549 664 5606 missionem
679 5546 836 5603 concedere.
851 5544 952 5614 Nempe
967 5541 1017 5613 ipsi
1031 5556 1046 5595 a
1061 5539 1167 5610 Pelagio
1176 5554 1224 5594 uos
1236 5554 1302 5608 pno-

505 5650 582 5697 ssate
606 5636 754 5710 scripsistis
780 5636 906 5701 audisse,
927 5633 1058 5690 recitante
1072 5631 1147 5686 robis
1162 5629 1196 5685 de
1214 5629 1304 5684 libello

505 5746 566 5797 sao,
581 5745 665 5802 quem
679 5729 760 5785 etiam
778 5728 890 5783 Romam
902 5742 932 5782 se
945 5724 1051 5781 misisse
1064 5721 1219 5787 asserebat,
1232 5719 1303 5791 quod

507 5822 629 5879 siisdem
644 5820 811 5877 Sacramenti
820 5819 909 5875 verbis
920 5837 930 5872 ι
941 5817 1050 5873 disant«
1065 5813 1163 5870 debere
1176 5812 1302 5882 baptizari

505 5913 644 5981 hiantes,
666 5911 762 5984 quibus
776 5919 803 5966 et
817 5909 943 5980 majores.
965 5926 976 5962 ι
997 5906 1063 5977 Quis
1080 5914 1140 5977 post
1159 5905 1204 5960 illa
1224 5905 1304 5961 rerba

507 6013 623 6078 peurel,
638 6003 679 6059 eis
690 6002 725 6058 de
738 6001 787 6056 bac
800 6017 830 6057 re
845 6000 923 6055 ullam
936 5998 1094 6054 movendam
1104 6011 1164 6053 esse
1177 5997 1305 6066 quaestio-

507 6097 588 6155 ιιοιι
613 6104 661 6150 aut
681 6108 743 6149 oum
767 6093 883 6156 laceret,
907 6091 950 6146 cui
974 6105 1027 6145 non
1049 6085 1305 6146 calumniosissimus

506 6186 654 6248 rideretur,
670 6185 692 6240 si
707 6198 760 6238 non
775 6198 867 6240 eorum
886 6180 1024 6236 maiiitesta
1037 6180 1117 6235 rerba
1133 6180 1303 6249 legerentur,

508 6278 551 6339 ubi
581 6288 683 6351 negant
704 6274 829 6351 parrulos
855 6273 959 6330 trabere
993 6272 1120 6345 originale
1146 6279 1303 6343 peccatam,

1356 5179 1382 5224 et
1394 5185 1447 5224 non
1457 5184 1541 5240 gertus
1554 5167 1716 5234 liumanum;
1733 5176 1760 5223 ct
1773 5168 1844 5238 qirod
1859 5169 2025 5241 iniantesqni
2036 5187 2152 5228 nascun-

1355 5271 1410 5328 tur,
1422 5261 1448 5316 in
1459 5276 1492 5317 eo
1502 5269 1571 5315 sbitn
1583 5263 1646 5327 sint,
1661 5260 1687 5315 in
1700 5276 1753 5330 qno
1766 5261 1850 5314 lldam
1862 5261 1980 5317 initanlc
1992 5265 2150 5333 prevarica-

1356 5353 1467 5408 tionem.
1488 5370 1497 5404 ι
1513 5352 1545 5406 lli
1559 5352 1584 5405 in
1599 5351 1664 5406 nrbc
1683 5352 1767 5405 iiunm
1782 5352 1807 5405 in
1821 5351 1911 5408 libello
1924 5368 1984 5417 sno,
1996 5369 2074 5424 quein
2085 5354 2150 5409 bea·

1357 5443 1461 5500 tissime
1472 5459 1547 5514 papa·
1562 5443 1669 5497 Zosiiiio
1679 5443 1760 5509 dedit,
1774 5445 1799 5496 id
1813 5445 1975 5499 asseveravit
1987 5446 2149 5514 expressius,

1359 5535 1459 5606 «quiid
1483 5536 1654 5604 parvulorum
1685 5537 1818 5590 nemiuem
1848 5535 1996 5606 obstringat
2020 5538 2150 5607 originale

1357 5636 1504 5697 peccatum.
1524 5645 1534 5679 ι
1553 5627 1590 5680 ile
1603 5625 1685 5696 gestis
1704 5626 1775 5682 euim
1798 5626 1984 5681 ecciesiasticis
2008 5626 2149 5698 Cartbagi-

1356 5718 1485 5773 nensibns
1499 5717 1557 5774 linc
1569 5716 1625 5788 rjus
1641 5717 1719 5773 rerba
1736 5717 1936 5787 descripsimus.

1392 5807 1506 5864 CAPUT
1525 5807 1568 5861 lll.
1583 5838 1618 5848 -
1631 5809 1657 5862 3.
1673 5826 1683 5859 ι
1703 5807 1826 5862 Aurelius
1840 5807 2065 5880 episcopusdixit
2080 5825 2088 5866 ι
2102 5808 2149 5864 Se·

1356 5899 1464 5971 quentia
1479 5899 1632 5954 recitentur.
1652 5899 1683 5953 Et
1699 5898 1837 5953 recitatum
1851 5904 1902 5958 ost,
1919 5897 1994 5965 Quod
2011 5908 2149 5968 peccatum

1357 5991 1423 6046 toa
1435 5991 1484 6061 ipsi
1498 5990 1547 6044 soli
1559 5989 1684 6059 obfuerit,
1698 5997 1726 6043 et
1738 6004 1789 6042 uon
1800 5989 1889 6059 generi
1901 5989 2027 6045 humano.
2042 5991 2075 6045 Et
2088 6006 2149 6046 curn

1358 6084 1496 6138 recitatum
1522 6092 1611 6144 esset,
1636 6081 1775 6137 Coelcstius
1797 6081 1863 6134 dixit
1880 6099 1887 6135 :
1903 6080 1959 6135 iiiii
1982 6082 2016 6138 de
2043 6083 2152 6140 traduce

1358 6176 1458 6243 peccati
1480 6173 1590 6226 (lisbium
1615 6188 1658 6226 me
1679 6187 1756 6234 esse,
1780 6171 1815 6224 ita
1834 6181 1920 6226 lamen
1941 6182 1969 6227 nt
1987 6173 2029 6227 cui
2041 6173 2152 6228 donarit

1359 6267 1429 6323 boiis
1443 6266 1554 6329 gratiam
1576 6266 1678 6329 peritior
1706 6265 1888 6334 conscotinum
1913 6266 1973 6336 grtia
1998 6267 2102 6326 diversa
2118 6281 2153 6327 ab
