5592 7350
573 968 599 1020 Η
1287 957 1478 1016 eleuterio,
2171 975 2203 1028 l!

571 1096 610 1138 es
625 1077 734 1135 eadem
748 1069 827 1131 urbe
841 1112 848 1140 ,
860 1066 897 1127 in
912 1082 976 1143 qua
992 1068 1071 1129 teste
1084 1067 1264 1147 Augustino
1279 1067 1455 1130 diutissime
1475 1070 1554 1132 risit
1570 1072 1681 1153 (Infra,
1695 1072 1730 1136 de
1744 1074 1873 1138 Peeeato
1890 1076 2060 1156 Oriqinali,
2081 1101 2111 1141 u.
2126 1083 2177 1142 aut

573 1172 636 1219 uon
651 1159 725 1214 ante
740 1164 861 1237 annum
876 1145 940 1206 iore
953 1145 1305 1225 quadringentesimum
1318 1146 1476 1223 decimam
1490 1151 1640 1212 secessit:
1656 1167 1730 1212 nam
1745 1158 1776 1213 et
1792 1154 1830 1214 ad
1847 1155 1876 1214 id
1892 1144 2044 1233 temporis
2060 1129 2199 1238 spatiuin

573 1228 753 1295 revocanda
776 1232 824 1318 est
837 1223 897 1313 'illa
911 1225 1058 1314 epistola,
1081 1242 1178 1302 quam
1200 1242 1234 1285 se
1254 1223 1402 1303 Pelagius
1424 1227 1558 1286 Paulino
1579 1230 1729 1306 episeopo
1744 1238 1819 1292 ante
1833 1233 1998 1295 duodecem
2016 1237 2080 1298 qm
2096 1256 2199 1301 annm

571 1310 756 1451 chripsisqeh,
772 1301 1217 1441 'rqlrtteqqsqdlnnoecntium
1230 1319 1347 1381 papam
1368 1303 1435 1383 jam
1458 1305 1642 1366 deiunctum
1662 1308 1788 1370 directis
1811 1315 2007 1374 memorabat
2023 1316 2032 1393 (
2046 1317 2147 1395 Infra,
2164 1319 2202 1378 de

600 1399 684 1450 rotro
747 1401 792 1444 res
808 1400 830 1449 t,
843 1398 876 1441 n.
945 1411 966 1456 ,.

611 1469 718 1528 Romae
731 1460 953 1549 longissimum
972 1459 1122 1550 temporis
1138 1460 1275 1536 spatium
1292 1478 1365 1522 eum
1378 1465 1462 1523 esset
1476 1467 1633 1535 versatus,
1649 1464 1681 1524 in
1698 1466 1872 1526 multorum
1888 1470 2104 1546 cognitionem
2117 1474 2203 1535 insi·-

572 1547 730 1607 nuaverat
742 1557 813 1601 sese
828 1558 834 1597 :
847 1555 884 1599 aa
897 1555 1035 1628 primum
1051 1539 1320 1599 existimationem
1337 1540 1371 1600 in
1382 1558 1420 1602 ea
1431 1542 1511 1602 urbe
1526 1542 1586 1601 sibi
1603 1551 1768 1619 pepererat
1783 1545 1912 1605 inirrime
1928 1550 2104 1626 vulgarem,
2121 1553 2204 1613 Hinc

571 1625 639 1703 ipse
652 1637 781 1699 quoque
797 1633 926 1707 noscere
936 1616 1024 1705 illum
1040 1616 1133 1692 caepit
1151 1617 1347 1694 Augustinus
1364 1618 1479 1698 (Infra,
1495 1618 1531 1679 de
1542 1618 1642 1679 Gestis
1655 1621 1786 1697 Pelnqii,
1798 1639 1830 1681 n.
1843 1622 1893 1701 to)
1904 1644 1911 1682 :
1924 1624 1967 1685 ita
1982 1633 2027 1697 ut,
2040 1646 2112 1688 eum
2130 1650 2204 1707 pro-

556 1703 703 1778 baretur
716 1697 861 1777 piurimis
878 1694 963 1753 tllrus
982 1699 1046 1753 vita
1057 1738 1065 1765 ,
1077 1712 1149 1753 eum
1165 1694 1321 1772 inprimis
1337 1696 1404 1758 suis
1420 1696 1574 1757 adversus
1593 1697 1692 1775 ipsius
1704 1717 1829 1760 errores
1849 1705 2014 1778 opusculis
2035 1725 2201 1784 nunquam

572 1781 638 1843 lero
654 1776 856 1867 sinebonore
871 1788 908 1834 ae
922 1771 1016 1833 laude
1026 1772 1249 1863 nominaverit.
1261 1774 1311 1834 Sic
1323 1773 1415 1834 illum
1428 1774 1564 1851 quodam
1574 1776 1656 1849 loeo,
1667 1778 1786 1838 bonum
1799 1794 1836 1839 ae
1846 1779 2189 1855 praedicandumrirum

572 1861 615 1922 ab
628 1858 667 1919 iis
681 1872 737 1934 qut
753 1871 827 1915 eum
842 1857 984 1921 nossent,
1000 1850 1131 1912 vocitari
1141 1856 1294 1923 testatum
1312 1851 1376 1912 alio
1387 1856 1505 1920 autem,
1522 1854 1624 1913 tirum
1635 1872 1718 1926 csse,
1731 1862 1766 1917 ut
1780 1856 1943 1919 auditione
1957 1862 2084 1937 quidem
2105 1832 2204 1924 acce-⁹

572 1942 675 2016 perat,
687 1938 845 2003 sanetum,
857 1935 888 1990 et
898 1946 962 1988 non
974 1945 1073 2004 parvo
1085 1934 1237 2005 proiectu
1250 1929 1461 1991 christianum
1473 1930 1587 2009 (Infra.
1596 1932 1843 1994 dePeecatorum
1855 1936 1991 2006 Meritis,
2002 1939 2055 2001 lib.
2067 1940 2190 2006 3,ηη,5

573 2016 616 2092 i).
631 2013 715 2075 Alibi
732 2010 843 2089 gratiae
867 2007 1068 2070 adversarios
1090 2008 1282 2085 generaliter
1301 2008 1346 2069 ita
1368 2007 1517 2085 predicat
1536 2029 1543 2067 :
1560 2008 1634 2072 Cum
1651 2012 1726 2077 sint,
1745 2012 1801 2083 ait,
1820 2021 1905 2073 casto
1922 2016 1987 2077 aito
2008 1998 2202 2099 erroribusque

572 2091 758 2157 laudabiles,
778 2106 833 2148 nec
849 2085 990 2147 dubitent
1006 2086 1105 2164 [acere
1120 2084 1202 2165 quod
1222 2085 1271 2146 illi
1290 2084 1385 2146 diuiti
1394 2103 1454 2164 pro
1476 2105 1565 2148 conse
1587 2089 1688 2148 ‘nenda
1707 2090 1771 2151 cita
1784 2098 1899 2151 eterno
1915 2096 2079 2156 eonsilium
2097 2099 2201 2176 requi.

571 2172 664 2239 renti,
682 2185 749 2229 eum
763 2185 793 2226 se
807 2164 1014 2253 respondisset
1023 2163 1090 2243 jam
1103 2164 1204 2224 omnio
1214 2164 1289 2243 lepis
1302 2163 1474 2242 implevisse
1485 2106 1639 2235 maniam,
1653 2169 1801 2246 pracepit
1814 2169 1982 2240 Pontinus,
1999 2175 2026 2233 si
2040 2176 2130 2235 veltet
2142 2194 2202 2235 esse

570 2252 737 2388 qrersectns,
752 2244 895 2336 uenderet
911 2259 1015 2302 omnto
1032 2259 1099 2320 que
1112 2241 1248 2310 babebat,
1266 2250 1293 2302 et
1309 2242 1396 2302 daret
1421 2242 1629 2322 pauperibus,
1645 2245 1877 2325 thesaurumque
1898 2254 2078 2331 transferret
2094 2254 2127 2313 in
2140 2273 2200 2315 ea-

587 2346 636 2389 um
650 2325 745 2407 (Ibid.
760 2323 828 2394 lrb.,
842 2322 873 2392 2,
885 2341 917 2381 n.
929 2320 993 2399 ab).
1009 2321 1053 2379 De
1066 2322 1183 2397 quibus
1199 2338 1329 2381 rursum
1341 2321 1507 2382 llonorato
1523 2324 1653 2383 scribit:
1671 2324 1736 2385 Nee
1746 2324 1821 2384 tales
1834 2335 1918 2392 sunt,
1931 2346 2008 2405 quos
2020 2331 2111 2407 facite
2123 2352 2200 2390 qm.

573 2417 707 2472 temnes,·
721 2402 772 2463 sed
786 2403 981 2463 continenter
992 2398 1137 2465 eieentes,
1149 2407 1239 2478 atque
1251 2400 1282 2458 in
1295 2398 1384 2459 bonis
1395 2400 1538 2478 operibns
1552 2399 1721 2461 laudabiles
1743 2401 1870 2492 (Epist.
1893 2403 1960 2471 tto,
1978 2425 2009 2465 n.
2021 2407 2091 2485 83).
2106 2410 2200 2469 Pela-

596 2488 661 2546 ium
677 2488 761 2545 certe
775 2480 910 2541 abarum
927 2476 1097 2538 admodum
1115 2478 1253 2537 babebat
1274 2479 1425 2536 Paulinus
1440 2476 1608 2552 episcopus
1629 2479 1792 2551 Nolensrs,
1811 2487 1920 2558 utpote
1932 2502 2028 2559 quem
2045 2487 2202 2563 insignem

600 2564 630 2625 ei
643 2578 772 2623 serrum
789 2557 1004 2619 existimabat.
1020 2555 1111 2615 lltius
1125 2555 1349 2615 adhortatione
1372 2552 1435 2612 duo
1457 2555 1604 2632 juvenes,
1618 2556 1778 2618 Timasius
1800 2562 1831 2617 ct
1848 2549 2005 2633 lacobus,
2029 2565 2202 2639 repudiatis

566 2659 644 2720 quae
655 2640 806 2701 saeculum
819 2635 865 2695 eis
881 2634 1096 2712 promittebat,
1108 2647 1142 2690 se
1151 2646 1305 2707 spemque
1316 2647 1408 2691 suam
1423 2648 1550 2691 omnem
1564 2633 1629 2693 Deo
1642 2641 1806 2696 voverant.
1815 2637 2018 2715 Quapropter
2030 2642 2203 2701 multorum

564 2720 797 2798 episcoporum
809 2713 930 2773 litteras
943 2707 1187 2800 postmodumiu
1203 2708 1342 2767 medinm
1357 2726 1394 2769 co
1407 2709 1540 2769 consilio
1556 2712 1706 2788 protulit,
1720 2719 1756 2772 ut
1770 2714 1897 2773 eximiis
1917 2716 2066 2777 laudibus
2085 2720 2202 2796 quibus

569 2816 645 2861 eum
664 2797 709 2857 illi
724 2790 930 2861 decorabant,
941 2790 1106 2863 amputatas
1120 2786 1180 2845 sibi
1198 2786 1354 2846 haereseos
1370 2792 1479 2846 notam
1493 2788 1615 2848 elueret
1632 2810 1639 2848 :
1657 2790 1756 2864 Quasi
1772 2810 1849 2857 eunt,
1864 2791 1971 2867 iuquit
1984 2797 2202 2873 Augustinus,

572 2875 786 2953 brepereerso
798 2866 922 2932 sentire,
941 2864 1106 2943 omnesqui
1120 2862 1302 2922 uedernentes
1314 2872 1341 2922 et
1355 2863 1486 2941 quodam
1501 2865 1589 2924 modo
1605 2867 1745 2925 ardentes
1757 2867 1798 2926 ed
1812 2865 1920 2927 bonam
1940 2872 2034 2930 vitam
2050 2873 2201 2932 exhorta.

506 2961 515 2984 l
573 2957 671 3016 tiones
686 2950 751 3028 ejus
765 2944 941 3011 audiebant,
956 2943 1048 3022 preste
1060 2942 1140 3002 seire
1150 2940 1315 3019 potuerint
1331 2942 1447 3019 (lasse,
1463 2940 1498 3000 de
1515 2940 1617 3002 Gestis
1631 2943 1763 3022 Pelagii,
1778 2961 1811 3004 n.
1823 2944 1887 3026 50).
1904 2946 1990 3015 litem
2004 2950 2203 3027 glorqagaqur

572 3051 607 3092 se
623 3032 653 3091 in
663 3028 773 3091 amicis
783 3025 868 3086 viros
879 3028 1005 3083 sanctos
1018 3020 1197 3096 complures
1212 3035 1383 3079 numerare
1395 3015 1503 3095 (ibid,
1515 3036 1547 3078 n.
1564 3019 1628 3099 53.)

612 3108 672 3170 Sed
687 3110 857 3185 postquam
880 3099 975 3161 semel
992 3115 1178 3177 germanam
1194 3097 1286 3157 tidem
1302 3097 1462 3166 deseruit,
1481 3099 1635 3176 quidquid
1649 3099 1695 3159 illi
1711 3102 1837 3178 pietatis
1853 3103 1960 3164 inesse
1972 3106 2151 3178 videbatur,
2168 3110 2201 3169 in

572 3187 640 3250 dies
657 3184 783 3257 deiecit,
800 3186 855 3243 aut
870 3178 1001 3268 omnino
1019 3175 1162 3237 evanuit.
1177 3177 1224 3235 Ab
1242 3174 1356 3236 Oresio
1372 3175 1411 3236 ad
1425 3192 1546 3236 annum
1561 3178 1912 3256 quadringentesimum
1928 3183 2084 3244 decimum
2100 3189 2200 3263 qnin-

572 3273 653 3339 tum,
668 3269 724 3326 aut
736 3259 1086 3340 quadringentesimum
1102 3254 1259 3316 decimum
1274 3259 1401 3314 sestam
1415 3255 1636 3317 conscribente
1651 3259 1674 3315 A
1680 3258 1852 3335 pelagiam,
1862 3261 1894 3321 tt
1897 3280 1972 3321 oeus
1988 3264 2133 3340 magister
2146 3267 2200 3326 nri·

574 3345 731 3423 nisterque
750 3356 924 3408 ntensnrum
947 3335 1139 3413 appellatur.
1158 3334 1240 3394 Tum
1259 3334 1300 3394 ab
1320 3332 1430 3393 eodem
1452 3333 1569 3394 dicitur
1586 3358 1600 3390 a
1617 3338 1819 3411 l-upapma.»
1840 3340 1895 3416 qui
1918 3341 2026 3400 venire
2041 3342 2100 3404 sibi
2112 3363 2201 3421 posse

572 3422 792 3516 perfectionem
807 3418 877 3479 vitre
889 3414 1090 3476 immaculate
1102 3411 1317 3479 manducanti,
1333 3410 1461 3479 bibenti,
1476 3411 1700 3492 dormientique
1713 3418 1883 3493 confirmet.
1896 3417 1981 3477 lnlru
1991 3437 2120 3496 quoque
2133 3440 2202 3497 pqr.

573 3501 744 3581 strrngitnr
762 3497 854 3576 quasi
872 3496 913 3555 ob
933 3492 1152 3554 temulentiam
1169 3491 1256 3551 bisce
1272 3492 1401 3551 verbis:
1425 3490 1503 3551 Post
1516 3492 1643 3552 multam
1660 3493 1818 3569 crapulam
1834 3497 1998 3556 nouissime
2016 3502 2166 3578 eaperqes
2181 3532 2201 3545 -

575 3589 654 3642 ctus.
670 3581 709 3639 Et
724 3594 797 3640 eum
811 3592 883 3635 eum
902 3572 1063 3631 schemate
1076 3570 1213 3647 gigantis
1229 3569 1451 3647 descripsisset
1466 3569 1547 3630 idem
1562 3570 1695 3632 Orosius
1712 3573 1742 3630 in
1758 3571 1843 3632 bunc
1859 3575 1999 3641 modum,
2015 3577 2084 3637 Stat
2101 3563 2201 3644 tinum.

574 3659 723 3722 missimus
739 3651 885 3733 superbia
906 3646 1045 3715 Goliatlt,
1067 3648 1188 3709 earnab
1206 3647 1351 3726 potentia
1373 3647 1519 3716 trentidus,
1542 3650 1645 3711 omnia
1664 3666 1722 3727 per
1744 3669 1775 3708 se
1789 3669 1879 3729 posse
1896 3653 2072 3732 eorrfideas,
2092 3665 2201 3745 aeque,

573 3756 695 3803 suanus,
712 3742 812 3795 totum
825 3733 955 3807 insuper
970 3743 1083 3805 corpus
1094 3725 1234 3804 plurimo
1250 3734 1407 3804 apparatu
1426 3727 1581 3788 uestitus:
1603 3733 1639 3788 ut
1660 3729 1810 3799 bominis,
1827 3748 1923 3806 quem
1947 3735 2042 3791 etiam
2064 3734 2103 3793 de
2125 3735 2203 3796 lacie

575 3820 728 3886 noverat,
750 3810 887 3890 speciem
907 3805 1093 3868 aetermam
1116 3805 1182 3865 suis
1206 3805 1355 3865 omnibus
1371 3805 1532 3865 coloribus
1549 3806 1729 3884 effingeret,
1747 3807 1821 3868 baio
1842 3809 1963 3869 rudiori
1979 3813 2103 3875 tabellae
2121 3814 2204 3873 sub.

575 3894 649 3957 inde
678 3908 779 3955 novas
798 3889 900 3948 lineas
923 3884 1056 3963 adjecit,
1076 3890 1107 3945 et
1128 3882 1267 3959 quodam
1286 3883 1377 3955 loce,
1391 3882 1453 3943 Sed
1469 3882 1528 3943 tibi
1539 3930 1547 3951 ,
1566 3885 1681 4021 iuquit,
1699 3886 1842 3963 specialis
1857 3887 2090 4026 iudrqtortaudt'
2103 3892 2203 3959 oneris

574 3976 708 4056 sortasse
723 3968 838 4050 fiducie
859 3972 919 4032 est,
946 3962 1030 4053 quqd
1050 3960 1167 4022 balneis
1182 3960 1340 4039 epulisque
1355 3962 1498 4021 nutritus
1512 3963 1593 4023 latos
1618 3980 1746 4023 turneros
1761 3972 1872 4041 pertas,
1891 3984 1927 4025 ro
1951 3977 2107 4046 ustornqne
2131 3986 2204 4031 oer-

574 4052 683 4118 eiaem,
698 4047 865 4128 preferens
881 4043 972 4102 etiam
987 4058 1021 4101 m
1035 4040 1140 4119 fronte
1153 4039 1381 4118 pinguedinem.
1396 4040 1517 4100 Verum
1537 4041 1622 4103 baud
1640 4042 1756 4102 scimus
1772 4060 1812 4102 an
1830 4045 1934 4120 ipsum
1956 4049 2139 4107 eunuchum
2155 4048 2204 4109 si-

574 4131 642 4193 mul
659 4134 691 4191 et
706 4128 831 4189 luscum
849 4121 946 4182 luisse
966 4119 1120 4197 designet,
1144 4136 1217 4179 curn
1237 4118 1303 4178 ait:
1322 4118 1439 4181 Noster
1458 4118 1509 4178 bie
1527 4121 1665 4186 mestitias,
1688 4120 1771 4181 leeris
1790 4123 1821 4182 in
1839 4125 1961 4200 fronte,
1980 4142 2203 4199 apparatum.»

576 4208 723 4284 Denique
738 4220 802 4282 qua
825 4202 950 4262 ratione
970 4197 1117 4276 Pelagius
1133 4197 1231 4258 sitam
1245 4213 1337 4259 suam
1360 4197 1517 4269 instituat,
1533 4199 1648 4259 asserit
1663 4198 1807 4277 ignotum
1825 4218 1895 4261 esse
1911 4202 2040 4260 nemini.
2063 4192 2171 4281 Neque
2186 4222 2205 4269 s

577 4287 639 4348 aue
658 4286 800 4349 alienum
816 4278 1048 4358 putarerirnus,
1065 4274 1210 4336 eumdem
1224 4276 1314 4335 illum
1336 4277 1377 4336 ab
1392 4276 1589 4355 Hieronymo
1604 4279 1784 4346 rsonrinari,
1801 4277 1947 4338 Albinum
1965 4299 2086 4345 canens,
2101 4298 2204 4358 pren-

578 4367 682 4428 demet
697 4360 922 4439 corpulentum,
936 4363 964 4415 ct
974 4355 1028 4433 qui
1041 4353 1177 4444 calcibus
1187 4354 1394 4432 maqispossit
1405 4354 1611 4433 sevireqnam
1622 4354 1764 4415 dentibus
1779 4355 1894 4435 (Infra,
1908 4358 2048 4435 Append.
2059 4371 2150 4436 parte
2160 4360 2203 4439 Ξ).

617 4442 730 4506 isidori
752 4437 931 4508 Pelusiotae,
948 4435 1008 4497 viri
1032 4438 1232 4512 peccatorem
1253 4433 1285 4492 in
1305 4432 1470 4493 desideriis
1493 4433 1608 4493 anirrrae
1629 4450 1695 4493 sure
1716 4434 1847 4493 laudare
1870 4451 1908 4493 ac
1931 4437 2062 4513 palpare
2085 4440 2203 4509 nescii,

578 4526 684 4587 exstat
704 4520 744 4582 ad
767 4516 929 4595 Pelagium
948 4512 1142 4576 monachum
1163 4530 1180 4571 e
1204 4511 1298 4572 istola
1315 4511 1348 4572 in
1373 4511 1457 4570 bane
1472 4509 1628 4571 iormam:
1651 4510 1727 4572 Corsi
1747 4511 1838 4590 efflusi
1852 4522 1925 4571 sent
1943 4515 1976 4573 in
1996 4513 2160 4591 Ephraim,
2178 4525 2204 4575 et

578 4603 643 4681 ipse
658 4596 832 4679 ignorauit,
851 4592 974 4656 uitiosis
988 4591 1137 4653 nimirum
1150 4529 1367 4668 allectionibus
1375 4588 1587 4668 juvenescens.
1602 4589 1654 4649 Eo
1669 4588 1759 4650 neoda
1776 4589 1833 4650 tibi
1848 4608 1968 4670 quoqne
1980 4593 2090 4669 inqens
2102 4612 2206 4654 arina-

581 4698 655 4743 rum
670 4676 761 4739 turba
782 4673 927 4736 canitiem
943 4670 1079 4740 irruerit,
1098 4677 1125 4730 et
1147 4677 1247 4730 tamen
1266 4667 1509 4747 riqidnmatque
1523 4668 1673 4747 inflexum
1685 4668 1821 4727 <animum
1840 4668 1940 4736 babes,
1958 4689 1995 4729 ea
2011 4671 2072 4730 atio
2096 4689 2207 4732 neona-

579 4760 672 4821 eterio
689 4759 723 4820 in
740 4753 828 4818 aliud
851 4751 979 4813 subinde
993 4751 1143 4828 miqrons,
1158 4754 1189 4807 at
1214 4764 1249 4808 ue
1264 4746 1399 4808 amnium
1416 4765 1533 4807 scensas
1555 4756 1754 4823 perscrutans
1774 4756 1866 4825 atque
1887 4749 2067 4826 repriorans.
2086 4747 2207 4822 erant-

580 4837 682 4901 obrem
694 4836 721 4897 si
739 4834 797 4896 tibi
809 4832 950 4894 carnium
964 4827 1058 4890 nidor
1073 4764 1377 4907 aesculanorum
1392 4825 1619 4886 condimentum
1639 4843 1719 4885 eura
1733 4834 1795 4893 est,
1813 4826 1853 4887 iis
1868 4827 1922 4905 qni
1935 4827 2135 4905 rnaqistratus
2150 4847 2207 4905 qe-

579 4925 658 4979 runt
678 4914 787 4993 potius
813 4909 970 4975 blandire,
994 4914 1085 4985 atque
1099 4905 1224 4966 urbium
1244 4905 1381 4967 caminos
1395 4904 1522 4983 vestiga.
1541 4904 1646 4984 Neque
1659 4904 1738 4964 enirn
1752 4904 1889 4965 domines
1901 4908 2030 4968 eremita
2059 4905 2207 4965 (territans

581 5014 631 5057 eas
645 4993 774 5063 babent,
790 4999 824 5051 ut
840 4997 886 5055 te,
903 4982 1156 5079 quemadmodum
1170 4982 1227 5044 tibi
1242 4991 1365 5060 pratum
1382 4990 1438 5054 est,
1459 4985 1601 5059 racipere
1620 4984 1742 5043 valeant
1756 4982 1838 5059 (lib.
1858 4985 1886 5052 1,
1902 4984 2009 5059 Epist.
2035 4981 2116 5058 ‘tlt
2143 4983 2207 5045 lloc

581 5074 688 5137 auitam
701 5068 883 5149 epistolium
898 5083 924 5126 sr
942 5064 1014 5124 Pola
1038 5061 1071 5122 io
1086 5059 1306 5123 timestarebe
1319 5061 1452 5120 missum
1468 5065 1535 5130 est,
1552 5065 1676 5134 oportet
1697 5059 1774 5118 illud
1790 5064 1865 5119 ante
1878 5060 2037 5137 vulgatam
2052 5060 2120 5137 ejus
2138 5061 2206 5121 bm-

581 5153 678 5217 rcsim
696 5148 867 5226 scriptumt
883 5147 982 5220 atquo
997 5080 1077 5203 afieo
1092 5156 1159 5203 non
1173 5138 1274 5203 multo
1291 5145 1459 5215 postquam
1474 5155 1515 5198 es
1537 5136 1642 5197 Airiea
1655 5153 1764 5205 anno,
1780 5142 1815 5195 nt
1852 5142 1938 5197 estea
1955 5137 2068 5197 dicturi
2083 5156 2205 5209 sumus,

581 5224 897 5312 quadringentesimo
910 5220 1033 5282 decimo
1055 5218 1159 5296 primo
1173 5215 1333 5296 proiectus
1351 5223 1411 5277 est.
1427 5217 1466 5276 Et
1479 5220 1563 5276 certe
1576 5231 1673 5292 quam
1688 5231 1811 5274 morum
1823 5156 2081 5292 (leprecationem
2098 5218 2207 5274 anirn-

581 5310 769 5374 adrertebat
788 5305 821 5364 iu
850 5299 977 5379 Pelagio
998 5297 1161 5370 lsidorus,
1184 5312 1226 5358 ea·
1248 5313 1311 5356 non
1332 5295 1402 5356 lero
1421 5301 1645 5373 argumentum
1670 5293 1907 5358 subministrat,
1929 5310 1994 5370 quo
2018 5310 2207 5369 persuasum

583 5392 771 5457 babeamus,
792 5382 823 5444 id
842 5384 1017 5457 antequam
1036 5379 1145 5437 Romae
1163 5378 1357 5447 moraretur,
1377 5373 1432 5435 ubi
1450 5372 1484 5433 in
1502 5388 1618 5451 magna
1636 5371 1718 5449 apud
1742 5373 2021 5449 probosquosque
2036 5372 2206 5431 existima-

583 5470 669 5530 tione
685 5465 778 5537 sixit,
795 5460 980 5537 neutiquam
996 5454 1177 5533 contigisse.

934 5536 973 5596 11.
988 5534 1096 5596 Primo
1111 5532 1186 5593 Pela
1214 5532 1233 5594 't'
1246 5533 1364 5611 scripta
1376 5548 1489 5592 eenerto
1503 5529 1720 5610 baretensium
1732 5529 1857 5593 imbuta.

623 5628 787 5688 Testatum
800 5616 929 5695 reliquit
944 5612 1139 5684 Gennadius,
1151 5611 1191 5670 Pe
1206 5610 1314 5689 agium
1329 5610 1517 5747 priusquam
1532 5609 1564 5668 in
1578 5609 1706 5670 traresis
1722 5613 1830 5668 erotem
1845 5606 2043 5680 incurrisset,
2060 5608 2209 5686 scriptio·

585 5724 641 5768 tros
656 5704 779 5780 aliquot
795 5702 895 5760 bonas
909 5693 1055 5762 edidisse,
1073 5695 1138 5752 tres
1151 5689 1297 5750 videlicet
1311 5689 1410 5749 libros
1446 5688 1644 5752 elrinitate,
1661 5686 1809 5747 studiosis
1824 5688 1879 5764 qui
1895 5687 2044 5747 Ecclesiae
2059 5705 2156 5764 super
2171 5703 2208 5747 ea

585 5804 620 5846 re
634 5784 782 5861 dogmata
795 5778 915 5838 discere
930 5774 1094 5849 cuperent,
1112 5767 1286 5847 perutilem
1306 5783 1345 5830 ae
1361 5768 1477 5827 tibrum
1492 5784 1593 5826 unum
1606 5765 1834 5844 Eulogiarum,
1849 5764 1888 5825 ad
1903 5767 2140 5843 componendos
2154 5764 2211 5824 bo·

585 5861 680 5926 minis
695 5856 860 5921 christiani
876 5869 981 5914 mores
999 5846 1154 5927 imprimis
1169 5845 1442 5907 accommodatum
1458 5845 1574 5923 (infra,
1591 5842 1731 5922 Append.
1746 5852 1835 5920 parte
1847 5842 1891 5921 ἢ).
1909 5843 1955 5903 lbi
1968 5844 2055 5905 varia
2072 5843 2211 5919 scriptu.

586 5955 695 6004 rarum
712 5934 894 5998 testimonia
910 5931 971 5992 sub
987 5927 1120 5988 diversis
1136 5925 1235 5986 titulis
1250 5923 1420 5985 drstrrbuta
1433 5924 1652 6001 proponebat,
1669 5921 1820 5981 nimirum
1835 5921 1985 6000 Cypriani
2001 5938 2088 5982 more
2104 5940 2140 5982 ac
2156 5921 2211 5981 in-

587 6020 711 6089 stituto,
737 6013 828 6092 cujus
849 6011 910 6071 istc
924 6026 1006 6086 opus
1022 6006 1061 6070 ad
1083 6002 1253 6080 Quirinum
1276 6021 1336 6063 suo
1359 6002 1421 6063 isto
1442 6001 1483 6062 ad
1500 6002 1679 6061 Rauranum
1696 6002 1778 6060 libro
1792 6000 1928 6072 imitari,
1954 6001 2017 6058 imo
2032 6000 2162 6077 explere
2178 6018 2212 6060 se

587 6098 671 6161 velle
679 6092 871 6175 praedicabat
887 6086 994 6168 (ibid.)
1011 6086 1158 6148 :bicatum
1172 6087 1277 6145 tamen
1292 6081 1383 6142 illum
1396 6086 1569 6159 martyrem
1585 6098 1656 6140 cum
1671 6078 1775 6139 debito
1791 6097 1917 6156 semper
1932 6078 2052 6139 bonore
2068 6096 2212 6139 conrme-

587 6192 718 6241 morans
736 6171 857 6253 (lupa,
875 6174 985 6228 eontra
999 6163 1076 6224 duos
1090 6161 1255 6255 Epistulas
1269 6160 1520 6240 Pelagianoram,
1534 6157 1588 6217 lib.
1603 6157 1633 6228 lt,
1647 6175 1679 6216 n.
1695 6158 1760 6236 at).
1780 6158 1857 6219 Erat
1875 6158 1960 6216 bieco
1975 6156 2066 6226 liber,
2083 6157 2164 6216 sieut
2184 6163 2213 6214 tt

589 6256 655 6320 ulia
673 6251 792 6331 Pelagii
810 6262 927 6326 opera,
950 6244 1048 6306 latine
1069 6245 1206 6318 scriptus
1227 6238 1351 6379 qiusra,
1374 6239 1411 6299 de
1431 6236 1533 6298 Gestis
1550 6235 1688 6314 Pelaqt'i,
1710 6255 1743 6294 n.
1762 6235 1810 6316 b).
1834 6237 1872 6295 At
1893 6235 1981 6293 illum
2002 6236 2212 6311 Augustinus,

503 6340 507 6348 ’
570 6349 646 6387 '¹0¹1
658 6332 747 6405 ΕῌΙθ
767 6329 886 6396 larum,
897 6322 953 6385 ted
967 6321 1188 6399 Capitulorum
1198 6318 1227 6397 (1
1249 6317 1306 6391 ta,
1319 6335 1376 6379 nu.
1388 6319 1420 6390 7,
1431 6315 1496 6396 bi),
1513 6333 1636 6376 necnon
1652 6315 1715 6376 alio
1729 6315 1800 6376 loco
1814 6311 2082 6375 Testimoniorum
2097 6311 2212 6371 librum

552 6402 708 6471 appellat
724 6349 849 6478 basra,
867 6408 987 6460 contra
1004 6398 1090 6459 duas
1101 6398 1272 6479 Epiktetos
1285 6397 1541 6482 Pelagianornm,
1561 6396 1614 6459 lib.
1631 6393 1709 6471 itu.
1725 6392 1799 6472 ill:
1826 6408 1890 6469 qua
1911 6389 2086 6467 posteriore
2105 6388 2212 6452 titula-
