5592 7350
570 908 623 965 m

571 1030 599 1074 et
615 1016 711 1090 pudor.
736 1014 792 1072 lloc
817 1011 904 1083 potios
925 1006 1019 1064 audire
1039 1003 1120 1061 debet
1140 999 1281 1066 Ecclesia,
1304 997 1376 1067 qua}¹

573 1109 648 1181 uirgo
661 1106 770 1169 dicitur,
786 1112 815 1159 ut
832 1116 881 1155 ros
893 1107 1005 1165 caream
1023 1096 1075 1151 hoc
1089 1102 1230 1157 matronas,
1247 1090 1298 1145 boc
1311 1087 1366 1141 eir·

573 1200 649 1272 gines
671 1211 771 1261 sacrae,
794 1192 846 1248 hec
870 1190 959 1248 omnis
981 1186 1107 1261 pudicitia
1131 1183 1286 1241 christiana.
1308 1176 1367 1234 Nam

573 1289 657 1354 enirn,
670 1287 739 1342 sicut
753 1284 902 1345 insimulas,
915 1299 925 1333 ι
936 1296 996 1336 eom
1005 1275 1266 1337 llaniclrreisdicnnt,
1280 1272 1369 1325 inesse

575 1379 648 1437 carni
662 1391 717 1431 sue
732 1376 793 1430 mali
808 1373 1013 1430 necessitatem:
1032 1387 1042 1423 ι
1058 1366 1129 1440 quod
1142 1365 1241 1420 malmn
1255 1361 1292 1417 illi
1307 1360 1371 1415 sub·

576 1469 711 1531 starrtialc,
734 1474 760 1521 et
780 1466 836 1521 boo
855 1472 1021 1519 claternam
1043 1474 1104 1515 esse
1123 1456 1308 1511 mentiantur:
1324 1449 1371 1505 sed

574 1558 670 1616 dicuat
682 1571 747 1613 sane
759 1571 819 1612 cum
831 1553 969 1625 hpostrrln,
986 1551 1063 1605 Video
1072 1548 1150 1604 eiiam
1165 1548 1242 1617 lcqern
1256 1546 1282 1598 io
1295 1558 1373 1596 naara

578 1652 630 1706 bris
643 1649 715 1716 eseia
731 1656 912 1719 representem
932 1644 982 1715 irqi
999 1641 1088 1696 meotis
1103 1654 1180 1703 osee,·
1201 1650 1262 1692 esse
1284 1644 1371 1689 meten

578 1759 639 1800 eant
653 1742 705 1797 sub
716 1739 799 1795 animi
814 1748 957 1810 potestate,
970 1736 1055 1807 gratia
1069 1734 1114 1789 liei
1129 1746 1176 1803 per
1187 1730 1278 1787 lesam
1296 1728 1374 1783 Cleri·

579 1846 651 1891 ιιιιιιιι
671 1834 812 1889 bonrirmm
834 1844 966 1896 nestrum,
990 1832 1017 1885 in
1043 1828 1138 1883 mortis
1159 1840 1272 1895 corpere
1296 1822 1376 1879 casti·

581 1926 709 1999 gandam,
726 1925 753 1979 in
767 1930 853 1978 morte
867 1920 989 1992 corporis
1004 1917 1200 1980 resolvendam,
1215 1912 1377 1982 incoeperis

584 2014 789 2073 resurrectione
806 2023 833 2069 et
855 2012 951 2067 mertis
973 2019 1061 2066 morte
1091 2006 1249 2063 sanandam.
1273 2004 1378 2059 Tenent

584 2106 657 2162 enim
671 2115 791 2161 sanctam
804 2103 1008 2174 professionem,
1031 2114 1085 2155 non
1105 2099 1163 2153 solo
1178 2096 1268 2151 babitu
1283 2095 1376 2158 testis,

583 2195 631 2252 scd
643 2205 671 2251 ct
685 2194 782 2250 mentis
796 2201 825 2249 et
839 2193 969 2263 corperis,
984 2190 1135 2247 resistendo
1155 2187 1378 2258 conarpiscena'e

584 2288 684 2352 caetris,
696 2286 766 2358 qued
781 2286 825 2342 hic
835 2287 891 2341 lieri
904 2295 991 2356 potest
1001 2302 1009 2350 ;
1019 2297 1073 2340 non
1084 2297 1115 2339 ea
1128 2296 1238 2353 prorsus
1251 2277 1377 2344 carendo,

584 2378 656 2451 qued
672 2378 715 2433 bic
730 2377 789 2434 lleri
803 2391 856 2431 nen
872 2384 968 2446 potest.
981 2373 1038 2429 lloc
1048 2389 1112 2445 ergo
1124 2373 1244 2436 audiant,
1256 2380 1285 2426 ut
1294 2370 1381 2427 detrec

585 2470 631 2527 illa
643 2481 761 2536 careant,
775 2484 825 2524 ros
836 2476 957 2523 careant.
980 2466 1046 2523 llam
1061 2468 1085 2522 si
1097 2467 1130 2520 ab
1143 2464 1268 2520 emrribus
1281 2464 1380 2519 sanetis

586 2574 703 2633 qrracras,
715 2569 841 2630 tanquam
855 2560 882 2613 in
896 2568 989 2614 sancte
1001 2557 1136 2613 auditorio
1149 2554 1254 2611 duobus
1268 2556 1381 2611 recitare

587 2652 765 2722 cupientibus,
775 2661 863 2704 utrum
874 2652 1094 2720 vituperatorem,
1106 2662 1139 2701 an
1152 2645 1318 2701 larrdatorcm
1328 2660 1383 2700 ma·

588 2743 639 2800 lint
651 2741 745 2797 audire
759 2741 894 2807 libidinis;
918 2740 981 2812 quid
996 2739 1030 2796 de
1052 2740 1105 2795 illis
1127 2752 1317 2810 responsurum
1332 2754 1382 2809 pu·

590 2843 642 2897 tas,
656 2834 849 2889 corstincntium
864 2832 996 2899 laborem,
1016 2830 1219 2901 conjrrgatornm
1235 2829 1382 2899 pudorem,

590 2924 711 2979 ornarinrn
727 2922 894 2978 castitatem?
904 2922 977 2977 ltane
989 2937 1054 2977 vero
1067 2920 1215 2990 abjicerent
1227 2919 1261 2974 ab
1274 2919 1384 2975 auribus

591 3016 650 3069 sois
664 3013 782 3070 libidinis
795 3013 1029 3084 vituperationem,
1046 3020 1073 3066 et
1084 3011 1199 3066 libenter
1213 3010 1335 3065 audirent
1350 3009 1385 3065 ll·

593 3105 692 3162 bidinis
709 3104 835 3160 landcsni
846 3103 905 3162 Nee
921 3102 1084 3175 usqueadeo
1099 3102 1245 3173 portandum
1260 3111 1302 3159 ost
1323 3116 1385 3172 per-

592 3198 647 3253 isse
669 3195 785 3252 iruntem
798 3194 832 3251 de
845 3194 926 3250 rebus
938 3193 987 3267 (a),
1009 3202 1038 3248 ιιι
1060 3192 1111 3247 hoc
1124 3192 1262 3260 dedecus,
1286 3192 1338 3248 nisi
1359 3191 1386 3248 in

593 3287 640 3341 tali
654 3284 724 3342 forte
736 3284 869 3340 auditorio
884 3284 971 3351 lieret,
986 3283 1031 3340 ubi
1046 3293 1072 3340 te
1083 3283 1230 3339 recitaturo
1244 3281 1387 3339 consideo·

594 3380 666 3435 tibus
683 3378 822 3450 discipulis
839 3379 895 3433 suis
908 3378 1036 3449 magister
1049 3376 1192 3435 Coelostius
1205 3384 1252 3433 aut
1265 3376 1388 3448 Pelagius

594 3470 759 3543 presideret.

629 3545 1388 3636 CAPUTlll(b).-h5.llincadalianerbamcatraesis,

594 3654 640 3711 ubi
661 3653 736 3709 disi:
755 3673 765 3707 ι
782 3653 858 3708 llunc
879 3653 969 3725 itaque
990 3662 1093 3709 motum
1117 3653 1176 3709 ideo
1202 3652 1387 3721 indecentem,

595 3746 658 3818 quia
680 3745 888 3812 inobedientem,
911 3759 972 3800 cum
994 3746 1032 3800 illi
1056 3745 1134 3815 primi
1159 3745 1282 3800 hemines
1300 3746 1326 3800 in
1341 3758 1389 3800 soa

595 3853 677 3893 cartre
687 3835 848 3900 sensissent,
861 3845 889 3891 et
903 3835 930 3889 in
945 3850 992 3890 sna
1008 3834 1128 3890 nuditate
1140 3836 1331 3902 erubuissent,
1351 3835 1391 3890 lo·

596 3929 639 3985 liis
654 3925 778 3984 liculneis
793 3925 887 3983 cedem
902 3926 1022 3982 membra
1036 3935 1178 3981 texerunt:
1194 3934 1224 3980 ut
1236 3926 1330 3982 saltem
1345 3941 1390 3980 ar·

598 4019 678 4074 bitrio
690 4016 926 4074 verecundantium
944 4018 1087 4085 velaretur,
1110 4017 1181 4088 qnod
1204 4033 1257 4071 nen
1280 4017 1392 4072 arbitrio

598 4108 746 4164 volentium
765 4107 940 4174 monebatur3
954 4116 982 4162 et
995 4108 1122 4178 queniam
1137 4107 1251 4177 pudebat
1264 4107 1335 4178 quod
1351 4108 1391 4162 in·

598 4201 728 4256 riccerrter
739 4198 848 4265 libebat,
861 4198 1008 4270 operiendo
1021 4200 1097 4255 lieret
1110 4199 1180 4270 qnod
1194 4198 1308 4255 decebat
1320 4219 1329 4251 ι
1342 4198 1393 4270 (lle

601 4290 707 4363 Nuptiis
725 4299 748 4345 st
761 4288 983 4360 Concupiscentia,
1004 4290 1048 4343 lib.
1071 4291 1097 4356 l,
1114 4308 1141 4345 ιι.
1156 4290 1203 4361 i).
1233 4290 1279 4345 llis
1303 4290 1392 4345 verbis

600 4386 668 4440 sarcis
684 4384 838 4455 propositis,
853 4383 905 4438 lrec
926 4392 952 4438 tc
972 4383 1028 4453 jam
1047 4382 1212 4440 destruxisse
1233 4383 1259 4437 in
1282 4383 1393 4439 soeurrdi

602 4477 639 4531 tni
653 4476 712 4531 libri
727 4473 923 4545 disputatione,
937 4483 964 4529 et
977 4473 1005 4528 in
1018 4473 1096 4542 hujus
1114 4473 1195 4539 tertii,
1208 4474 1250 4528 cai
1265 4488 1336 4528 nunc
1352 4489 1394 4528 ro·

601 4567 731 4639 spondeo,
755 4575 831 4637 parte
849 4566 998 4637 superiore,
1018 4564 1090 4620 inani
1111 4565 1255 4636 jactatione
1276 4582 1396 4622 conrnrc·

601 4672 702 4713 rrreras.
722 4656 799 4712 Nunc
812 4666 912 4722 ιιιωιιι,
926 4655 988 4726 quia
1003 4656 1081 4710 istum
1098 4674 1108 4708 ι
1133 4666 1233 4711 motum
1252 4677 1262 4710 s
1278 4658 1395 4713 libidinis

602 4747 656 4803 disi
671 4765 681 4800 ι
696 4747 755 4804 ideo
770 4745 947 4810 indecentem,
959 4747 1021 4818 quia
1033 4747 1251 4815 inobedientem;
1269 4768 1280 4804 ι
1295 4750 1395 4807 dixisse

603 4854 646 4895 me
661 4840 700 4894 ris
713 4839 810 4909 puerei,
826 4855 836 4890 ι
856 4853 909 4891 nrm
933 4854 993 4894 cam
1006 4841 1128 4909 corpori,
1152 4855 1204 4894 nen
1226 4841 1317 4896 anime
1336 4858 1396 4899 esse

603 4932 761 5000 subiectam,
777 4931 824 4986 sed
841 4929 896 4986 iera
911 4932 1009 4987 virtute
1022 4947 1130 5003 semper
1149 4933 1315 4989 indomitam.
1337 4954 1347 4989 ι
1363 4938 1396 4991 alr

604 5037 654 5092 ego
669 5023 740 5078 illam
759 5023 882 5078 uirtutem
904 5038 1038 5093 nunqnam
1061 5024 1116 5079 dixi
1136 5038 1206 5092 esse,
1229 5025 1277 5081 sed
1292 5026 1395 5081 uitium.

603 5113 681 5184 baed
694 5115 718 5171 si
733 5130 786 5169 non
804 5123 926 5171 monetur
940 5116 1168 5185 concupiscendo,
1189 5117 1308 5187 quidest
1325 5117 1397 5189 qued

604 5206 734 5262 adsersus
752 5219 812 5261 eam
833 5205 941 5261 castitas
955 5205 1065 5261 dimicat
1079 5208 1263 5264 continendo?
1276 5209 1320 5264 ubi
1335 5221 1400 5266 sunt

605 5297 650 5352 ilia
664 5312 724 5369 quas
737 5295 866 5352 adsersus
878 5310 938 5351 cam
953 5295 1093 5353 confessos
1106 5312 1136 5354 es
1150 5301 1270 5356 esercerl
1289 5311 1399 5358 sartcto·

605 5404 692 5444 roma
715 5389 829 5461 gloriosa
852 5389 1017 5444 certamina?
1035 5390 1195 5457 »Quantum
1220 5408 1284 5464 erge
1305 5394 1400 5452 attinet

606 5578 755 5645 pressione,
767 5573 926 5640 frenatione,
936 5574 1005 5630 etad
1015 5577 1080 5631 nihil
1091 5576 1210 5633 illicitum
1224 5579 1400 5648 permissione

606 5675 738 5735 serrem,
757 5666 891 5724 heodicio
904 5668 975 5739 qued
994 5683 1067 5740 ege:
1089 5668 1136 5724 sed
1156 5670 1227 5740 quod
1246 5686 1402 5743 expugnan-

606 5759 681 5826 ιΙιιιιι,
695 5758 911 5830 opprimendum,
927 5759 1117 5815 refrenandum
1133 5769 1190 5824 est,
1205 5777 1239 5817 nc
1260 5760 1294 5816 ad
1310 5762 1400 5817 illicita

594 5851 703 5919 sapiat,
718 5851 814 5923 quibus
835 5850 938 5907 initiare
960 5869 1014 5908 non
1037 5862 1142 5921 cessat,
1167 5853 1266 5909 bonurn
1291 5871 1350 5911 esse
1374 5866 1401 5911 tu

608 5942 686 6008 diris,
702 5958 754 5997 non
767 5959 826 6013 ego.
840 5942 905 6011 Quis
918 5955 1006 5999 autern
1022 5955 1142 6001 nostrenr
1157 5962 1247 6003 rcrrrnr
1261 5947 1343 6016 dicat,
1356 5949 1401 6019 jn-

608 6034 698 6088 diccnt
711 6037 790 6102 casti,
803 6038 984 6094 auscultantes
997 6041 1049 6093 nori
1065 6040 1162 6111 lingna
1175 6049 1240 6106 teor,
1257 6041 1304 6096 sod
1317 6057 1402 6113 erpo·

610 6125 713 6180 ricantia
734 6139 798 6181 sne.
813 6127 919 6184 iudicet
940 6130 1093 6200 spostolus,
1107 6133 1210 6199 dicens,
1230 6131 1309 6189 Video
1325 6136 1403 6190 aliana

642 6215 677 6273 ln)
696 6211 782 6264 tllndlt
792 6215 822 6265 ad
834 6222 898 6266 Pers.
912 6227 955 6267 sat.
969 6221 994 6281 5,
1007 6235 1071 6272 aces.
1086 6224 1138 6286 1115,
1155 6225 1204 6276 lbi.

643 6274 679 6338 11)
695 6274 760 6339 apsel
770 6284 821 6326 sm.
835 6283 920 6341 etim,
930 6281 954 6331 5.

965 893 1103 954 cenans
1122 883 1296 949 rnsrsnnrr
1315 843 1550 947 sessonensi,
1564 880 1593 937 s.
1614 878 1797 940 suousrnn

2160 877 2215 934 seu

1422 995 1501 1062 legem
1518 995 1544 1049 ιἰι
1558 995 1674 1049 membris
1691 994 1762 1059 mas,
1778 1004 1959 1066 repugnantem
1976 992 2024 1066 legi
2038 994 2131 1049 ιιιιιιιίι
2145 1009 2215 1049 moe.

1456 1085 1501 1141 ab.
1525 1104 1534 1137 ι
1554 1085 1607 1141 Sed
1630 1086 1793 1153 Paterrriarri,
1808 1100 1818 1137 s
1835 1084 1933 1155 ioqnis,
1950 1104 1960 1138 ι
1979 1085 2115 1156 iidemque
2128 1083 2217 1141 Venn-

1422 1175 1502 1230 stiarri
1515 1175 1633 1245 heretici
1645 1172 1683 1247 (a)
1697 1176 1799 1232 slmiles
1811 1172 1973 1241 diarrichaeis,
1987 1173 2080 1230 dicunt
2091 1189 2108 1229 a
2120 1175 2220 1231 lumbis

1423 1282 1508 1338 usqne
1521 1268 1554 1322 ad
1568 1267 1650 1338 pedes
1662 1267 1799 1324 diabolum
1812 1266 1908 1324 iecisse
1923 1283 2021 1339 cerpus
2033 1267 2162 1335 bortrinis,
2175 1284 2220 1323 su·

1425 1361 1545 1430 periores
1558 1375 1621 1415 aere
1642 1370 1732 1433 partas
1753 1361 1836 1417 beram
1856 1362 1928 1417 uelut
1947 1377 2029 1431 supra
2051 1360 2145 1417 basem
2168 1361 2219 1416 ali·

1425 1465 1504 1519 qnam
1518 1452 1664 1506 collocasse
1678 1469 1684 1503 :
1699 1450 1853 1522 adduntque
1867 1451 1934 1507 nilril
1947 1452 1981 1507 ab
2001 1453 2119 1507 heminis
2134 1452 2221 1527 studio

1426 1543 1536 1612 requiri,
1550 1557 1629 1612 quam
1649 1552 1677 1597 nt
1692 1546 1780 1597 aninrn
1796 1559 1875 1615 quam
1896 1544 1923 1599 in
1938 1545 2122 1600 stonracltoct
2136 1547 2222 1615 rapite

1428 1632 1550 1690 habitare
1562 1634 1664 1700 dicent,
1678 1635 1775 1689 munda
1789 1644 1927 1691 serretur:
1942 1636 2038 1706 pubcin
2051 1652 2119 1691 scre
2131 1637 2155 1691 si
2166 1652 2224 1691 aare·

1429 1726 1501 1781 nium
1515 1725 1675 1797 flagitiorum
1691 1725 1816 1782 sordibus
1828 1727 1971 1794 oblinatur,
1996 1730 2070 1783 aiunt
2092 1728 2128 1784 ad
2149 1745 2223 1783 suaso

1429 1835 1481 1874 non
1498 1822 1632 1889 pertinere
1645 1834 1747 1874 curant.
1764 1818 1802 1875 lta
1824 1835 1943 1891 semper,
1960 1840 1971 1875 s
1987 1822 2087 1892 inquis,
2102 1840 2114 1873 ι
2133 1834 2159 1876 ιιι
2175 1822 2223 1891 ast

1431 2003 1465 2060 tis
1480 2003 1601 2075 alligent.
1621 2002 1704 2074 Cujus
1718 2003 1878 2075 cognatione
1898 2005 2050 2070 sententia,
2075 2005 2227 2074 ›posuisse

1431 2110 1475 2151 mc
1489 2096 1516 2151 in
1532 2094 1601 2151 libre
1614 2109 1674 2151 meo
1685 2095 1805 2150 asseris:
1824 2114 1834 2148 ι
1849 2094 1968 2150 Arbitrio
1988 2094 2227 2151 verecundantium

1432 2185 1581 2250 velabatur,
1601 2184 1673 2256 quod
1688 2199 1741 2241 nen
1757 2184 1868 2241 arbitrio
1882 2185 2028 2241 reierrtium
2049 2186 2227 2245 metebatur:

1433 2287 1460 2334 et
1473 2278 1544 2349 quod
1559 2292 1611 2333 ιιοιι
1631 2279 1753 2333 serviens
1771 2277 1918 2343 rolrrntati,
1941 2292 1990 2333 suo
2007 2278 2069 2347 jore
2083 2292 2183 2347 cerpus
2200 2278 2229 2331 li-

1434 2371 1497 2425 bido
1515 2369 1673 2425 succendat.
1699 2369 1858 2441 »Numquid
1879 2370 1939 2426 idee
1954 2371 2007 2424 rim
2026 2372 2150 2426 ueritatis
2162 2370 2228 2425 cliu-

1433 2479 1497 2534 gere
1511 2463 1619 2533 poteris,
1634 2463 1696 2533 quia
1715 2462 1792 2518 nubis
1811 2461 2000 2518 calumniando
2021 2462 2153 2531 importas
2167 2464 2175 2494 ¹
2190 2480 2230 2516 se·

1435 2557 1491 2610 cirts
1508 2553 1650 2610 ialsitatisl
1667 2553 1744 2622 Quod
1759 2553 1831 2609 enirn
1853 2568 1904 2624 ege
1923 2553 1950 2608 in
1972 2552 2042 2608 libre
2066 2568 2129 2609 mee
2145 2555 2229 2624 posui,

1435 2648 1477 2702 cui
1492 2648 1587 2703 cedere
1601 2645 1701 2701 utisrnm
1720 2662 1800 2717 qnam
1823 2648 1949 2703 resistere
1969 2647 2124 2713 maluisses,
2154 2647 2231 2717 lenge

1435 2740 1516 2794 distat
1530 2739 1565 2793 ab
1578 2737 1636 2793 istis
1650 2738 1818 2794 Paternianis
1831 2754 1879 2794 seu
1896 2738 2077 2795 l'cnustianis.
2094 2740 2150 2811 Ego
2162 2738 2230 2793 coins

1436 2830 1584 2886 secandum
1597 2830 1756 2886 catholicam
1772 2830 1863 2898 hdenr,
1879 2839 1962 2886 tetum
1978 2832 2128 2896 hominem,
2150 2841 2230 2887 soom

1437 2923 1539 2978 scilicet
1553 2924 1670 2977 arrianam
1686 2931 1823 2993 totumque
1835 2937 1933 2994 corpus
1945 2922 2004 2992 eius
2018 2923 2075 2979 beo
2089 2939 2196 2978 summo
2206 2932 2232 2978 et

1438 3028 1502 3068 acro
1517 3014 1605 3068 tribuo
1618 3014 1751 3068 creatori:
1766 3011 1901 3068 diabelurrr
1913 3023 2003 3069 autern
2015 3014 2077 3070 dico
2090 3014 2232 3069 humanam

1440 3104 1480 3158 acl
1494 3103 1591 3174 aliquid
1606 3104 1665 3174 ejus
1679 3119 1733 3159 nen
1756 3119 1873 3171 creasse,
1896 3104 1944 3160 sed
1959 3105 2068 3161 uitiasse
2093 3115 2231 3171 staturam

1439 3204 1585 3265 contraque
1600 3197 1685 3265 ipsam
1697 3195 1857 3252 diabolicam
1876 3198 1991 3269 plagam,
2005 3213 2067 3267 quan
2082 3196 2130 3252 bel
2145 3197 2233 3268 epitu-

1439 3289 1538 3344 latione
1552 3290 1670 3343 sananda
1685 3298 1745 3356 est,
1764 3288 1851 3345 detrec
1861 3288 1896 3344 ab
1909 3304 1941 3345 ea
1956 3290 2064 3360 penitus
2077 3289 2234 3356 liberemur,

1442 3381 1519 3435 nelis
1533 3395 1594 3436 esse
1609 3380 1798 3452 pugnandum:
1818 3395 1868 3437 nec
1885 3383 2001 3436 animans
2015 3397 2069 3451 qna
2084 3396 2184 3453 cerpus
2197 3383 2234 3437 ri·

1440 3474 1489 3537 ait,
1504 3473 1655 3528 universam
1669 3472 1794 3528 mundam
1806 3475 1829 3540 ¹,
1843 3482 1971 3545 quantum
1985 3472 2012 3528 in
2025 3471 2078 3528 hac
2091 3473 2147 3527 rita
2162 3488 2236 3526 men·

1441 3563 1491 3620 dos
1504 3565 1583 3618 home
1597 3574 1648 3628 est,
1664 3578 1742 3635 pesse
1756 3566 1873 3632 serrari,
1895 3564 1917 3619 si
1935 3564 2164 3633 concupiscentia
2177 3577 2235 3618 ctr-

1443 3656 1484 3710 nis
1498 3654 1531 3710 ad
1545 3653 1642 3725 flagitia
1657 3654 1833 3727 perpetranda
1847 3663 1874 3710 et
1892 3669 2005 3726 quaeque
2019 3652 2161 3709 immunda
2174 3668 2236 3709 con·

1442 3750 1566 3804 semserit.
1580 3748 1716 3816 Quantum
1729 3762 1793 3818 ergo
1806 3748 1921 3818 pertinet
1933 3747 1966 3801 ad
1981 3747 2060 3802 istam
2075 3747 2236 3801 calumniam

1444 3849 1526 3906 tnarn,
1542 3840 1670 3909 numquid
1686 3839 1769 3895 habes
1781 3839 1910 3894 adsersus
1921 3840 1970 3894 ista
1984 3855 2045 3910 que
2057 3839 2152 3895 dicasi
2163 3839 2237 3909 Quod

1444 3931 1466 3985 si
1482 3939 1719 4000 pinemacorum
1739 3930 1838 3986 danrno
1856 3940 1884 3985 et
1905 3929 2104 3985 anatliematieo
2126 3945 2159 3986 ca
2181 3945 2238 4002 qne

1446 4024 1621 4078 l‘aternianes
1644 4038 1692 4078 scu
1713 4022 1890 4080 venustianos
1910 4025 2011 4080 sentire
2033 4025 2148 4091 dixisti;
2172 4025 2239 4079 adde

1445 4116 1525 4168 ctiam
1545 4113 1722 4169 blanicbaes:
1745 4121 1872 4185 utrosque
1895 4130 1955 4169 cnm
1978 4115 2085 4170 caeteris
2107 4114 2238 4171 hereticis

1444 4220 1581 4272 exsecror,
1594 4205 1704 4270 danrno,
1716 4205 1924 4272 arrathematieo,
1938 4206 2069 4261 detester.
2082 4207 2154 4274 Quid
2167 4221 2240 4277 que·

1447 4299 1484 4352 ris
1496 4296 1632 4368 amplius?
1645 4299 1719 4352 llrrre
1734 4308 1760 4353 te
1772 4298 1922 4363 calnnmiis,
1939 4297 2039 4354 uiribus
2053 4297 2168 4365 luctare,
2188 4313 2240 4353 non

1448 4389 1594 4443 irarrdlbus.
1612 4388 1755 4458 llespende
1768 4389 1838 4445 urtde
1858 4391 1902 4456 sit,
1927 4390 1971 4445 cni
1992 4390 2043 4445 nisi
2063 4397 2240 4463 repugnetur,

1448 4480 1519 4534 nella
1534 4480 1644 4536 castitas
1657 4481 1816 4536 custoditur.
1838 4480 1896 4535 Non
1910 4492 1951 4535 est
1965 4492 2040 4536 certe
2054 4490 2150 4537 narrare
2163 4491 2243 4555 atque

1447 4571 1606 4638 sarmentis,
1624 4570 1771 4626 secusdum
1791 4569 1967 4626 Venestiuraes
1980 4579 2007 4626 et
2018 4570 2185 4627 llanichxoos
2198 4588 2206 4626 ι
2220 4572 2241 4627 si

1448 4676 1497 4717 ncc
1509 4661 1601 4716 vitium
1615 4674 1717 4716 naturas
1732 4670 1783 4728 est,
1797 4660 1860 4732 quid
1873 4660 1937 4717 esti
1949 4661 2089 4730 Exsurgit,
2103 4663 2243 4733 opprirno;

1449 4754 1583 4820 renititur,
1597 4753 1720 4821 reiren03
1736 4762 1875 4824 repugnat,
1891 4768 2023 4825 expugno.
2039 4754 2068 4808 ln
2084 4764 2141 4809 reta
2156 4755 2243 4808 anima

1449 4856 1476 4900 et
1489 4853 1545 4900 tete
1559 4860 1672 4913 corpore
1685 4845 1852 4901 conditorem
1867 4844 1953 4900 babeo
1972 4845 2045 4915 pacis
2065 4846 2151 4901 heum
2163 4864 2171 4900 ε
2185 4847 2244 4915 qais

1450 4936 1476 4991 in
1491 4950 1534 4991 mc
1548 4936 1687 4990 senrinavit
1702 4934 1753 4989 hoc
1767 4935 1890 4990 bellent?
1904 4935 1994 5000 Solae,
2015 4937 2157 5007 Apostelc,
2170 4955 2243 5007 qna·-

1450 5030 1575 5096 stionem,
1595 5039 1676 5099 atquc
1691 5028 1841 5096 resplende:
1857 5027 1908 5083 Per
1921 5045 2000 5083 eoam
2012 5029 2143 5084 bononem
2155 5045 2245 5100 perca

1451 5132 1503 5175 tunt
1517 5121 1617 5175 intravit
1631 5121 1657 5174 irs
1669 5120 1802 5186 mandunt,
1816 5129 1839 5175 et
1855 5136 1901 5190 per
1914 5129 2045 5191 peccatam
2063 5137 2153 5185 neers:
2175 5130 2199 5175 et
2212 5122 2246 5173 ita

1450 5212 1477 5264 irs
1494 5227 1579 5265 enarres
1592 5211 1704 5265 leontinae
1717 5210 1871 5279 pertransiit,
1882 5210 1908 5264 irs
1921 5227 1971 5281 qao
1982 5227 2068 5266 omnes
2080 5222 2247 5283 ριτιιιιειιιιιι

1452 5302 1541 5371 (horre.
1554 5300 1640 5371 aldi.
1655 5300 1707 5356 Sed
1721 5314 1774 5355 ιιοιι
1786 5300 1842 5355 asrlt
1855 5299 1985 5356 tatianus.
2001 5300 2036 5356 Et
2048 5302 2082 5356 ad
2098 5302 2160 5367 lrec,
2176 5301 2247 5372 hpo·

1453 5393 1520 5446 stele.
1530 5391 1616 5455 beaw,
1630 5390 1779 5460 responde:
1793 5390 1889 5462 Siquis
1899 5390 1967 5446 uobis
1979 5392 2170 5446 canantiooerit
2186 5409 2249 5464 pre-

1454 5492 1491 5539 ter
1502 5484 1570 5550 qrred
1583 5485 1723 5554 mrepiatia,
1737 5485 1872 5537 anathemo
1885 5485 1918 5538 sit
1930 5485 1939 5552 (
1951 5483 2034 5538 Galat.
2051 5499 2070 5544 r,
2087 5483 2137 5556 9).

1488 5575 1534 5630 at.
1549 5574 1603 5632 Sed
1620 5593 1630 5628 ι
1648 5575 1671 5631 si
1692 5575 1853 5642 connivero,
1874 5595 1884 5630 ι
1900 5575 1970 5632 sicut
1989 5574 2073 5642 diois,
2093 5594 2103 5628 ι
2124 5578 2249 5633 ins-ictum

1455 5680 1515 5723 esse
1528 5666 1643 5722 libidinis
1659 5666 1772 5732 malum,
1790 5665 1935 5736 proiltebor
1948 5681 1991 5722 me
2003 5681 2064 5722 esse
2074 5661 2250 5737 'trrrptnrdtms

1455 5758 1632 5815 advocatum:
1653 5759 1674 5814 si
1687 5766 1776 5814 autern
1789 5758 1892 5824 disere,
1911 5758 2011 5813 malurn
2024 5776 2066 5815 mc
2079 5759 2190 5830 quidem
2204 5763 2250 5812 irre

1456 5853 1575 5907 traturaie
1586 5852 1695 5913 dixisse,
1711 5851 1757 5906 sed
1771 5852 1841 5920 qnod
1856 5851 1925 5906 uinci
1947 5853 2041 5920 possit,
2058 5853 2083 5905 id
2099 5863 2151 5918 ost,
2170 5851 2253 5922 posit

1456 5943 1560 6007 carer·i;
1581 5961 1591 5994 s
1608 5943 1728 6011 protinus
1744 5952 1770 5995 tu
1784 5956 1815 5996 er
1829 5941 1878 5995 alia
1894 5951 1968 6011 parte
1981 5944 2123 5997 serrtcrrtim
2139 5957 2190 5996 ιιιιι·
2205 5944 2251 5996 tri-

1490 6107 1497 6136 ¹
1512 6104 1623 6165 l‘ieriqne
1635 6112 1698 6161 itas,
1711 6102 1824 6164 t'nrprataa.

1458 6169 1498 6282 αἱ
1520 6166 1610 6228 ΑΙιιμιιιι
1640 6173 1682 6218 llss
1708 6201 1715 6225 ,
1743 6179 1790 6227 qrre
1817 6178 1903 6235 surpra
1930 6164 1986 6215 cisti
2013 6166 2151 6218 traorensem
2182 6182 2250 6219 rrae·

1524 6243 1595 6283 ,clm

1476 6245 1525 6356 mh)
1545 6302 1560 6340 t·
1579 6295 1600 6344 le
1614 6293 1701 6344 libr-nm
1713 6293 1905 6357 deltaercsilus.
1921 6289 1979 6339 baer⁴
1993 6292 2031 6337 ii'i.
