5592 7350
568 914 603 966 11
1298 892 1492 952 tetrica-ino.
2180 897 2214 953 ρ,

567 1031 600 1088 11
617 1024 710 1104 cujas
731 1018 904 1100 provinciae
923 1016 1002 1076 urbe
1020 1012 1185 1091 primaria,
1201 1008 1348 1071 Caesarea
1362 1007 1522 1077 videlicet,
1539 1024 1610 1083 qum
1626 1015 1657 1067 ct
1672 1007 1793 1085 regioni
1813 1025 1930 1067 nomen
1945 1007 2041 1080 dedit,
2056 1008 2106 1069 die
2124 1012 2213 1088 eige-

568 1110 651 1168 simu
663 1099 855 1182 septembris
871 1095 967 1175 hujus
980 1092 1082 1172 ipsius
1096 1088 1406 1169 quadringentesimi
1420 1086 1532 1149 decimi
1548 1086 1650 1146 ectasi
1665 1089 1742 1146 anni
1759 1088 1956 1149 versabatur.
1973 1089 2041 1149 lllie,
2056 1108 2131 1149 11111
2145 1091 2217 1150 lieet

569 1188 666 1246 rebus
680 1183 752 1244 aliis
767 1181 957 1254 occupatus,
971 1172 1140 1251 epistolam
1153 1168 1193 1230 ad
1205 1167 1357 1245 Optatum
1373 1168 1560 1245 episcopum
1574 1164 1612 1226 de
1625 1166 1742 1227 animm
1756 1166 1891 1244 origine,
1906 1166 2051 1229 Muresse
2064 1170 2217 1249 episcopo

568 1264 744 1331 suadente,
760 1261 884 1319 henato
904 1261 1011 1316 autem
1033 1249 1193 1310 monacho
1209 1248 1415 1308 vehementer
1434 1248 1593 1307 instante.
1609 1243 1685 1307 dare
1701 1246 1887 1322 compulsus
1904 1253 1949 1306 est
1969 1264 2090 1324 :quam
2108 1255 2215 1310 tanum

568 1363 604 1404 se
620 1343 731 1402 relicta
743 1339 810 1418 jam
825 1338 906 1397 urbe
921 1334 1068 1393 Caesarca
1082 1328 1249 1406 scripsisse
1267 1325 1427 1405 significat
1444 1325 1549 1385 verbis
1570 1325 1653 1398 illis,
1670 1324 1746 1386 Ceam
1767 1326 1800 1385 in
1823 1326 2006 1404 supradicto
2024 1328 2139 1406 oppido
2161 1346 2217 1389 re-

568 1436 762 1483 moraremur
778 1416 899 1495 (Epist.
917 1414 986 1481 too,
999 1428 1033 1472 n.
1049 1410 1092 1486 1).
1108 1408 1177 1468 Hac
1191 1408 1223 1466 in
1239 1406 1374 1483 epistola
1390 1404 1502 1465 sedulo
1517 1410 1636 1472 monet,
1652 1404 1699 1464 sic
1714 1409 1868 1464 tractetur
1884 1406 2037 1482 perplexa
2056 1408 2107 1467 illa
2124 1426 2211 1486 qum-

570 1504 648 1571 stio,
668 1505 701 1559 ut
716 1500 842 1575 integra
857 1496 899 1555 sit
912 1492 1069 1569 imprimis
1085 1487 1179 1557 fides,
1195 1502 1260 1564 qua
1276 1485 1434 1544 credimus
1453 1484 1613 1542 rrorninem
1629 1483 1718 1544 nasci
1734 1502 1776 1543 ex
1793 1484 1914 1554 Aelarn,
1931 1485 1990 1545 nisi
2008 1486 2136 1547 vinculo
2154 1489 2208 1547 da-

571 1579 745 1640 mnationis
761 1574 968 1639 obstrictum,
989 1569 1150 1630 nemiuem
1170 1565 1243 1625 inde
1262 1563 1411 1629 libcrari,
1434 1563 1494 1621 nisi
1517 1562 1714 1623 renascendo
1737 1580 1794 1640 per
1813 1562 1975 1623 Christum
1991 1584 1998 1622 ε
2015 1570 2046 1625 11
2062 1574 2218 1627 caveatur

571 1678 654 1720 nova
670 1657 841 1735 Pelagiana
855 1651 998 1719 heresis,
1012 1655 1078 1709 toto
1090 1648 1157 1725 jam
1170 1644 1348 1705 christiano
1362 1643 1440 1702 orbe
1455 1642 1620 1715 deamata,
1634 1658 1706 1717 qum
1720 1640 1874 1703 adversus
1891 1643 1944 1703 Dei
1959 1644 2094 1720 gratiam
2107 1645 2217 1724 dispu-

571 1739 686 1806 tando,
702 1731 937 1811 antiquissimae
954 1728 1025 1788 tidci
1044 1725 1175 1786 niolitur
1195 1722 1403 1783 fundamenta
1419 1721 1612 1781 convellere.
1633 1720 1729 1780 Mittit
1745 1738 1875 1798 quoque
1895 1722 2011 1800 Optato
2032 1726 2216 1802 exernplurn

572 1816 748 1879 recentium
772 1814 969 1876 litterarum,
988 1808 1055 1867 sire
1074 1820 1147 1882 quea
1165 1801 1347 1879 specialiter
1361 1800 1400 1861 ad
1419 1800 1531 1869 Afros,
1550 1799 1618 1860 sive
1635 1817 1707 1877 quae
1722 1799 1948 1861 universaliter
1963 1801 2001 1862 ad
2020 1819 2129 1863 omnes
2146 1805 2217 1882 epi-

572 1913 685 1974 scopos
702 1894 734 1953 in
751 1893 837 1953 illius
854 1888 982 1949 ltaeresis
997 1883 1235 1946 damnationem
1249 1880 1330 1940 dote
1344 1877 1453 1939 sunta
1468 1879 1595 1938 Zosimo
1611 1896 1694 1956 papa
1709 1899 1716 1937 1
1733 1880 1763 1938 11
1778 1881 1895 1957 quibus
1911 1880 2022 1941 litteris
2037 1882 2106 1959 ipsa
2120 1886 2216 1946 etiarn

576 1974 689 2046 Pelagii
706 1976 818 2033 contra
832 1973 998 2046 peccatum
1013 1965 1059 2024 ori
1085 1963 1170 2023 inale
1183 1958 1423 2037 argumentatio
1439 1959 1521 2018 inter
1535 1958 1599 2019 alia
1613 1958 1695 2021 dicta
1710 1958 1780 2037 ejus
1794 1959 1990 2021 damnabilia
2005 1962 2216 2022 referebatur.

571 2040 713 2115 Tandem
732 2069 774 2112 ex
794 2048 908 2108 litteris
926 2046 1038 2105 iisdem
1058 1984 1193 2112 iosimi,
1212 2056 1284 2116 quar
1304 2038 1461 2099 hactenus
1480 2037 1722 2110 desideranlur,
1744 2038 1958 2117 fragmentum
1980 2038 2055 2101 huic
2074 2041 2218 2118 epistolar

573 2151 638 2195 sua
652 2138 784 2193 sanctus
798 2129 918 2188 Ductor
931 2124 1079 2186 inseruit.

612 2210 813 2290 Augustinus
826 2205 1006 2282 Hipponem
1019 2216 1184 2270 reversus,
1197 2198 1320 2258 litteras
1334 2196 1400 2258 illic
1411 2197 1532 2274 reperit
1544 2212 1563 2257 a
1575 2195 1754 2257 Mercatore
1766 2163 1974 2260 sibi’directas
1987 2219 1995 2259 :
2007 2199 2126 2260 librum
2136 2218 2218 2277 quo-

573 2310 635 2370 que
651 2292 721 2369 ejus
736 2289 845 2348 labore
861 2285 1016 2344 adversus
1032 2281 1221 2359 Pelagianos
1239 2276 1472 2354 compositum,
1488 2294 1585 2354 quem
1603 2276 1656 2337 ille
1674 2280 1786 2337 sancto
1805 2277 1933 2337 Doctori
1946 2279 2216 2341 considerandum

573 2369 839 2450 probandumque
853 2364 1008 2423 mittebat.
1023 2363 1093 2422 fam
1107 2360 1179 2420 alim
1191 2357 1335 2435 ejusdem
1351 2356 1464 2417 litterae
1478 2356 1516 2416 ad
1533 2356 1639 2433 ipsum
1654 2354 1849 2435 Carthagine
1864 2363 2028 2435 agentem,
2043 2365 2217 2436 antequam

571 2452 751 2512 Caesaream
768 2447 839 2516 iret,
858 2443 964 2504 allatae
979 2442 1118 2502 fuerant.
1134 2437 1252 2515 quibus
1269 2436 1397 2513 quidem
1414 2436 1493 2495 nihil
1508 2435 1656 2512 responsi
1672 2434 1828 2495 redditum
1845 2439 2044 2513 querebatur
2058 2439 2218 2499 Mercator

571 2531 706 2609 paulum
717 2543 829 2603 aspere
841 2528 871 2582 et
883 2540 955 2581 cum
967 2519 1187 2599 indignatione
1199 2516 1339 2594 quadam
1352 2535 1360 2573 z
1373 2522 1407 2575 at
1418 2514 1447 2573 id
1460 2514 1642 2592 gratissime
1652 2515 1775 2591 accepit
1785 2516 1998 2593 Augustinus,
2009 2517 2096 2594 quod
2107 2518 2217 2579 isthanc

573 2608 752 2687 indignatio
768 2604 832 2664 sibi
843 2601 1006 2663 videretur
1018 2617 1082 2660 non
1099 2614 1168 2657 csse
1180 2596 1353 2655 simultatis
1366 2594 1505 2665 initium,
1517 2595 1571 2654 sed
1590 2593 1743 2653 indicium
1754 2594 1930 2654 chariuatis.
1947 2596 2026 2656 Corn
2042 2598 2217 2674 1111111111-

573 2691 637 2749 bini
656 2685 806 2746 Ecclesiae
820 2684 972 2742 ltomunee
984 2677 1123 2757 acolythi
1133 2693 1203 2736 sese
1218 2682 1294 2735 tunc
1308 2674 1478 2734 obtulisset
1486 2672 1625 2742 occasio,
1642 2671 1968 2751 huicresponsionem
1982 2674 2066 2735 dedit
2078 2676 2117 2736 ad
2131 2676 2215 2738 Mer-

572 2774 713 2831 catorem
729 2761 962 2842 perferendam.
976 2760 1022 2819 Eo
1034 2759 1101 2837 jam
1114 2755 1241 2817 adducti
1255 2758 1346 2814 erant
1360 2752 1536 2830 Pelagiani,
1550 2757 1586 2811 ut
1600 2751 1737 2831 instantes
1752 2756 1974 2833 confiterentur
1986 2771 2044 2831 per
2054 2773 2104 2815 eos
2117 2776 2134 2815 n
2148 2757 2217 2835 qui-

573 2848 627 2907 bus
642 2842 827 2923 baptizandi
842 2841 1032 2919 1111111111,
1052 2836 1173 2898 credere
1188 2854 1198 2893 .·
1213 2837 1246 2894 at
1259 2832 1463 2911 excipiebant
1478 2830 1759 2909 (quemadmodum
1775 2832 2012 2911 significaverat
2026 2834 2216 2916 Mercator),

573 2945 636 2986 noa
651 2926 696 2985 ito
710 2923 831 2982 credere
844 2922 877 2979 in
890 2918 1099 2979 remissionem
1112 2922 1321 2994 peccatorumr
1339 2920 1486 2990 tanquam
1501 2919 1529 2970 et
1542 2908 1608 2971 iffis
1621 2911 1840 2979 remittantur:
1852 2910 1905 2971 sed
1916 2911 1996 2972 hanc
2007 2913 2218 2975 remissionem

574 3005 695 3065 11111111
708 3001 776 3080 peri
792 3002 825 3062 in
838 3000 929 3066 otiis,
943 3016 1011 3077 que
1025 3016 1091 3057 111111
1104 2998 1138 3075 fit
1154 3011 1189 3054 m
1204 2994 1258 3056 eis.
1274 2992 1395 3052 Verum
1415 2991 1476 3050 hoc
1495 2990 1565 3067 ipso
1580 2989 1665 3067 quod
1682 2990 1834 3067 parvulos
1851 2990 1883 3051 in
1898 2990 2062 3069 Baptismo
2076 2993 2216 3070 quadam

574 3085 699 3144 ratione
713 3080 843 3140 credere
859 3079 1011 3146 iactentur,
1028 3075 1133 3137 facere
1150 3090 1214 3135 nou
1231 3089 1325 3149 posse
1341 3070 1547 3130 adversarios
1559 3112 1567 3138 ,
1581 3069 1660 3145 quin
1676 3070 1834 3149 originale
1852 3070 1887 3131 in
1906 3070 1952 3131 eis
1972 3076 2139 3149 peccatum
2154 3074 2218 3135 ad-

574 3165 712 3231 mittant,
726 3158 889 3219 contendit
902 3157 1113 3233 hugustinus.
1126 3153 1245 3214 Deinde
1258 3154 1427 3218 monstrat,
1440 3148 1568 3210 eosdem
1579 3165 1619 3208 ex
1633 3148 1755 3209 Enochi
1765 3154 1797 3210 et
1806 3149 1884 3211 Etiae
1894 3156 1969 3211 ante
1979 3151 2101 3211 obitum
2113 3157 2218 3215 trans-

573 3243 692 3303 latione
704 3239 796 3305 ,sive
816 3256 856 3298 111
872 3236 1012 3296 fidelium
1029 3236 1179 3294 vivorum
1195 3232 1233 3291 ud
1248 3229 1366 3291 Christi
1382 3228 1555 3289 adventum
1571 3233 1678 3304 raptu,
1695 3226 1814 3291 frustra
1829 3230 2063 3308 argumentari,
2078 3237 2114 3291 ut
2129 3250 2219 3293 mor-

574 3327 635 3381 tem
651 3334 778 3398 pennam
793 3317 912 3394 peceati
927 3333 992 3374 non
1006 3332 1077 3375 esse
1093 3311 1259 3373 suadeant.
1274 3307 1364 3382 Quod
1378 3307 1417 3368 ad
1428 3307 1642 3384 quaestionem
1655 3308 1912 3381 resurrectionis,
1926 3324 1969 3369 an
1982 3309 2083 3385 aliqui
2097 3311 2220 3373 scilicet

571 3417 647 3460 nere
662 3417 705 3459 ex
721 3400 780 3457 ista
801 3395 995 3455 mortalitate
1010 3394 1048 3454 ad
1063 3390 1334 3452 immortalitatem
1350 3387 1419 3448 siue
1435 3385 1537 3445 media
1555 3390 1658 3445 morte
1676 3386 1844 3447 transituri
1859 3391 1939 3459 sint,
1954 3388 1993 3449 de
2010 3387 2073 3449 hoc
2091 3388 2217 3452 edoceri

574 3481 613 3541 ab
626 3478 699 3538 aliis
713 3477 801 3553 cupit
815 3494 822 3533 ε
838 3475 916 3550 quia
932 3474 1003 3551 plns
1019 3476 1106 3532 amat
1122 3470 1261 3540 discere,
1276 3484 1376 3545 qnam
1389 3466 1516 3525 doecre.
1533 3463 1615 3525 Nom
1632 3473 1667 3524 ut
1683 3463 1857 3529 diseamus.
1874 3467 1995 3543 inquit.
2011 3466 2147 3529 invitare
2160 3488 2218 3531 nos

574 3557 657 3619 dehet
669 3556 809 3616 11111111
825 3553 987 3617 ueritatis:
1002 3559 1038 3612 ut
1051 3557 1152 3609 aretem
1167 3547 1342 3613 doceamus,
1360 3561 1468 3622 cepere
1485 3543 1648 3604 necessitas
1663 3542 1827 3606 charitatis
1840 3544 1961 3625 (Epist.
1981 3546 2063 3625 193).
2153 3563 2155 3568 ·

614 3638 698 3697 litem
714 3636 767 3695 ille
785 3634 917 3694 Albinus
933 3630 1109 3709 superioris
1128 3627 1271 3707 epistola
1285 3625 1433 3704 portitor,
1449 3623 1536 3684 illam
1552 3639 1683 3701 quoquc
1698 3624 1876 3686 breviorem
1891 3626 2028 3687 duarum
2041 3625 2079 3689 ad
2093 3625 2217 3690 Sixtum

574 3718 701 3785 detulit,
720 3733 784 3793 qua
802 3715 876 3772 huic
891 3715 1035 3772 Romano
1053 3718 1120 3769 tum
1140 3709 1345 3786 presbytero,
1363 3708 1475 3783 postea
1495 3710 1603 3764 autem
1619 3703 1778 3780 pontifici,
1797 3707 1979 3784 gratulatur
1998 3709 2216 3786 Augustinus,

575 3798 660 3874 quod
675 3797 830 3854 adversus
848 3792 1047 3870 Pelagianos,
1063 3789 1180 3866 quibus
1199 3786 1304 3864 ipsum
1323 3784 1430 3845 favere
1443 3800 1555 3843 rumor
1567 3782 1690 3856 fuerat,
1708 3783 1927 3847 defensionem
1943 3786 2054 3865 gratim
2068 3788 2125 3849 Dei
2141 3805 2218 3850 sus·

575 3877 717 3954 ceperit:
734 3876 948 3948 hortaturque
963 3887 1074 3930 curam
1088 3868 1240 3928 adhibere
1256 3871 1379 3943 pergat,
1394 3880 1460 3923 uon
1474 3863 1579 3923 solum
1592 3869 1627 3923 ut
1643 3863 1663 3922 ii
1678 3868 1900 3936 coerceantur,
1921 3865 1977 3942 qui
1992 3882 2136 3927 errorem
2149 3868 2216 3930 sive

577 3957 707 4016 liberius
726 3953 849 4030 garrire
864 3950 986 4021 adhuc,
1002 3949 1070 4010 sire
1085 3947 1238 4009 secretius
1253 3945 1461 4004 insusurrare
1477 3960 1542 4002 non
1558 3947 1701 4014 cessant,
1718 3942 1771 4003 sed
1788 3944 1883 4004 etiam
1901 3943 2077 4006 doceantur
2091 3962 2218 4007 sanen-

577 4040 692 4111 turque
709 4033 774 4101 illi,
790 4032 845 4109 qui
863 4030 921 4090 etsi
936 4047 1000 4106 pree
1016 4029 1129 4088 timore
1146 4030 1289 4095 taceant,
1306 4041 1380 4083 eum
1396 4016 1478 4082 forte
1493 4022 1602 4081 animo
1621 4021 1728 4084 fovere
1743 4039 1808 4082 nou
1824 4022 1975 4084 desinunt
1990 4023 2115 4104 (Epist.
2133 4026 2215 4108 191).

616 4112 705 4173 Haud
723 4113 823 4176 inulto
842 4115 912 4187 post
928 4108 1032 4167 Albini
1049 4106 1276 4184 profectionem
1291 4103 1399 4162 Firmo
1415 4103 1602 4179 presbytero
1621 4101 1754 4161 ltomam
1771 4120 1812 4163 ex
1831 4101 1937 4164 Africa
1957 4105 2113 4166 remeanti
2132 4106 2218 4168 dedit

577 4192 784 4268 prolixiorem
803 4189 841 4249 ad
862 4188 1007 4248 eumdem
1029 4186 1153 4245 Sirium
1174 4183 1357 4260 epistolamr
1376 4199 1474 4258 quam
1491 4181 1614 4257 aliquot
1632 4186 1703 4256 post
1718 4181 1811 4241 annis
1825 4182 1966 4254 dicebat,
1983 4200 2022 4243 eo
2039 4189 2217 4262 temporeu

576 4290 610 4331 se
628 4271 797 4347 scriptam,
818 4285 884 4346 quo
904 4267 1058 4327 adversus
1081 4264 1268 4342 Pelagianos
1288 4262 1443 4321 acerrima
1467 4259 1702 4320 conflictatione
1721 4263 1905 4321 certabatur
1923 4261 2049 4341 (Infra,
2070 4263 2106 4323 de
2124 4266 2216 4325 Dono

577 4349 824 4414 Perseverantiee,
839 4366 872 4407 n.
889 4346 952 4425 55).
967 4346 1090 4405 Horum
1105 4344 1148 4404 ihi
1162 4341 1278 4418 elingia
1293 4358 1324 4400 11
1338 4340 1506 4400 subtiliora
1524 4356 1661 4416 quaeque
1678 4346 1790 4400 contra
1804 4340 1860 4401 Dei
1875 4342 2011 4419 gratiam
2026 4351 2215 4422 argumenta

577 4428 741 4497 dissoluit;
757 4428 867 4504 qualia
885 4428 951 4487 haec
966 4429 1058 4486 erant
1074 4443 1081 4481 :
1099 4423 1249 4501 primum,
1266 4419 1394 4499 Auserri
1412 4419 1541 4480 liberum
1556 4417 1732 4487 arbitrium,
1748 4421 1777 4482 si
1792 4438 1847 4481 nec
1865 4421 1963 4498 ipsam
1978 4419 2216 4483 111111υοί111-

579 4516 669 4568 totem
682 4509 748 4568 siue
763 4506 923 4585 adjutorio
944 4505 999 4565 flei
1014 4502 1185 4563 habeamus.
1202 4498 1333 4576 Deinde,
1351 4498 1508 4577 lojusnoo
1526 4516 1598 4563 1111,
1615 4498 1729 4558 1111111
1744 4499 1903 4579 eademque
1919 4499 2002 4561 rriafa
2016 4519 2119 4568 caetea,
2133 4501 2216 4563 hunc

578 4587 713 4648 liberari.
734 4586 823 4647 iilam
835 4585 949 4664 puniri
962 4604 973 4643 .·
989 4601 1027 4644 ac
1041 4582 1186 4660 proinde,
1200 4578 1333 4658 orariam
1348 4596 1449 4656 11111111,
1465 4578 1497 4637 111
1512 4577 1680 4638 1111111111
1693 4578 1827 4656 synodo,
1844 4582 1999 4660 consessus
2013 4590 2058 4639 est
2069 4580 2216 4657 Pelagius

579 4669 642 4726 riae
654 4666 730 4728 erilis
743 4662 985 4744 precedentibus
997 4661 1115 4723 meritis
1130 4660 1213 4726 dari,
1229 4659 1328 4738 ipsam
1343 4658 1505 4717 1111111111
1520 4676 1581 4716 esse
1595 4665 1742 4716 naturam
1754 4657 1861 4735 inqua
1874 4658 1995 4718 conditi
2007 4677 2121 4718 sumtis.
2134 4662 2217 4723 Prte-

579 4751 676 4816 terea,
692 4746 915 4804 Excusaturos
928 4761 959 4801 se
971 4741 1118 4806 homines,
1133 4739 1188 4820 qui
1201 4740 1313 4799 nolunt
1329 4746 1410 4796 recte
1425 4747 1452 4796 et
1464 4736 1596 4814 fideliter
1609 4735 1720 4800 cicere,
1735 4734 1870 4795 dicentes
1884 4737 1991 4811 :Quid
2005 4756 2063 4796 nos
2077 4739 2214 4818 fecimus.

578 4826 630 4902 qui
642 4823 720 4884 male
736 4824 892 4890 eiecimus:
905 4820 1154 4902 quandoquidem
1169 4818 1304 4895 qratiam
1318 4816 1400 4875 uude
1414 4815 1486 4874 11111
1504 4815 1679 4879 sineremus,
1694 4831 1757 4872 nan
1772 4815 1967 4890 accepimus?
1981 4816 2026 4876 Ad
2042 4818 2107 4879 haec
2121 4839 2128 4876 ε
2140 4820 2217 4879 Per-

578 4921 724 4962 sonarum
738 4912 928 4980 acceptorem
942 4901 1011 4980 peri
1029 4901 1132 4966 111111,
1149 4899 1177 4959 si
1191 4899 1225 4958 in
1239 4914 1304 4956 uno
1319 4895 1477 4972 eisdemque
1492 4912 1585 4953 causa
1598 4910 1689 4971 super
1701 4893 1780 4953 alios
1792 4894 1895 4954 ueniat
1910 4895 2126 4959 misericordia
2138 4900 2215 4991 ejus,

578 5001 668 5059 super
680 4983 760 5041 otios
773 4999 844 5042 aero
857 4989 976 5040 nmneot
991 4981 1041 5041 ira
1051 4978 1126 5057 ejus.
1140 4978 1264 5054 ltaque,
1277 4974 1309 5037 Ν
1312 4974 1426 5053 orarium
1439 4981 1585 5032 natorum
1595 4971 1664 5031 idea
1678 4973 1774 5032 atium
1784 4973 1895 5040 odisse,
1908 4980 1985 5052 puta
1998 4977 2097 5046 Esau,
2109 4979 2215 5046 altum,

579 5063 695 5121 scilicet
710 5062 827 5128 Jacob,
844 5060 1005 5125 1111111111.
1022 5058 1096 5136 quio
1111 5073 1215 5117 eorum
1230 5055 1339 5133 (utura
1355 5069 1451 5130 opero
1466 5049 1666 5130 providebat.
1686 5052 1765 5112 Nam
1785 5054 1883 5122 111111,
1903 5055 2110 5133 inquiebant,
2125 5060 2159 5120 in
2174 5061 2217 5120 111

577 5159 651 5218 quos
666 5139 738 5201 ltine
752 5140 870 5208 aufert,
890 5137 1038 5217 procidet
1056 5133 1309 5215 quemadmodum
1326 5133 1467 5193 cinturae
1484 5131 1716 5210 mutuamque,
1733 5131 1761 5192 st
1775 5133 1909 5202 ciceret:
1925 5144 1952 5195 et
1967 5135 2036 5196 ideo
2052 5155 2140 5216 queem
2158 5157 2218 5197 ne-

578 5221 679 5297 quiter
693 5220 781 5280 nouit
795 5218 892 5298 fuisse
905 5217 1072 5282 uictarum,
1086 5216 1153 5276 sine
1166 5213 1326 5290 Baptisma
1341 5211 1418 5291 fucit
1432 5211 1538 5276 cruori.
1555 5212 1599 5272 sic
1612 5210 1647 5270 in
1659 5230 1692 5270 eo
1705 5213 1841 5290 puniens
1854 5232 1948 5292 opera
1962 5216 2055 5283 nenia,
2074 5234 2139 5276 non
2151 5235 2192 5295 qu
2204 5239 2218 5276 1

578 5300 665 5376 (ecit,
679 5298 731 5358 sed
744 5316 811 5377 quer
826 5298 966 5377 [acturus
981 5296 1054 5376 sirit.
1069 5294 1196 5357 llefellit
1210 5308 1341 5369 quoquc
1358 5290 1487 5350 eosdem
1503 5289 1667 5351 haereticos
1683 5297 1796 5354 contra
1816 5275 1980 5370 (iacentum
1999 5296 2155 5373 originale
2171 5299 2217 5356 sie

578 5384 749 5455 arguentes
766 5397 774 5435 τ
791 5376 964 5451 (1111111111,
981 5375 1121 5443 aiebant,
1138 5381 1296 5451 pecccatum
1311 5369 1425 5430 transit
1440 5369 1474 5428 in
1489 5369 1571 5448 filios
1589 5369 1725 5448 fidelium
1739 5372 1823 5449 qaroef
1836 5373 1869 5432 in
1882 5373 2067 5451 parentibus
2082 5393 2145 5433 non
2161 5376 2219 5434 111-

577 5455 708 5514 bitamus
720 5456 881 5516 dimissum
895 5473 956 5515 esse
969 5471 1025 5546 per
1042 5452 1257 5532 Baptismumf
1269 5451 1308 5510 Et
1324 5450 1375 5509 hic
1388 5466 1520 5509 rursum
1536 5449 1680 5525 explodit
1690 5451 1776 5526 quod
1791 5452 1950 5513 Mercator
1965 5452 2162 5514 indicaverat
2177 5459 2217 5515 atr

577 5535 640 5595 illis
653 5535 869 5614 excogitatum
882 5532 1048 5613 effugium,
1063 5540 1099 5593 ut
1112 5532 1264 5602 dicerent,
1282 5527 1436 5588 Parvulos
1449 5528 1602 5588 1111111111
1615 5529 1739 5607 quidem
1752 5547 1808 5608 per
1821 5549 1877 5591 ora
1891 5533 2078 5609 gestantium
2089 5550 2207 5610 respon·-

576 5614 658 5679 dere.
675 5614 932 5674 inremissionem
946 5633 976 5673 se
991 5613 1113 5674 credere
1124 5618 1335 5690 peccatorum.
1351 5625 1417 5668 non
1435 5616 1536 5667 tomen
1549 5608 1696 5686 1111111111
1710 5611 1919 5681 remittuntur,
1934 5611 1986 5671 sed
2000 5612 2042 5671 eis
2058 5610 2218 5691 inquibus

577 5693 791 5755 inveniuntur.
807 5694 863 5753 llis
879 5692 1020 5752 funditus
1035 5693 1155 5753 eversis
1171 5689 1370 5768 Augustinus
1388 5691 1491 5765 rogat,
1506 5692 1543 5746 ut
1557 5687 1616 5747 sihi
1634 5687 1753 5758 Sintus,
1768 5695 1799 5748 et
1813 5708 1885 5767 queo
1902 5691 1967 5751 aliu
1984 5691 2146 5769 Pelagiani
2163 5695 2219 5751 ad·

577 5790 689 5833 sersus
710 5772 898 5834 catholicam
921 5772 1013 5833 iidem
1034 5771 1280 5849 excogitabant,
1300 5773 1331 5828 et
1348 5784 1560 5875 quencumque
1575 5766 1729 5828 adversus
1744 5785 1799 5828 eos
1820 5770 1887 5846 ipse
1906 5786 1963 5846 pro
1981 5769 2041 5830 tide
2060 5772 2218 5836 catholiea

574 5851 726 5919 disseret,
743 5857 820 5912 nota
837 5850 940 5912 facere
955 5869 1020 5912 non
1035 5851 1161 5910 omittat
1177 5848 1296 5927 (Epist.
1316 5845 1399 5924 191).

617 5932 652 5991 lu
667 5931 804 6008 epistola
819 5930 858 5989 ad
873 5930 1046 5991 Asellicum
1062 5929 1122 5990 hoc
1138 5929 1218 5988 forte
1231 5924 1551 6004 quadringentesimo
1575 5925 1700 5986 decimo
1713 5931 1826 5986 octavo
1846 5942 1933 5986 anno
1949 5936 2090 5990 excunte
2115 5931 2187 5993 data
2207 5977 2214 6002 ,

574 6013 728 6071 observat
742 6010 949 6088 Pelagianam
965 6009 1113 6070 heresim
1130 6009 1162 6069 in
1178 6006 1379 6066 Iudaismum
1397 6004 1538 6081 quodam
1552 6005 1646 6064 modo
1662 6005 1801 6065 incidere
1819 6024 1826 6062 :
1842 6004 1939 6083 hujus
1951 6024 2028 6068 vero
2042 6009 2215 6088 impietatis

574 6094 754 6151 assertores
769 6089 957 6160 acerrimos,
976 6089 1141 6168 Pelagium
1155 6092 1188 6149 et
1200 6084 1405 6155 Coelestium,
1429 6084 1550 6144 recenti
1571 6083 1692 6162 iudicio
1705 6084 1799 6144 etiam
1816 6084 1974 6148 catholica
1989 6091 2218 6150 communione

575 6169 739 6248 privatos,
754 6170 786 6230 in
802 6186 862 6232 sua
878 6169 994 6242 adhuc,
1015 6171 1147 6247 propter
1164 6184 1220 6230 cor
1238 6163 1462 6242 impenitens,
1477 6163 1686 6226 damnatione
1700 6164 1871 6242 persistere
1885 6164 2007 6246 (Epist.
2025 6169 2094 6243 196,
2118 6187 2150 6228 u.
2166 6171 2214 6244 1),
