5592 7350
571 914 623 967 aaa

570 1025 641 1100 quod
655 1022 723 1079 side
737 1035 765 1075 se
776 1018 840 1089 ipsis
855 1012 948 1087 augeli
958 1012 1091 1077 nesciunt,
1105 1026 1157 1067 nou
1171 1010 1299 1083 aqtrales,
1315 1009 1363 1066 sed

572 1121 706 1175 beatiores
720 1116 829 1170 crinnts.
848 1111 953 1167 Veritas
964 1118 1053 1164 autem
1068 1107 1144 1163 nobis
1154 1122 1247 1161 eurum
1264 1103 1366 1174 prorni-

571 1210 607 1267 sit
617 1209 794 1279 equalitatem
810 1204 819 1276 (
834 1203 927 1258 iinttb.
942 1217 1011 1267 xxtt,
1025 1200 1060 1256 ab
1074 1196 1094 1270 ).
1106 1197 1214 1254 Certum
1229 1208 1270 1251 est
1285 1196 1364 1265 igitur

1286 894 1387 951 Ltetttt
1408 892 1505 951 bu't’S.

2159 907 2212 964 tsst

1418 1011 1534 1066 recutitis
1550 1012 1622 1079 ateis,
1637 1024 1818 1084 repnqrtontenr
1830 1014 1878 1085 ieqi
1892 1014 1981 1069 rtteatir
2001 1032 2072 1077 ntcoe,
2087 1025 2111 1072 ιι
2125 1020 2211 1086 rapti·

1418 1114 1516 1156 uuntent
1527 1120 1566 1156 me
1579 1105 1604 1157 iu
1615 1105 1668 1176 iret
1678 1107 1782 1173 peccati,
1795 1117 1895 1175 quaeest
1907 1109 1933 1161 iu
1946 1110 2063 1163 nternbrt't
2076 1111 2147 1165 meir.
2161 1110 2211 1165 itt·

1418 1193 1536 1263 {eiiaepo
1547 1195 1699 1265 itontofquis
1717 1212 1756 1250 me
1770 1196 1884 1250 liberabit
1897 1199 1929 1252 de
1940 1215 2046 1269 corpore
2060 1201 2148 1255 martit
2163 1203 2212 1255 ita·

571 1302 623 1359 boc
636 1316 683 1356 ens
699 1314 778 1355 rtosse
792 1313 839 1368 per
851 1296 979 1364 speciem,
994 1291 1064 1362 quod
1078 1306 1126 1344 trtts
1140 1305 1187 1360 per
1202 1287 1293 1353 idern,
1307 1286 1366 1340 nui-
1413 1282 1458 1353 jar
1467 1283 1480 1336 i
1490 1281 1579 1337 Gratia
1594 1283 1641 1338 Dei
1654 1302 1698 1353 per
1712 1284 1799 1339 iesum
1812 1286 1938 1342 Christum
1950 1287 2086 1343 baratinam
2099 1302 2212 1346 acetrum

572 1397 624 1453 lam
638 1395 742 1450 scilieet
756 1392 858 1444 ruinam
879 1387 1034 1458 ettiusquam
1057 1383 1140 1438 sancti
1157 1380 1244 1448 anguli
1256 1379 1311 1448 iam
1325 1377 1367 1432 iu·

572 1500 670 1545 turano.
684 1484 808 1538 Diabolus
820 1496 885 1535 tero
898 1489 924 1533 et
939 1476 1024 1547 angeli
1040 1475 1109 1542 ejus,
1126 1472 1177 1527 etsi
1194 1471 1266 1526 beati
1288 1475 1366 1524 crant

572 1587 715 1645 antequam
736 1571 872 1630 caderent,
884 1575 912 1623 et
925 1581 954 1621 sc
977 1567 1001 1619 iu
1024 1564 1158 1618 miseriam
1178 1573 1288 1615 casuros
1305 1572 1366 1613 esse

572 1668 738 1730 nesciebant,
751 1672 810 1719 erat
825 1672 912 1716 latttett
928 1658 1017 1712 adbuc
1029 1653 1099 1724 quud
1113 1668 1206 1709 eorttm
1221 1651 1366 1706 adderetur

572 1756 740 1816 beatitudini,
754 1754 776 1809 si
791 1768 840 1824 per
862 1751 973 1804 liberum
986 1745 1125 1801 arbitrium
1145 1744 1171 1797 in
1185 1745 1298 1797 veritate
1310 1750 1367 1795 ste·

573 1850 690 1912 tisscut,
716 1846 801 1900 donec
821 1842 898 1897 istanr
922 1854 1034 1893 summat
1060 1834 1231 1891 beatitudinis
1251 1832 1367 1903 plenitu-

572 1940 673 2004 dinem,
688 1946 814 2002 tauquam
833 1931 971 2002 praemium
986 1928 1070 1995 ipsius
1088 1914 1284 1997 pererransionis
1296 1921 1367 1977 acci-

574 2039 679 2101 perent.
695 2027 783 2089 idest,
796 2033 825 2077 ιιι
846 2036 940 2092 magua
964 2036 1010 2091 per
1030 2018 1157 2090 Spiritum
1172 2024 1293 2071 sarnetum
1307 2013 1368 2069 data

571 2118 733 2176 abnndantia
747 2114 884 2170 citaritauis
896 2112 953 2176 liei,
965 2110 1061 2165 eadere
1071 2108 1183 2162 ulterius
1194 2106 1304 2160 onuduo
1316 2118 1368 2157 neu

575 2220 696 2282 possent,
708 2217 735 2263 et
753 2207 803 2261 boc
814 2205 848 2260 de
859 2219 888 2260 se
898 2203 1047 2258 certissime
1060 2208 1181 2255 nossent.
1194 2198 1268 2253 ilaue
1280 2194 1368 2267 pieni·

576 2301 695 2356 tudinem
710 2295 883 2353 be..titudinis
895 2310 947 2348 non
963 2291 1097 2347 iubebant
1113 2289 1178 2345 :sed
1191 2289 1254 2358 quia
1267 2284 1371 2343 nescie-

574 2396 641 2449 bant
659 2406 734 2447 suam
760 2388 875 2443 insuram
899 2385 1046 2449 miseriam,
1069 2383 1173 2437 minore
1191 2375 1368 2451 quidemsed

578 2492 668 2539 taruco
690 2478 855 2536 beatitudine
867 2478 925 2531 siue
938 2475 992 2529 uiio
1009 2474 1072 2529 titio
1086 2471 1251 2528 fruebantur.
1266 2469 1331 2524 Nam
1345 2465 1370 2524 el

575 2562 1369 2634 suramcasusntmurnmnossemeternumquesupplicium,

574 2667 646 2722 beati
659 2666 749 2733 ntique
764 2675 824 2718 esse
837 2675 888 2715 raon
903 2668 1022 2729 possent,
1042 2671 1110 2727 quos
1130 2655 1208 2725 irujus
1222 2654 1286 2709 tanti
1306 2652 1371 2709 mall

570 2756 724 2825 metnsjanr
738 2764 801 2808 tuuc
817 2752 928 2806 nriseros
940 2764 1000 2805 esse
1014 2747 1198 2817 compelleret.

611 2849 657 2903 28.
678 2847 723 2903 Sic
743 2855 770 2899 ct
795 2843 930 2898 huminem
951 2841 1085 2895 iecitcum
1101 2838 1185 2893 libero
1199 2835 1320 2902 arbitrio,
1344 2842 1372 2889 et

576 2939 699 3012 qnarmtis
709 2937 750 2991 sui
763 2910 842 2989 futuri
852 2948 930 2988 casus
944 2934 1075 3002 ignearum,
1087 2940 1174 2984 tamen
1185 2928 1245 2984 ideo
1254 2928 1370 2990 beatum,

575 3031 639 3099 quia
654 3039 679 3083 et
691 3045 742 3080 ιιιιιι
758 3026 824 3080 marri
834 3034 860 3080 et
875 3025 1001 3078 miserum
1015 3037 1066 3075 nott
1077 3020 1134 3075 steri
1146 3020 1171 3073 itt
1182 3033 1229 3073 sna
1242 3025 1373 3087 potestate

575 3134 638 3175 esse
652 3116 793 3174 sentiebat.
809 3116 836 3170 in
850 3131 903 3184 quo
917 3123 987 3168 statu
998 3121 1071 3167 recto
1083 3126 1114 3164 ac
1125 3110 1183 3164 siue
1196 3108 1271 3175 vitio,
1285 3107 1308 3162 si
1326 3121 1374 3176 pet

574 3210 665 3279 ipsam
682 3208 793 3263 iiberuru
815 3205 952 3259 arbitrintu
969 3217 1078 3257 matterc
1098 3200 1239 3263 enituisset,
1254 3197 1373 3268 prolecto

577 3299 637 3353 sine
651 3298 705 3351 rriin
719 3296 812 3350 urortis
827 3306 855 3347 et
865 3292 1026 3346 infelicitatis
1036 3293 1229 3358 experimento,
1241 3287 1374 3357 acciperet

576 3390 663 3453 ilimn,
681 3386 776 3440 tuerito
789 3384 884 3453 Ιιιιιιιιι
897 3380 1108 3452 perrtrausiouis,
1125 3378 1296 3434 beatitudinis
1315 3378 1373 3448 pic·

544 3467 546 3471 ⁸
575 3481 740 3539 nitndnrern,
754 3493 805 3547 qua
819 3485 846 3530 et
866 3474 950 3528 sartcti
967 3470 1060 3542 dugeli
1073 3477 1135 3525 suut
1147 3470 1227 3535 beati,
1242 3468 1268 3523 id
1282 3476 1334 3535 est,
1346 3475 1375 3523 ut

576 3572 678 3629 cadere
691 3586 743 3623 tron
769 3576 857 3637 posset
877 3565 998 3629 ulterius,
1014 3573 1041 3619 et
1055 3562 1107 3617 boc
1119 3563 1268 3617 certissime
1282 3560 1372 3615 sciret.

578 3662 646 3720 Naue
663 3677 748 3731 neque
763 3659 819 3729 ipse
832 3666 923 3728 posset
933 3658 1013 3711 etiam
1028 3655 1054 3710 in
1066 3652 1188 3726 paradiso
1198 3652 1291 3709 beatus
1303 3666 1374 3718 esse,

577 3756 636 3812 imo
650 3754 685 3808 ibi
699 3768 750 3807 non
764 3751 871 3817 esset¹,
888 3749 932 3803 ubi
944 3763 1004 3803 esse
1014 3747 1140 3801 ntiserunt
1154 3761 1207 3800 nou
1219 3744 1336 3810 deceret,
1352 3743 1376 3798 ti

575 3861 643 3902 eunt
666 3845 705 3898 sui
724 3857 803 3898 casus
820 3840 984 3912 prescientia
1007 3837 1123 3893 timore⁸
1140 3839 1203 3892 tanti
1218 3837 1280 3891 maii
1292 3836 1375 3891 misc·

577 3954 642 3994 ‘rum
656 3937 763 3991 iaceret.
777 3934 843 4000 Quia
865 3947 931 3989 reru
953 3947 1000 4002 per
1014 3931 1125 3986 liberum
1139 3929 1278 3985 arbitrium
1291 3927 1375 3983 Deum

582 4029 710 4089 descruit,
724 4029 824 4095 jttstntn
834 4022 963 4094 judicium
987 4021 1033 4076 bei
1055 4030 1182 4090 expertus
1199 4028 1251 4085 est,
1273 4027 1302 4072 ut
1314 4031 1375 4072 eum

578 4127 639 4173 :tota
651 4133 697 4171 sua
708 4117 801 4186 stirpe,
816 4131 875 4184 qum
891 4114 917 4167 iu
932 4112 978 4167 iiio
990 4111 1078 4166 adbuc
1091 4111 1175 4181 posita
1187 4117 1241 4164 tota
1255 4122 1317 4163 enm
1330 4106 1377 4162 ilio

581 4217 750 4282 peccaverat,
762 4208 943 4263 damnaretur.
960 4204 1096 4273 Quotquot
1105 4202 1176 4257 euim
1188 4217 1220 4257 cx
1236 4202 1285 4255 bae
1295 4200 1380 4271 stirpe

585 4305 668 4375 gratia
683 4301 727 4356 bei
744 4301 923 4362 liberantur,a
934 4295 1104 4351 damnatione
1118 4295 1209 4364 utique
1221 4292 1376 4356 liberantur,

585 4411 637 4467 qun
649 4395 704 4465 jatu
720 4403 843 4449 terreantur
855 4391 987 4447 obstricti.
1001 4388 1078 4445 Unde
1092 4387 1196 4442 etiaursi
1211 4386 1298 4440 nulius
1312 4383 1378 4438 iibe-

586 4499 701 4550 raretur,
712 4485 813 4556 justum
831 4483 876 4536 bei
897 4480 1027 4550 judicium
1050 4493 1128 4533 nemo
1140 4477 1213 4546 iuste
1235 4475 1392 4546 repreben-v

585 4577 671 4632 deret.
685 4575 761 4644 Quod
773 4590 836 4643 ergo
848 4572 923 4643 pauci
938 4569 964 4623 in
976 4569 1176 4637 comparatione
1191 4566 1376 4635 percuntium,

587 4670 613 4723 in
623 4685 672 4723 sun
686 4683 751 4723 vetat
762 4681 873 4721 tturttero
888 4662 961 4717 trattiti
976 4662 1134 4726 liberantur,
1145 4659 1228 4728 gratia
1241 4657 1280 4723 ιιι,
1296 4655 1379 4726 gratie

587 4760 628 4824 lit,
643 4757 735 4829 gratia
745 4765 808 4812 surrt
818 4754 929 4826 agendae
941 4754 1003 4823 quia
1017 4751 1056 4817 bt,
1069 4766 1103 4806 ne
1119 4751 1178 4821 quis
1189 4749 1261 4804 reiut
1274 4747 1309 4803 de
1322 4747 1379 4803 suis

588 4851 691 4909 ruer-itis
705 4849 857 4912 extollatur,
867 4846 914 4902 sed
927 4860 1007 4900 ornae
1016 4860 1048 4898 ns
1057 4843 1210 4898 obstruatur
1221 4840 1231 4915 (
1241 4839 1317 4894 ilont.
1338 4854 1377 4905 ιιι,

590 4947 652 5017 ι9),
667 4945 750 5013 etqui
764 4943 903 5012 gloriatur,
920 4939 946 4992 in
962 4937 1075 4992 Dorrtino
1086 4935 1224 5006 glorietur.

623 5034 738 5092 cubet
754 5031 902 5088 itt-ee.
920 5029 987 5097 Quid
1007 5026 1094 5099 etqui
1111 5027 1195 5082 Adam
1218 5039 1270 5079 non
1290 5023 1382 5080 babuit

590 5129 635 5183 [toi
649 5123 781 5198 gratiatui
792 5125 847 5179 Ιιιιιι
857 5139 921 5178 teto
931 5122 1022 5203 babuit
1035 5133 1166 5189 ntaguattt,
1175 5118 1221 5173 scd
1236 5117 1378 5187 disparent.

590 5221 636 5275 iiie
645 5219 672 5274 iu
688 5216 765 5273 botris
778 5227 846 5278 crat,
860 5230 919 5285 quae
932 5212 967 5269 de
987 5212 1105 5267 ltorritate
1118 5210 1159 5267 sui
1174 5207 1326 5264 (loraditoris
1338 5221 1383 5262 ac-

590 5319 722 5382 ceperat:
739 5323 824 5378 treqtto
844 5308 914 5361 euim
938 5320 969 5360 ea
998 5303 1067 5359 bona
1090 5312 1118 5358 et
1141 5303 1188 5359 ilie
1205 5303 1262 5359 suis
1281 5301 1382 5356 meritis

591 5410 804 5473 uortrparaerrat,
826 5399 853 5452 iu
876 5397 972 5467 quibus
991 5409 1102 5467 prorsus
1114 5395 1216 5451 nullum
1233 5395 1384 5477 patiebatur

591 5496 702 5551 malurn.
715 5491 806 5549 Sancti
818 5505 883 5547 tcto
898 5489 924 5544 in
940 5488 991 5544 bac
1009 5489 1075 5552 vita,
1090 5487 1124 5542 ad
1143 5501 1210 5556 quos
1222 5486 1337 5557 pertinet
1349 5485 1383 5540 li·

592 5584 740 5643 iterationis
753 5582 811 5637 baec
831 5580 927 5651 gratia,
946 5581 973 5634 in
988 5579 1066 5633 malis
1085 5584 1158 5639 sunt,
1171 5593 1205 5633 ex
1221 5576 1318 5647 quibus
1329 5575 1385 5631 cia·

592 5685 667 5732 ruant
681 5674 714 5729 ad
729 5675 822 5736 Deum,
838 5671 929 5726 Libera
944 5686 990 5726 aot
1001 5687 1018 5724 a
1031 5670 1099 5725 rrrole
1122 5668 1131 5739 i
1148 5667 1243 5722 iiattb.
1257 5668 1383 5741 ιι,15).

593 5769 641 5825 iile
661 5768 688 5823 iu
710 5766 763 5822 illis
777 5764 856 5821 bonis
869 5762 968 5844 Christi
991 5769 1077 5817 morte
1095 5774 1151 5817 uon
1170 5758 1243 5831 eqtrit
1260 5776 1268 5815 ε
1283 5759 1350 5815 istos
1369 5773 1384 5812 a

593 5867 669 5915 reatu
682 5867 710 5914 et
732 5854 904 5911 ltuteditario
929 5862 957 5910 et
971 5851 1089 5923 proptio,
1108 5851 1179 5907 iilius
1194 5849 1263 5921 deni
1277 5849 1385 5922 sanguia

585 5953 718 6012 absolvit.
737 5951 785 6008 ille
804 5964 857 6005 nou
877 5962 945 6018 opnt
959 5946 1073 6003 babebat
1097 5960 1131 6003 eo
1148 5942 1292 6014 adjutorio,
1315 5941 1385 6014 quod
1410 5967 1417 5979 ·

595 6045 738 6116 impioram
760 6040 805 6097 isti
830 6054 892 6095 eum
919 6037 1031 6094 dieunt:
1051 6035 1128 6092 i'ideo
1153 6035 1231 6091 tiiata
1257 6033 1336 6106 iepem
1360 6031 1385 6088 itt

633 6208 639 6237 ¹
655 6226 690 6268 se
700 6223 753 6266 aas.
765 6214 833 6272 uuirt,
845 6210 988 6276 tremuerit.

630 6280 640 6308 ¹
655 6279 756 6327 taibani
764 6276 812 6325 duo
824 6283 885 6331 aas..
898 6287 957 6324 ease.

569 6384 573 6392 ,
628 6349 636 6379 ³
655 6338 764 6389 uomrutll
779 6344 842 6390 ttss..
853 6335 956 6388 ettirutr

1419 1373 1428 1442 (
1444 1372 1519 1427 born.
1534 1390 1581 1438 tu,
1595 1374 1679 1432 2525
1694 1378 1713 1447 ).
1725 1376 1856 1446 Quoniam
1874 1379 1952 1434 ineis
1971 1396 2034 1435 caro
2046 1383 2212 1450 cortcupiscit

1419 1462 1546 1518 adsersus
1556 1466 1689 1535 spiritum,
1700 1478 1727 1521 et
1738 1469 1845 1536 spiritns
1855 1469 2099 1526 adversuscarnent
2111 1470 2212 1545 (Galat.

1419 1568 1447 1616 r,
1462 1554 1518 1622 li),
1535 1556 1653 1624 atquem
1668 1556 1712 1611 taii
1727 1558 1876 1613 certatniuc
1895 1559 2048 1616 laborantes
2062 1577 2094 1618 ae
2107 1563 2212 1632 perieb-

1420 1654 1507 1700 buttes
1519 1645 1576 1700 dari
1597 1647 1647 1701 sibi
1668 1650 1800 1719 pugnandi
1824 1652 2000 1722 titrucndique
2021 1653 2146 1709 virtutem
2165 1670 2214 1724 per

1419 1734 1519 1792 Christi
1533 1738 1645 1807 gratiam
1659 1749 1781 1808 poscunt.
1798 1741 1845 1796 ilie
1862 1758 1927 1796 reru
1950 1743 2021 1797 uuila
2036 1745 2079 1798 taii
2101 1742 2157 1799 rixa
2178 1746 2213 1800 de

1421 1843 1450 1884 se
1463 1830 1520 1899 ipso
1532 1829 1541 1861 ¹
1555 1828 1684 1885 aduersus
1696 1847 1725 1887 se
1740 1832 1825 1903 ipsunt
1844 1843 1959 1889 tentatus
1979 1846 2058 1904 atque
2082 1837 2213 1897 turbatus.

1421 1920 1447 1976 iu
1459 1921 1505 1975 iiio
1516 1921 1689 1976 beatitudiuis
1701 1923 1761 1977 loeo
1773 1939 1819 1978 sua
1831 1938 1922 1979 secuta
1937 1942 2002 1995 pace
2016 1927 2163 1983 fruebatur.
2227 1936 2229 1941 '

1456 2011 1502 2067 ab.
1523 2011 1639 2066 Proinde
1654 2014 1704 2067 etsi
1718 2030 1771 2068 uon
1783 2014 1888 2068 iuterim
1899 2016 2000 2071 laetiore
2010 2033 2097 2082 uttue;
2110 2033 2216 2073 tertam·

1422 2113 1511 2159 tarueu
1526 2106 1678 2173 potentiore
1694 2106 1778 2175 gratia
1795 2105 1913 2175 indigent
1932 2107 1974 2161 isti
1990 2117 2034 2163 :et
2047 2125 2107 2179 quau
2121 2120 2216 2177 poten·

1423 2196 1475 2251 tior
1496 2211 1576 2267 qnam
1606 2196 1653 2252 bei
1676 2197 1827 2266 unigenitus
1850 2197 1943 2264 Filius,
1966 2200 2076 2269 aequalis
2096 2200 2169 2256 Patri
2189 2212 2217 2256 ot

1421 2296 1583 2351 eoa-ternus,
1596 2303 1645 2356 pro
1657 2288 1696 2343 eis
1711 2287 1792 2343 bomo
1807 2289 1900 2353 iactus,
1911 2300 1938 2345 et
1949 2290 2006 2345 sino
2020 2306 2070 2347 sno
2084 2292 2095 2324 ¹
2110 2292 2164 2347 ullo
2173 2292 2217 2347 rei

1422 2379 1544 2450 originali
1558 2381 1597 2435 rel
1613 2382 1722 2450 proprio
1736 2393 1844 2451 peceato
1859 2382 1893 2437 ab
1904 2383 2056 2438 bominibus
2070 2387 2216 2454 peccatori·

1422 2470 1473 2526 bus
1491 2471 1650 2526 cruditus?
1673 2473 1724 2541 Qui
1750 2474 1871 2542 quamtis
1894 2474 1937 2528 die
1962 2474 2040 2529 tertio
2058 2476 2213 2533 resurrexit.

1423 2577 1558 2629 nunquam
1571 2564 1716 2617 moriturus
1728 2565 1854 2628 ulterius;
1871 2566 1977 2634 pertulit
1988 2575 2075 2620 tamma
2086 2583 2133 2636 pro
2144 2582 2216 2621 ntor·

1424 2652 1519 2706 talibus
1534 2664 1665 2716 mortem,
1680 2654 1725 2725 qui
1741 2655 1854 2710 mortuis
1868 2657 1990 2725 prestitit
2010 2658 2101 2721 uitam,
2125 2668 2155 2711 ut
2173 2674 2215 2711 rc·

1423 2743 1524 2814 dempti
1538 2745 1596 2814 ejus
1612 2746 1752 2816 satrguine,
1775 2755 1849 2801 tanto
1861 2762 1894 2803 ao
1909 2748 1953 2803 taii
1978 2749 2086 2819 pignore
2105 2760 2216 2817 accepte

1424 2836 1565 2892 dicerent:
1581 2838 1612 2892 st
1637 2837 1704 2893 beas
1726 2855 1772 2909 pro
1789 2840 1870 2907 uobis,
1891 2842 1948 2911 qnia
1972 2851 2059 2896 contra
2081 2843 2147 2896 aosl
2165 2841 2217 2906 Qui

1425 2925 1450 2981 F
1452 2928 1496 2981 ilio
1510 2943 1556 2982 etto
1572 2929 1676 2997 proprio
1688 2946 1739 2983 aaa
1754 2931 1881 2999 pepercit,
1896 2933 1941 2985 aed
1959 2949 2004 3001 pro
2017 2934 2088 2988 nobie
2102 2931 2218 2989 anseribus

1424 3016 1529 3069 tradidit
1538 3032 1607 3081 earn,
1619 3018 1743 3085 quorttoda
1758 3035 1808 3071 aon
1822 3030 1844 3073 et
1857 3036 1914 3072 enm
1926 3020 1971 3073 iiio
1984 3023 2070 3075 otrtnio
2081 3024 2152 3075 trebir
2164 3022 2215 3076 do·

1425 3107 1493 3161 auoit
1508 3114 1516 3176 (
1530 3105 1607 3161 Ram.
1624 3122 1681 3171 tut,
1704 3108 1750 3173 bi,
1765 3107 1822 3179 δί)
1840 3110 1935 3165 lbcus
1953 3127 2018 3180 ergo
2034 3124 2154 3167 naturam
2170 3131 2219 3167 no-

1425 3207 1520 3263 stram,
1534 3198 1610 3256 idest
1623 3199 1738 3253 animaru
1755 3200 1912 3255 rationalem
1924 3216 2087 3273 carateruque
2102 3204 2218 3260 bortrinis

1426 3287 1550 3343 Clitisii⁸
1572 3289 1699 3358 suscepit,
1719 3292 1890 3359 Sttseept'ttttte
1912 3291 2081 3359 ιιὶιιςςιιιιιιίιιι
2104 3295 2218 3351 tttitaltili

1427 3380 1470 3435 ιιι
1483 3380 1640 3436 mirabiliter
1654 3380 1795 3451 singulari,
1814 3391 1842 3436 ut
1855 3384 1919 3437 inuiti
1931 3384 2041 3451 justitia
2052 3400 2107 3441 snae
2119 3401 2220 3457 praee-

1427 3470 1551 3526 dentibus
1562 3473 1664 3527 meritis
1677 3472 1697 3527 F
1700 3472 1761 3528 ilius
1776 3474 1821 3529 bei
1832 3474 1955 3531 sicessos
1968 3477 2003 3529 ab
2011 3477 2085 3530 initio
2096 3494 2150 3547 qno
2159 3494 2222 3533 csse

1427 3560 1509 3616 bomo
1522 3563 1657 3632 erupisset,
1672 3572 1701 3618 ut
1711 3564 1767 3633 ipse
1777 3573 1806 3620 et
1817 3564 1931 3621 Verbum
1940 3566 2218 3636 quodtineinitioest,
2279 3585 2281 3590 ·

1427 3668 1480 3708 una
1496 3667 1608 3724 persona
1627 3664 1708 3710 esset.
1732 3654 1823 3728 Neque
1846 3658 1918 3713 enirn
1932 3661 2072 3730 quisquam
2088 3671 2159 3716 taram
2179 3662 2220 3718 rei

1429 3743 1509 3813 hujus
1522 3753 1551 3799 et
1563 3743 1625 3799 lbiei
1638 3761 1725 3801 cacus
1738 3758 1781 3803 est
1793 3749 1953 3818 igtrorantia,
1969 3762 1998 3804 ut
2011 3754 2107 3807 audeat
2119 3755 2220 3820 dicere,

1429 3835 1551 3906 quamvis
1563 3835 1596 3891 de
1606 3835 1707 3906 Spiritu
1721 3848 1815 3894 stttcto
1827 3848 1854 3894 et
1867 3839 1968 3911 virgiac
1977 3842 2061 3897 blaria
2076 3844 2158 3899 iditnu
2170 3845 2221 3901 bo·

1430 3927 1509 3982 urinis
1524 3938 1627 3995 uatum,
1645 3943 1695 4000 per
1715 3930 1828 3986 liberum
1844 3941 1931 3987 tamen
1946 3935 2085 3990 arbitrium
2101 3939 2169 3992 lreae
2184 3938 2224 3992 ri-

1428 4019 1527 4086 reudo,
1539 4027 1569 4074 et
1586 4019 1645 4076 siue
1659 4032 1768 4090 peccato
1779 4025 1849 4079 laerta
1862 4041 1942 4095 opera
1958 4029 2078 4084 iaciendo
2092 4033 2223 4087 meruisse

1430 4119 1460 4163 ut
1469 4121 1541 4164 essct
1551 4108 1598 4164 bei
1612 4110 1706 4179 Filius,
1715 4115 1857 4171 resistente
1866 4116 2223 4191 Evangelioatquedreente,

1430 4199 1544 4256 Verbum
1557 4218 1616 4257 curo
1631 4203 1726 4272 [actam
1739 4215 1774 4261 eat
1794 4207 1897 4277 (iouia.
1914 4224 1932 4273 t,
1949 4212 1983 4265 tt
1996 4211 2016 4280 ).
2032 4212 2098 4267 Natu
2114 4216 2158 4268 ubi
2173 4216 2225 4271 boe

1430 4293 1528 4349 iactura
1544 4305 1594 4360 est,
1611 4296 1661 4350 uisi
1682 4296 1708 4351 in
1723 4308 1799 4354 utero
1811 4299 1954 4370 virginali,
1969 4305 2040 4358 unde
2055 4306 2102 4359 init
2119 4307 2222 4362 initiunt

1430 4383 1548 4440 boutinis
1569 4386 1689 4442 Cinisd?
1703 4385 1822 4460 itemque
1845 4390 1953 4462 iia-gine
1973 4395 2141 4464 requirente,
2157 4412 2218 4467 quo·

1430 4476 1512 4532 mado
1525 4478 1602 4533 lieret
1615 4465 1687 4550 quod
1698 4481 1722 4536 ei
1739 4497 1786 4551 pet·
1799 4484 1922 4554 attgeiunt
1942 4489 2127 4556 nuntiabatur,
2144 4506 2225 4562 auge·
2320 4492 2325 4504 '

1431 4565 1474 4622 lus
1487 4569 1642 4637 respondit,
1664 4570 1777 4641 Spiritus
1791 4586 1893 4629 ιαιιιιιιι
1905 4580 2060 4645 ιιιριτιιιιιιι
2080 4580 2107 4633 ir
2126 4591 2150 4637 ιι
2164 4581 2185 4646 ⁸,
2201 4593 2226 4637 et

1431 4658 1510 4713 uirtus
1519 4659 1642 4715 ditissimi
1653 4663 1808 4719 obumbrabit
1819 4665 1864 4720 tiiri
1878 4684 1888 4721 .·
1901 4680 2044 4738 propterea,
2060 4674 2130 4743 qrrod
2138 4691 2227 4730 artace·

1431 4759 1474 4804 tar
1483 4767 1515 4806 ea
1526 4761 1551 4805 te
1562 4750 1697 4820 Sanctum,
1711 4758 1839 4811 uocabitur
1854 4757 1938 4814 Filiae
1954 4759 2002 4815 Dei
2015 4762 2024 4831 i
2037 4763 2100 4818 Lar.
2114 4781 2132 4831 ι,
2153 4767 2188 4823 35
2202 4766 2223 4840 ).

1433 4838 1592 4911 Propterea,
1609 4843 1713 4912 iuquit:
1730 4863 1783 4900 nott
1806 4861 1914 4918 propter
1926 4867 2019 4920 carrera,
2036 4869 2095 4923 qna·
2108 4857 2224 4911 rtrrrrdnm

1434 4934 1489 4989 ttati
1508 4934 1599 5004 utique
1613 4936 1685 4989 ntriia
1705 4947 1781 5003 snnt;
1804 4941 1851 4993 sed
1872 4954 2004 5011 propterea
2027 4946 2087 5014 tqttia
2113 4948 2227 5019 Spiritus

1432 5034 1534 5080 teactae
1548 5028 1703 5094 superveniet
1717 5027 1743 5081 itt
1757 5040 1791 5092 te,
1804 5041 1826 5084 rt
1841 5032 1919 5085 uirtus
1932 5034 2053 5089 ditissimi
2069 5039 2227 5095 ebtarabrubit

1434 5115 1489 5180 ttiri,
1505 5116 1573 5185 quod
1584 5126 1701 5171 rtoreetnr
1710 5134 1742 5171 ea
1753 5129 1777 5172 te
1791 5119 2060 5187 Serrctnm,tornbitnr
2072 5127 2095 5181 F
2095 5131 2155 5183 ilius
2168 5129 2225 5185 ber.

1434 5203 1486 5262 ista
1504 5207 1629 5262 nativitas
1649 5209 1769 5279 proiecte
1787 5213 1900 5281 qmtuita
1914 5215 2052 5285 crrtrjnutrt
2066 5220 2092 5273 in
2106 5222 2228 5276 trrritate⁸

1435 5315 1557 5371 persam
1572 5300 1707 5358 ltoruiuem
1722 5303 1904 5367 benennom
1919 5309 2015 5365 Verbo.
2034 5313 2113 5368 istam
2129 5317 2225 5370 eatini-

1437 5399 1518 5447 tatem
1533 5391 1601 5447 boua
1616 5409 1699 5462 opera
1713 5406 1804 5451 secuta
1825 5408 1897 5466 sunt,
1916 5416 1969 5455 nou
1990 5402 2058 5458 bona
2072 5420 2153 5475 opera
2168 5424 2226 5463 tue-

1436 5489 1556 5539 morunt.
1568 5483 1739 5553 Nequeeuim
1750 5491 1922 5545 metnendrnn
1933 5501 2001 5558 erat,
2016 5510 2051 5550 ue
2064 5496 2115 5552 isto
2135 5498 2227 5555 ineffa-

1438 5575 1485 5632 bili
1504 5575 1584 5631 tttodo
1599 5576 1627 5631 iu
1646 5581 1776 5633 unitatem
1791 5597 1912 5650 persome
1931 5599 1947 5636 a
1961 5583 2048 5640 Verbo
2061 5587 2120 5643 beo
2133 5601 2225 5646 natura

1438 5665 1553 5721 bumana
1574 5677 1709 5753 suscepta,
1732 5684 1781 5739 per
1802 5672 1915 5727 liberum
1938 5675 2081 5734 veluntatis
2104 5693 2229 5751 penetret

1438 5756 1589 5825 arbitrium,
1603 5773 1666 5812 curn
1687 5759 1745 5829 ipsa
1757 5762 1891 5840 susceptio
1904 5762 1966 5818 talis
1983 5774 2065 5834 esset,
2083 5778 2113 5824 ot
2134 5782 2229 5827 natura

1439 5847 1557 5905 bominis
1580 5864 1595 5902 a
1621 5850 1678 5906 beo
1692 5851 1727 5906 ita
1745 5860 1890 5923 suscepta,
1906 5855 2008 5910 rrnttunr
2026 5858 2053 5913 in
2076 5876 2105 5916 se
2128 5873 2229 5919 motrnn

1471 5964 1480 5996 ι
1496 5963 1533 6014 sle
1544 5968 1615 6012 rettts
1621 5961 1699 6013 eudes
1711 5963 1872 6013 eortreieusls.
1885 5971 1914 6017 ιι
1925 5966 2026 6030 editi‚tt
2040 5975 2067 6014 te
2077 5964 2137 6030 ipro.

1470 6025 1482 6058 ¹
1497 6025 1548 6083 ttic,
1559 6035 1611 6082 suo,
1623 6036 1654 6074 es
1668 6032 1720 6073 tiss.
1732 6024 1893 6076 restituimus.

1472 6085 1549 6134 ⁸attor.
1567 6090 1603 6134 ιι.
1618 6094 1644 6135 et
1653 6090 1719 6156 tar„
1732 6083 1857 6158 citriam..
1866 6086 1950 6158 aelius
1993 6130 2000 6140 .
2032 6093 2112 6144 riores
2121 6097 2231 6168 quadarn

1439 6145 1547 6208 opusculi
1564 6146 1636 6207 hujus
1651 6145 1781 6206 odttroues,
1798 6146 1905 6213 t'itttstt3
1921 6165 1954 6214 qn
1974 6166 2011 6205 tus
2027 6165 2147 6208 oensequt
2168 6162 2231 6210 aqu.

1440 6209 1570 6272 quissimus
1580 6207 1656 6256 codex
1668 6208 1830 6258 tmiroiensls

1473 6273 1484 6304 ι
1501 6273 1612 6338 alanique
1622 6282 1686 6334 tta..
1698 6274 1891 6334 tettietsrtperte.

1476 6337 1486 6368 ¹
1501 6343 1604 6391 enatura·
1616 6346 1677 6399 uss,
1689 6336 1714 6388 ia
1725 6337 1845 6389 ueritatem.
