5592 7350
889 1003 975 1014 ,ι-
1569 1005 2224 1020 -m———n-m-n—

1013 1112 1100 1273 ru
1148 1112 1421 1219 ronan
1464 1115 1813 1220 uecruuu

1121 1337 1125 1346 ’
1253 1321 1593 1504 Restatis.

1342 1557 1527 1615 simio

648 1715 722 1776 Post
731 1711 917 1774 Donatistas
933 1708 1142 1771 celeberrima
1157 1708 1211 1770 illa
1224 1703 1463 1770 catholicorum
1475 1703 1509 1766 in
1522 1703 1767 1787 Carthaginensi
1781 1711 1951 1772 collatione
1967 1711 2098 1774 victoria
2114 1714 2246 1792 penitus

610 1793 744 1856 afflictos
759 1799 855 1869 atque
868 1807 1011 1858 eversos,
1029 1788 1173 1849 Ecclesia
1187 1804 1307 1848 novum
1321 1785 1475 1847 continuo
1486 1785 1706 1865 insurgentem
1721 1789 1752 1849 in
1765 1808 1799 1850 se
1811 1790 2035 1851 debellandum
2051 1792 2173 1854 hostem
2188 1793 2246 1854 ba·

608 1873 693 1936 buit.
710 1873 768 1947 qui
787 1872 853 1948 jam
871 1886 936 1927 non
959 1867 1142 1928 christianas
1162 1866 1344 1935 societatis,
1361 1870 1397 1925 ut
1418 1863 1477 1933 illi,
1493 1882 1549 1926 cor
1574 1884 1623 1935 us,
1638 1866 1692 1927 scd
1711 1867 1881 1945 ipsammet
1898 1871 2051 1941 animam,
2067 1871 2245 1934 Salvatoris

609 1951 755 2016 ricla-iicet
773 1949 912 2029 gratiam
933 1963 997 2023 qua
1020 1945 1187 2007 christiani
1209 1962 1333 2016 samus,
1348 1943 1532 2033 impetebat.
1549 1884 1653 2023 flnjus
1669 1946 1764 2025 longe
1780 1948 1927 2024 pessimae
1947 1948 2124 2021 liareseos,
2147 1967 2245 2087 quarn

608 2029 814 2107 Pelagianam
830 2032 862 2088 et
874 2024 1097 2085 Coeiestianam
1111 2024 1149 2083 de
1163 2028 1331 2084 auctorum
1347 2040 1416 2100 egus
1433 2022 1562 2083 nornine
1573 2023 1689 2085 dietam
1706 2044 1799 2086 nerno
1818 2027 1929 2096 nescit,
1949 2027 2145 2090 historiama
2182 2030 2246 2105 pri-

610 2125 725 2167 manos
742 2106 918 2181 scriptores
936 2103 1131 2180 recognitam
1144 2102 1196 2163 hic
1210 2106 1454 2180 representare,
1470 2107 1654 2163 nostrarum
1666 2105 1806 2177 partium
1821 2122 1892 2166 esse
1907 2106 2121 2175 arbitramur,
2140 2125 2246 2185 nequo

607 2186 694 2245 aliud
709 2185 778 2245 rice
791 2182 988 2261 praelationis
1000 2180 1177 2259 quidquam
1191 2179 1371 2258 exspectari
1383 2196 1403 2240 a
1416 2178 1509 2256 nobis
1525 2179 1735 2254 commodius,
1754 2199 1852 2259 quam
1870 2190 1905 2243 ut
1923 2184 2010 2244 brevi
2026 2202 2134 2246 rerum
2149 2186 2247 2247 Pela-

610 2264 779 2339 gianarum
799 2262 984 2321 narratione
998 2259 1037 2320 ad
1052 2259 1222 2319 lectionem
1234 2258 1418 2337 Augustini,
1436 2262 1598 2336 postremo
1617 2258 1678 2319 isto
1693 2262 1856 2323 volumine
1870 2262 2024 2325 adversus
2040 2263 2123 2325 hanc
2137 2263 2248 2327 heere-

608 2342 668 2401 sim
682 2339 890 2411 decertantis,
904 2337 1123 2399 studiosorum
1136 2338 1261 2399 animos
1277 2353 1514 2415 comparemus.

934 2415 959 2476 i.
974 2414 1098 2492 Pelagii
1114 2412 1451 2491 iiaresiarmapaaria
1468 2414 1540 2476 uita
1554 2415 1745 2485 institutum.
1762 2426 1790 2479 et
1805 2437 1914 2480 mores.

643 2498 796 2574 Pelagius
812 2494 943 2556 heresis
960 2493 1121 2572 princeps.
1139 2492 1235 2570 vulgo
1251 2493 1418 2552 dicebatur
1429 2490 1516 2550 Brito
1528 2514 1536 2550 z
1547 2496 1633 2569 quod
1650 2496 1694 2557 illi
1715 2515 1894 2576 cognomen
1918 2500 2138 2578 Augustinus,
2154 2505 2191 2562 ut
2204 2504 2246 2563 ab
2280 2491 2284 2500 ’

603 2576 661 2636 illo
676 2576 944 2650 distingueretur,
960 2572 1029 2649 ejus
1044 2570 1174 2648 aequali,
1188 2588 1284 2647 quem
1302 2570 1465 2648 Pelagium
1479 2570 1608 2631 Tarenti
1628 2576 1851 2648 appellabant,
1874 2578 2009 2638 inditum
2022 2598 2093 2640 esse
2115 2581 2247 2641 credidit

605 2654 614 2732 (
631 2656 740 2732 Epist.
757 2652 825 2719 186,
836 2669 868 2711 n.
888 2651 939 2728 1).
955 2650 1074 2710 Eodem
1090 2650 1195 2727 ipsum
1208 2648 1400 2740 cognomine
1417 2648 1554 2723 Prosper
1569 2648 1601 2707 in
1617 2647 1776 2711 Chronico
1799 2651 1838 2711 ad
1856 2670 1978 2716 annum
2016 2657 2243 2737 uadringentc·
2289 2705 2291 2711 ,

605 2734 723 2793 simum
736 2732 895 2792 decimum
911 2730 1051 2799 tertium,
1068 2733 1100 2789 et
1114 2727 1299 2788 Gennadius
1309 2726 1348 2787 ad
1362 2729 1487 2788 veteres
1503 2725 1626 2787 codices
1637 2729 1838 2800 emendatus,
1852 2675 2089 2813 vocantlynsrn.
2103 2738 2244 2814 Agapend.

605 2822 696 2894 parte
711 2811 759 2888 A).
781 2810 903 2869 Dicitur
916 2824 1048 2885 quoque
1067 2808 1107 2867 ab
1122 2805 1250 2878 Orosio,
1273 2803 1479 2866 Britannicus
1492 2813 1598 2864 noster
1609 2804 1787 2887 (Apologp
1804 2825 1823 2869 a
1840 2808 2040 2883 Mercatore,
2065 2823 2152 2890 gente
2172 2816 2247 2876 Bri-

605 2898 717 2949 taunas
748 2888 874 2967 (Infra.
903 2886 1043 2965 Append.
1063 2893 1156 2963 parte
1176 2883 1227 2964 2).
1256 2883 1401 2962 Denique
1421 2883 1559 2962 Prosper
1574 2883 1607 2945 in
1624 2886 1767 2949 carmine
1784 2885 1822 2948 de
1839 2888 1976 2967 lngratis
1995 2894 2159 2952 auctorem
2180 2892 2245 2953 hee-

604 2969 687 3029 resis
704 2967 884 3046 Pelagiance
901 2970 990 3027 notat
1002 2965 1050 3026 his
1065 2964 1190 3029 verbis:

1069 3070 1168 3140 iiagma
1182 3068 1251 3141 quod
1262 3068 1316 3124 anti
1338 3068 1363 3124 ui
1376 3070 1499 3126 satiatum
1516 3067 1576 3124 lelle
1590 3067 1712 3121 dimonis

1069 3139 1199 3196 Pestilero
1211 3140 1312 3195 vomuit
1364 3142 1439 3198 luber
1448 3155 1573 3197 scrumue
1585 3138 1736 3193 lh'itannus.

601 3234 643 3295 Et
657 3234 759 3296 multo
773 3233 854 3296 inira
870 3234 901 3294 in
916 3233 1204 3313 semipelagianam
1219 3234 1417 3313 impietatem
1430 3235 1521 3307 dicit,

1099 3334 1241 3390 Auctorem
1251 3336 1379 3390 comitare
1393 3335 1501 3390 exclusa
1515 3335 1680 3391 Britannum.

602 3432 758 3510 idemque
776 3430 808 3490 in
820 3427 1050 3507 epigrammate
1065 3426 1220 3489 adversus
1234 3426 1406 3505 quemdam
1419 3426 1591 3506 Augustini
1605 3427 1852 3488 obtrectatorem
1866 3438 1876 3485 e

1068 3531 1118 3583 Aut
1129 3529 1199 3582 bunc
1214 3524 1283 3600 (ait)
1295 3526 1368 3597 fruge
1381 3542 1428 3583 sua
1440 3526 1556 3595 aquinei
1571 3540 1666 3595 parere
1681 3524 1810 3580 Britanni.

605 3627 823 3702 Praeterquam
844 3620 926 3700 quod
948 3635 1008 3682 suo
1024 3618 1057 3679 in
1071 3617 1263 3681 collatorem
1279 3634 1395 3695 opere,
1413 3617 1469 3679 ubi
1485 3616 1631 3678 inimicos
1647 3616 1758 3695 gratie
1773 3615 1929 3694 quosdam
1946 3615 1978 3677 in
1996 3610 2170 3680 Britanniis
2186 3618 2245 3682 de-
2340 3597 2346 3624 ⁴

605 3707 781 3783 prehensos
798 3706 969 3771 memorat,
995 3699 1054 3760 bos
1072 3699 1171 3760 solum
1192 3717 1253 3760 sua
1271 3697 1320 3757 ori
1344 3696 1406 3758 inis
1423 3715 1587 3774 occupasse
1606 3696 1715 3756 scribit
1730 3695 1833 3773 (ibid.
1848 3697 1870 3775 ).
1887 3698 1995 3773 Atque
2010 3697 2089 3758 adeo
2109 3698 2191 3759 idem
2217 3700 2244 3761 si
2288 3743 2292 3750 ·

607 3785 704 3845 luerit
717 3783 874 3861 Pelagius,
886 3798 983 3857 quem
999 3778 1074 3839 dicit
1085 3777 1301 3857 Hieronymus
1316 3715 1483 3838 gualorum
1493 3774 1634 3854 pultibus
1644 3784 1874 3853 pregravataen
1887 3794 1898 3835 .·
1909 3775 1970 3836 hoc
1987 3775 2092 3853 ipsum
2106 3777 2192 3854 quod
2212 3777 2244 3839 in

605 3862 752 3926 homines
770 3860 869 3921 natali
885 3859 954 3936 ejus
972 3857 1042 3918 solo
1063 3855 1216 3917 finitimos
1239 3855 1431 3932 quadrabat,
1458 3855 1488 3917 ei
1510 3854 1657 3915 attribuit
1690 3853 1761 3927 Oua
1783 3853 1908 3914 ratione
1932 3853 1971 3914 de
1990 3855 2102 3915 eodem
2124 3856 2157 3916 in
2180 3857 2246 3917 alio

605 3940 689 4009 loco,
721 3938 832 4006 Habet,
861 3937 893 3998 in
920 3937 978 4006 uit,
1001 3935 1181 4015 progeniem
1202 3934 1334 3996 Scatiea
1358 3935 1469 4012 gentis,
1495 3932 1531 3993 de
1557 3932 1786 3995 Britannorum
1804 3933 1923 3993 vicinia
1945 3931 2094 4069 quiid).
2120 3935 2245 4008 Quibus

606 4020 712 4082 verbis
729 4018 807 4080 nibil
830 3956 916 4078 aliua
931 4015 958 4076 si
983 4014 1102 4088 nificat,
1118 4013 1181 4074 nisi
1200 4013 1292 4074 illam
1313 4019 1408 4094 gente
1429 4013 1576 4083 Scotum,
1606 4028 1665 4072 seu
1687 4010 1884 4085 ilibernum,
1912 4010 1943 4072 ri
1966 4011 2030 4101 eri3
2060 4013 2191 4089 quando
2215 4019 2247 4074 et

604 4100 718 4160 innata
742 4103 851 4158 esseni
872 4095 933 4173 ipsi
957 4034 1099 4161 lenitas,
1125 4091 1155 4153 id
1174 4094 1234 4162 est,
1254 4090 1436 4153 Hiberniae
1450 4091 1591 4170 regionis
1608 4089 1698 4161 vitia,
1714 4094 1748 4152 et
1764 4095 1871 4150 ortum
1892 4106 1910 4150 e
1928 4088 2062 4150 finitima
2079 4091 2247 4156 Britannia

603 4178 748 4238 duxisse.
765 4176 874 4253 ipsum
887 4180 994 4234 autem
1010 4170 1381 4248 humilibusparentibus
1394 4172 1507 4231 natum
1517 4168 1623 4261 prodit
1637 4167 1772 4230 Orosius
1791 4166 1936 4248 (Apolog.
1957 4185 2024 4247 cap.
2040 4167 2110 4246 26);
2126 4171 2245 4248 quippe

603 4255 657 4318 cui
670 4255 794 4316 natales
807 4253 853 4314 ait
866 4270 930 4313 non
947 4249 1084 4322 dedisse,
1100 4255 1136 4310 ut
1148 4249 1388 4311 honestioribus
1403 4248 1581 4326 disciplinis
1591 4246 1793 4320 erudiretur,
1810 4249 1851 4309 ob
1866 4247 1962 4326 idque
1975 4247 2015 4308 ad
2028 4246 2245 4310 conficiendas

603 4335 706 4396 libros
718 4332 917 4394 subsidiariis
931 4329 1107 4409 indiguisse
1121 4345 1228 4406 operae
1243 4327 1425 4400 comitibus,
1436 4328 1493 4407 qui
1508 4343 1690 4389 sermonem
1705 4326 1734 4386 ei
1750 4344 1845 4387 snum
1862 4325 2112 4387 commodarent.

638 4413 673 4474 is
687 4419 756 4472 tum
772 4410 951 4490 Augustino
967 4408 1080 4487 (iufra,
1096 4404 1244 4468 deGestis
1258 4405 1390 4486 Pelagii,
1404 4424 1437 4468 n.
1453 4406 1509 4478 ³63
1528 4413 1554 4466 et
1572 4405 1606 4467 in
1620 4412 1702 4465 tama
1715 4404 1746 4478 8,
1760 4405 1815 4467 tib.
1830 4404 1866 4465 de
1883 4404 2078 4478 steresibus,
2093 4423 2161 4484 cap.
2173 4404 2245 4486 88),

602 4498 673 4551 tum
690 4491 764 4551 aliis
777 4506 794 4550 a
808 4489 926 4566 quibus
940 4492 1149 4559 memoratur,
1163 4485 1245 4546 solet
1255 4485 1404 4564 Pelagius
1421 4484 1599 4547 Monachus
1615 4485 1770 4563 appellari
1789 4484 1905 4564 (Infra,
1924 4483 2065 4562 Appeud.
2079 4493 2172 4564 parte
2185 4484 2218 4565 2)
2237 4506 2244 4545 ε

602 4571 690 4631 unde
705 4569 838 4648 colligas
850 4586 923 4627 eum
938 4566 997 4627 hoe
1017 4566 1089 4627 vitea
1100 4582 1202 4643 genus
1217 4581 1283 4625 non
1298 4565 1393 4625 modo
1407 4563 1587 4643 professum
1601 4562 1711 4636 ruisse,
1726 4563 1947 4625 verumetiam
1961 4565 2178 4641 titulumque
2192 4582 2247 4625 io-

607 4655 745 4719 caretur,
760 4646 931 4707 clarinrem
944 4646 1070 4705 nullum
1082 4644 1247 4715 habuisse,
1259 4649 1356 4720 alque
1371 4642 1511 4705 clericali
1526 4643 1681 4721 dignitate
1691 4643 1880 4719 neutiquam
1892 4641 2150 4702 cohonestatum.
2159 4642 2243 4704 Hinc

605 4726 675 4805 ejus
692 4724 841 4787 baeresim
855 4724 1052 4803 Augustinus
1069 4740 1133 4784 uon
1152 4724 1193 4785 ab
1208 4723 1379 4800 episcopis,
1398 4740 1464 4783 non
1485 4738 1504 4784 a
1521 4722 1616 4800 presb
1630 4721 1734 4793 teris,
1755 4722 1807 4782 vel
1823 4720 2082 4797 quibuscumque
2097 4721 2242 4791 clericis,

604 4805 694 4865 seda
712 4803 904 4881 quibusdam
919 4802 1208 4880 pseudomonachis
1223 4802 1381 4862 invectam
1392 4799 1529 4860 affirmat
1543 4800 1552 4876 (
1568 4741 1671 4878 dalra,
1686 4798 1723 4860 cle
1742 4799 1843 4860 Gestis
1858 4797 1995 4877 Pelagii,
2009 4805 2043 4859 nt
2054 4799 2089 4858 iil
2108 4798 2130 4878 ).
2149 4800 2243 4860 illum

603 4883 742 4944 Orosius
758 4883 881 4944 disertis
896 4882 1001 4942 verbis
1013 4881 1165 4941 hominem
1175 4881 1290 4941 laicum
1303 4879 1379 4939 dicit
1395 4879 1510 4959 (Infra,
1525 4877 1666 4957 Appead.
1683 4887 1773 4955 parte
1784 4877 2049 4957 2),queriiurque
2064 4879 2169 4939 locum
2181 4880 2242 4958 ipsi

604 4962 638 5022 in
661 4961 933 5040 lerosolymitano
965 4977 1119 5021 consessu
1146 4958 1254 5019 datum
1279 4958 1364 5018 inter
1387 4960 1604 5095 presb‘yteros.
1626 4957 1666 5016 Et
1687 4957 1833 5018 Zosimus
1854 4973 1938 5034 papa
1964 4958 2066 5018 eidem
2094 4959 2242 5038 Pelagio,

604 5058 703 5116 quem
718 5040 837 5101 erroris
854 5039 934 5100 laiso
949 5038 1130 5100 insimulari
1147 5036 1463 5105 existimabal,initio
1490 5054 1600 5104 avens,
1614 5055 1687 5097 eum
1702 5037 1818 5098 laicum
1829 5037 1931 5096 uirium
1946 5035 1986 5096 ad
1997 5035 2107 5097 honum
2120 5038 2244 5117 frugem

603 5118 701 5197 longa
718 5136 791 5196 erga
805 5119 900 5178 Derim
914 5119 1061 5178 servitute
1073 5117 1222 5177 nitentem
1232 5115 1431 5192 nuncupavit
1445 5114 1555 5194 (iata).
1572 5116 1683 5176 Utrum
1694 5132 1771 5176 vero
1786 5116 1979 5178 monachum
1989 5115 2020 5174 in
2030 5117 2144 5195 Anglia
2158 5117 2243 5194 agiutl

604 5197 842 5289 Bangorenscs,
857 5197 907 5257 vel
923 5197 955 5257 in
973 5196 1064 5257 ltalia
1083 5195 1223 5255 induerit
1242 5195 1408 5272 Pelagius,
1428 5199 1569 5255 statuere
1590 5193 1725 5254 hicnon
1750 5195 1856 5272 magni
1876 5193 1995 5255 reiert:
2014 5213 2119 5270 neque
2136 5213 2243 5273 operes

605 5283 743 5351 pretium
760 5281 826 5347 est,
849 5275 912 5336 alia
928 5291 1001 5352 quae
1015 5274 1098 5351 apud
1114 5273 1278 5334 Usserium
1294 5273 1402 5333 videre
1416 5273 1506 5345 licet,
1525 5273 1732 5351 Anglicorum
1753 5273 1946 5350 scriptarum
1962 5273 2126 5334 desudem
2145 5293 2240 5334 com-

607 5363 712 5415 menta
726 5372 906 5416 recensere.
922 5357 962 5412 Al
979 5353 1127 5413 omnibus
1144 5352 1210 5412 lere
1225 5368 1418 5429 persuasum
1436 5350 1516 5423 luit,
1533 5353 1639 5423 illum,
1654 5369 1719 5429 quo
1734 5358 1875 5429 tempore
1888 5352 2028 5413 loerriues
2044 5351 2244 5430 chrysosto-

607 5451 675 5492 mus
692 5437 733 5494 ab
749 5432 942 5493 adversariis
960 5432 1197 5510 exsrgitabalur,
1208 5431 1401 5491 monachum
1416 5431 1520 5510 egisse
1534 5432 1565 5490 in
1579 5430 1728 5500 Oriente;
1743 5437 1841 5508 atque
1853 5431 1998 5491 cumdem
2010 5433 2099 5491 illum
2111 5449 2193 5503 esse,
2205 5433 2243 5493 de

603 5528 669 5590 quo
684 5514 743 5572 Vir
759 5518 887 5572 sanctus
904 5511 942 5572 ad
956 5510 1175 5589 Olympiadem
1188 5509 1299 5569 litteris
1317 5526 1416 5580 anno,
1429 5515 1466 5570 ut
1478 5509 1613 5580 videtur,
1629 5509 1947 5589 quadringentesimo
1960 5512 2084 5588 quinto.
2101 5511 2132 5569 in
2149 5513 2244 5572 exsi-

603 5589 745 5669 lioapud
762 5592 950 5651 Arabissum
968 5590 1000 5649 in
1025 5591 1174 5650 Armenia
1190 5587 1270 5648 datis
1286 5589 1446 5649 scribebat
1468 5589 1501 5649 in
1525 5588 1592 5649 haec
1606 5590 1704 5649 verba
1720 5608 1727 5648 :
1744 5590 1789 5648 lle
1811 5588 1938 5668 Pelagio
1962 5588 2111 5649 monacho
2134 5590 2244 5652 dolore

603 5669 772 5729 uehenrenti
785 5668 914 5748 assertus
927 5688 1005 5728 sum.
1022 5668 1105 5744 Quat
1119 5669 1219 5745 igitur
1233 5669 1416 5746 quantisque
1431 5667 1455 5729 ii
1469 5668 1523 5746 qui
1536 5668 1615 5746 sorti
1627 5667 1731 5728 arriano
1744 5669 1894 5735 steterint,
1912 5668 2036 5729 coronis
2051 5668 2142 5746 digni
2157 5681 2244 5741 sunt,

625 5749 776 5825 erpendos
788 5748 878 5808 aelian
892 5769 901 5807 :
915 5767 982 5808 cum
994 5748 1081 5808 viros
1100 5755 1188 5806 tanta
1203 5764 1277 5805 eura
1298 5754 1325 5806 et
1340 5745 1444 5807 studia
1459 5754 1604 5824 tantaque
1622 5747 1788 5808 tolerantia
1802 5748 1937 5808 cicentes
1949 5746 2062 5808 abduci
2073 5748 2243 5810 videamus.

600 5765 719 5887 Procul
736 5828 834 5888 dubio
850 5825 996 5904 Pelagius
1010 5827 1076 5896 ille,
1095 5828 1136 5901 ab
1150 5825 1254 5901 iisqui
1270 5825 1404 5886 loannis
1416 5825 1632 5887 innocentiam
1647 5828 1833 5896 tuebantur,
1844 5826 2001 5887 deiecerat
2017 5846 2024 5885 :
2043 5829 2243 5905 nequealiud

601 5922 712 5966 causae
726 5912 807 5976 erat,
823 5923 883 5972 cur
899 5905 967 5984 ejus
983 5906 1109 5982 lapsum
1124 5905 1334 5965 miseraretur
1348 5910 1478 5965 sanctus
1490 5905 1679 5983 Episcopus.
1691 5905 1782 5979 Quod
1794 5907 1879 5965 enim
1896 5905 1934 5966 ad
1953 5906 2158 5984 Pelagianam
2172 5908 2244 5969 lue-

601 5985 701 6044 resim
715 5991 854 6062 spectat,
869 5983 1145 6064 Chrysostornum,
1164 5983 1219 6059 qui
1230 5983 1313 6044 diem
1327 6000 1414 6044 anno
1427 5983 1744 6064 quadringentesimo
1759 5985 1893 6062 septimo
1911 5985 2001 6053 obiit,
2017 5985 2055 6046 de
2071 5986 2125 6048 illu
2141 5987 2243 6066 quidm

601 6079 703 6140 quam
730 6080 874 6140 unquam
896 6064 1070 6134 audivisse,
1086 6061 1211 6124 tametsi
1229 6061 1309 6123 lnrte
1325 6063 1412 6121 illam
1427 6063 1547 6124 sensim
1558 6064 1625 6142 iam
1640 6069 1708 6123 tum
1731 6064 1910 6124 insinuaret
1936 6063 2006 6142 eius
2032 6082 2162 6142 parens,
2181 6084 2244 6126 ue-

602 6141 684 6201 mini
712 6143 859 6203 videatur
885 6142 1068 6203 verisimile.
1102 6142 1185 6215 Quin
1212 6142 1309 6201 etiam
1338 6142 1501 6220 Pelagium
1524 6141 1769 6203 haeresiarcham
1796 6142 1855 6203 boc
1882 6142 1951 6221 ipso
1976 6161 2063 6204 anuo
2082 6145 2245 6221 quadrin-

622 6222 782 6282 entesimo
800 6225 929 6298 quinto,
949 6240 1015 6298 quo
1034 6221 1174 6281 loannes
1193 6220 1310 6299 Pelagii
1328 6220 1476 6281 monachi
1494 6220 1702 6282 delectionem
1726 6224 1934 6300 querebatur,
1960 6230 2120 6283 versatuin
2146 6223 2244 6285 luisse

597 6238 712 6361 hornia
729 6300 820 6361 laclia
833 6301 898 6375 jam
919 6300 1140 6378 persuadetur,
1158 6308 1328 6377 postquam
1344 6317 1383 6360 ex
1402 6300 1580 6363 Mercatore
1594 6302 1802 6364 obseruatum
1815 6302 2151 6376 est,lueres'uuilhum
2162 6314 2263 6361 suein

602 6380 715 6442 homae
738 6377 854 6440 liuline
869 6379 1009 6457 quodam
1027 6378 1107 6458 Syro
1125 6378 1316 6460 propinante
1342 6380 1506 6447 imbibisse
1532 6386 1679 6467 tempore
1697 6385 1865 6453 Anastasii
1888 6403 1986 6469 pape
1999 6381 2134 6464 tibio-i·
2147 6379 2280 6456 ΜΨ

729 6480 1013 6565 ‘Parn0a.1i'tllJ.
1928 6568 1938 6579 ἱ
2014 6486 2134 6567 (tinea

553 6553 682 6712 alib.
