5592 7350
578 947 632 1004 097

577 1060 658 1132 ginis,
669 1056 730 1129 quia
740 1055 774 1112 de
784 1055 854 1111 malo
864 1055 990 1120 nascitur,
1002 1070 1055 1125 qno
1069 1068 1132 1110 caro
1149 1054 1312 1124 concupiscit
1325 1053 1371 1108 ad·

577 1166 673 1209 uersus
681 1149 819 1221 spiritum;
830 1163 883 1205 non
895 1148 1017 1214 debono,
1027 1164 1079 1218 quo
1090 1146 1198 1217 spiritus
1208 1146 1372 1217 concupiscit

576 1244 705 1301 adversus
717 1257 824 1298 carnem
840 1240 938 1313 (Gutut.
953 1256 985 1305 u,
998 1238 1053 1311 li).
1063 1240 1129 1309 Quid
1139 1254 1202 1311 ergo
1216 1238 1311 1293 mirum
1319 1247 1369 1304 est,

576 1339 601 1393 si
609 1337 713 1393 renasci
722 1335 802 1391 debet
812 1335 892 1389 homo
899 1350 932 1389 ex
942 1334 986 1387 illu
1001 1335 1070 1387 urrato
1083 1342 1160 1387 natus
1171 1375 1178 1396 ,
1191 1340 1283 1387 contra
1300 1330 1371 1401 quod

579 1438 679 1500 pugnat
694 1426 775 1482 lromo
789 1433 908 1491 rcnatns,
919 1439 1041 1495 qnoreus
1051 1433 1078 1478 et
1093 1423 1149 1491 ipse
1160 1430 1304 1488 teneretur,
1320 1422 1370 1477 nisi

576 1516 742 1574 rerraseemlo
752 1514 997 1571 liberaretnrlllnn
1013 1522 1053 1569 est
1066 1513 1117 1567 hec
1132 1514 1229 1566 trralutn
1245 1511 1371 1567 materies

508 1666 512 1675 ,
578 1613 624 1669 liei
640 1611 775 1677 creantis,
788 1591 851 1664 sed‘
863 1608 956 1664 tulnrrs
970 1606 1068 1662 diaboli
1090 1605 1211 1661 eamdent
1233 1604 1369 1659 materiem

575 1703 703 1758 vitiantis.
713 1699 771 1756 Non
781 1709 821 1755 est
832 1699 883 1754 hoc
892 1698 988 1752 nralum
998 1697 1159 1768 rnrptiarntn,
1169 1694 1215 1750 scd
1226 1695 1369 1763 primomm

576 1794 711 1849 hominnm
727 1800 882 1862 peccatum,
900 1789 925 1842 in
949 1798 1070 1859 posteros
1084 1784 1273 1855 propagatione
1288 1784 1369 1854 traje-

575 1893 658 1940 ctum.
672 1873 756 1938 Etiarh
772 1879 918 1951 trrqrrsmatt
927 1889 1026 1941 reatus,
1037 1877 1206 1946 llaprtismatis
1220 1874 1369 1931 sanctifica·

575 1974 647 2028 tione
658 1972 809 2027 remittitur.
824 1970 894 2024 licus
911 1977 998 2022 autem
1008 1968 1107 2037 justus,
1127 1966 1150 2021 si
1160 1974 1233 2019 tanta
1245 1965 1368 2035 parvulis

575 2066 655 2130 rrrrrla,
676 2070 774 2132 quanta
788 2076 858 2115 nuttc
872 2060 961 2115 dicere
983 2076 1034 2113 non
1050 2058 1168 2124 sufficio,
1182 2057 1248 2113 nihil
1266 2056 1368 2127 pcccati

574 2152 739 2207 trahentibus
749 2147 1247 2221 irrogarct,magisappareretinjustus.
1256 2146 1369 2204 tusone

573 2259 639 2297 nero
648 2240 763 2312 perlecta
773 2240 907 2311 capacitas
916 2240 1031 2295 lrominis
1042 2254 1093 2294 non
1107 2247 1230 2309 negatur,
1245 2239 1307 2310 quia
1319 2253 1369 2295 nee

572 2338 696 2391 vitiorum
712 2324 830 2390 ourrr'ium
843 2335 995 2406 plenissima
1006 2334 1107 2390 sanitas
1124 2334 1174 2391 sub
1193 2333 1369 2406 omnipotenti

573 2427 678 2483 medico
691 2426 856 2496 desperatur.
879 2426 990 2496 Propter
1000 2440 1079 2496 quam
1099 2425 1256 2480 catholicam
1270 2425 1369 2480 uerita·

575 2528 627 2573 tem
648 2518 732 2571 sancti
744 2531 776 2571 ac
794 2516 864 2572 beati
875 2524 902 2571 ct
917 2515 943 2569 in
965 2514 1116 2570 divinorum
1127 2514 1294 2586 eloquiorum
1308 2530 1370 2586 pet·-

574 2606 733 2663 tractutione
752 2606 895 2661 clarissimi
919 2604 1088 2671 sacerdotes,
1112 2604 1243 2670 lrenaus,
1260 2608 1369 2679 Cypria-

573 2713 641 2763 nus,
673 2697 806 2763 lleticius,
838 2696 992 2769 Olympius,
1027 2696 1162 2763 Hilarius,
1193 2698 1368 2766 Ambrosius,

573 2787 735 2859 Gregorius,
760 2785 945 2852 innocentius,
969 2785 1104 2851 loattnes,
1130 2786 1258 2856 Basilius,
1272 2788 1402 2858 quibus·

573 2877 642 2934 addo
666 2877 867 2949 presbyterum,
891 2878 958 2933 velis
989 2876 1074 2945 nolis,
1107 2877 1315 2950 hieronymum,
1340 2888 1369 2935 ut

573 2970 693 3026 omittam
708 2982 756 3024 eos
773 2968 819 3039 qui
838 2958 958 3024 nondum
976 2968 1163 3037 dormierunt,
1179 2969 1306 3025 adversus
1322 2984 1369 3026 vos

573 3066 711 3139 proferunt
722 3065 756 3122 ιε
769 3065 888 3121 omnium
900 3064 1036 3120 hominum
1050 3074 1162 3136 peceato
1184 3064 1305 3136 originali
1318 3064 1368 3121 ob-

573 3159 652 3213 noxia
671 3156 841 3213 successione
861 3156 1022 3210 sententiam
1052 3172 1060 3209 r
1087 3154 1159 3210 unde
1182 3170 1261 3210 nemo
1282 3158 1367 3223 eruit,

573 3246 623 3302 uisi
636 3261 715 3317 quem
736 3245 794 3301 sine
808 3246 867 3315 lege
889 3245 990 3314 pcccati
1012 3253 1177 3316 repugnante
1198 3244 1248 3316 legi
1270 3244 1375 3299 mentis

572 3336 789 3408 uirgoconcapit.
989 3409 991 3413 Ι

608 3431 653 3486 bl.
667 3428 735 3497 Quid
754 3437 796 3484 est
821 3427 891 3498 quurl
913 3427 1044 3493 exsultas,
1071 3435 1099 3482 et
1124 3425 1188 3481 mihi
1216 3426 1291 3497 quasi
1311 3426 1368 3483 ric-

573 3527 616 3576 tot·
632 3519 744 3574 insultas
756 3519 764 3551 ¹
776 3559 784 3586 ,
797 3528 916 3588 tunquam
930 3533 982 3571 non
1001 3518 1140 3572 invenirent
1160 3516 1222 3584 quid
1242 3522 1367 3589 sorerem.

572 3626 621 3684 qno
634 3612 810 3684 confugerem,
828 3610 850 3663 ri
873 3609 992 3682 judicum
1009 3624 1135 3681 premerer
1148 3616 1286 3680 potestate,
1303 3610 1325 3663 ri
1341 3609 1369 3663 itt

572 3703 657 3757 medio
675 3702 831 3758 eruditorum
855 3701 1015 3756 consisterent
1033 3711 1114 3755 tecum
1124 3739 1132 3766 ,
1152 3701 1175 3756 ri
1193 3715 1274 3769 uerae,
1288 3715 1368 3771 quam

572 3793 655 3860 dicis,
675 3793 781 3848 rationis
796 3793 872 3859 tuln,
896 3808 911 3847 a
927 3800 953 3847 te
966 3793 1069 3848 scilicet
1082 3806 1179 3863 magno
1194 3792 1311 3847 tubicine
1325 3792 1368 3848 in·

572 3881 650 3949 llata,
665 3883 687 3936 ri
700 3882 846 3936 uudhnrnm
857 3897 929 3935 urmu
942 3882 1161 3937 circumdantium
1173 3889 1201 3938 et
1215 3882 1261 3938 tibi
1275 3882 1368 3938 taren·

573 3971 639 4027 hum
654 3972 854 4042 concreparent?
879 3971 999 4026 ltaenim
1024 3971 1070 4028 tibi
1094 3974 1171 4044 ponis
1191 3982 1254 4029 ante
1275 3974 1369 4030 oculos

574 4074 694 4119 nostrum
715 4063 742 4118 in
759 4063 938 4134 disputatione
958 4074 1109 4135 certamen,
1132 4074 1159 4120 et
1183 4075 1208 4121 te
1225 4081 1367 4137 argumen-

574 4163 665 4221 tante,
681 4171 724 4211 me
736 4155 800 4226 quid
813 4155 991 4226 respondeam
1004 4172 1057 4211 non
1067 4156 1226 4226 habentem,
1241 4157 1319 4229 lingis
1338 4168 1368 4214 ut

574 4247 671 4317 placet.
686 4247 731 4304 sic
746 4257 832 4303 tecum
847 4263 914 4303 vana
926 4257 953 4304 et
967 4249 1059 4304 insana
1069 4250 1106 4305 tui
1117 4249 1205 4305 cordis
1215 4251 1367 4321 imaginatio

573 4335 717 4404 tabulatur,
731 4340 806 4408 quasi
828 4347 953 4394 meante
977 4340 1133 4410 Pelagianos
1155 4339 1259 4410 jndices
1280 4352 1366 4396 tecum

511 4470 519 4479 .
572 4428 735 4494 constituas,
758 4428 854 4496 quibus
876 4428 1060 4499 plaudentibus
1081 4431 1127 4485 tibi
1148 4431 1226 4485 liceat
1248 4432 1368 4487 exaltare

572 4527 699 4589 tanquam
725 4521 816 4576 tubam
833 4536 925 4577 vocem
948 4529 1036 4589 tuam,
1060 4531 1088 4577 et
1112 4523 1255 4592 praedicare
1274 4532 1367 4579 contra

573 4612 733 4669 catholicam
758 4614 836 4669 lidctn
849 4624 876 4669 et
889 4623 980 4670 contra
993 4616 1106 4686 gratiam
1120 4614 1235 4680 Christi,
1250 4631 1301 4685 qua
1316 4631 1366 4684 pu·

573 4704 626 4760 uini
638 4719 698 4759 cum
719 4706 822 4776 magnis
836 4705 981 4762 liberantur
995 4722 1010 4760 a
1030 4706 1115 4772 malo,
1130 4721 1298 4763 communem
1321 4709 1367 4764 tibi

574 4804 600 4849 et
615 4795 668 4850 illis
683 4796 789 4850 notitioe
811 4786 890 4866 liujus
903 4797 1048 4867 impietatis
1062 4812 1190 4852 ermrem.
1207 4798 1285 4853 Tales
1296 4798 1363 4868 judi·

571 4899 619 4939 ces
630 4884 657 4938 in
672 4885 790 4941 licclesia
806 4887 870 4950 Dei,
892 4902 941 4942 nec
955 4890 1013 4942 siue
1026 4887 1180 4942 aduersario
1194 4902 1226 4942 ex
1242 4898 1316 4959 parte
1328 4889 1368 4945 el-

573 4982 632 5030 tera
642 4985 729 5032 stante
750 4978 834 5046 potnit
855 4978 1075 5035 eruditorvcster
1094 4979 1216 5050 Pelagius
1237 4980 1364 5037 inuenire.

573 5069 612 5124 Pe
624 5086 676 5141 quo
695 5071 812 5142 judicio,
837 5074 1011 5144 ipsequidem
1026 5084 1153 5145 quantum
1175 5074 1208 5130 acl
1230 5075 1369 5130 hominum

572 5172 744 5229 conspectum
768 5163 877 5228 attinet,
892 5165 967 5219 velut
988 5165 1142 5232 absolutus,
1165 5175 1254 5221 vestro
1279 5177 1367 5220 tatrren

573 5249 659 5319 palam
672 5249 796 5306 damnato
809 5251 933 5324 dogmate
945 5295 952 5318 ,
964 5267 1087 5323 egressus
1098 5265 1149 5309 est.
1163 5255 1199 5310 Αι
1219 5270 1285 5325 ego,
1310 5256 1368 5310 nbi·

573 5355 687 5410 cumque
700 5343 755 5408 sis,
770 5344 932 5414 ubicumque
945 5344 1033 5414 legere
1054 5345 1103 5399 ista
1117 5347 1250 5416 potueris,
1266 5356 1291 5401 tc
1305 5356 1366 5402 note

573 5427 751 5499 istosjudices
766 5432 838 5486 intus
853 5432 879 5487 in
901 5431 1038 5488 cordetuo
1053 5438 1202 5498 constitno;
1224 5451 1291 5506 quos
1311 5451 1365 5490 tren

571 5521 672 5577 amicos
685 5539 759 5577 tricos
772 5534 799 5578 et
808 5525 928 5580 inimicos
941 5535 1017 5592 tuos,
1029 5525 1115 5596 aliqua
1128 5527 1154 5581 in
1166 5543 1251 5583 meant
1265 5539 1365 5599 partem

571 5611 656 5678 gratia
670 5613 883 5682 propendentes,
906 5615 995 5686 aliquo
1007 5617 1054 5670 ans
1068 5626 1093 5672 te
1107 5619 1203 5672 merito
1217 5629 1267 5672 tuae
1280 5619 1365 5674 tillen-

571 5698 655 5753 sionis
667 5714 793 5766 arersos,
809 5715 836 5758 ct
854 5705 889 5758 ub
903 5705 954 5760 hoc
969 5705 1015 5761 tibi
1030 5707 1176 5772 adversos,
1201 5709 1227 5762 in
1242 5709 1290 5765 bac
1318 5727 1367 5764 no-

571 5799 627 5843 stra
652 5790 846 5861 disceptatione
857 5796 982 5850 constitui
1000 5798 1161 5867 cognitores.
1181 5797 1236 5854 Nec
1253 5816 1300 5854 eos
1320 5801 1364 5870 rpti

571 5897 708 5951 nnttqnam
721 5883 829 5940 luerunt
842 5896 887 5942 aut
909 5904 961 5943 non
978 5900 1057 5955 sunt,
1071 5900 1116 5944 ant
1126 5907 1237 5962 quornm
1254 5903 1364 5948 senten·

571 5970 614 6024 tiro
628 5972 662 6026 de
678 5972 728 6027 Ιιοε
742 5975 813 6044 quod
825 5977 893 6031 inter
913 5995 960 6030 rurs
982 5979 1133 6049 disputator
1156 5983 1263 6036 incertae
1285 5992 1362 6052 srrnt,

523 6129 534 6137 μ
571 6062 642 6115 inam
654 6066 814 6133 cogitatione
827 6071 943 6122 continui
967 6088 973 6122 :
997 6071 1043 6126 scd
1057 6080 1162 6127 sanctos
1176 6082 1202 6127 et
1225 6074 1250 6126 in
1273 6086 1363 6129 sancta

571 6151 690 6208 Ecclesia
713 6156 830 6212 illustres
851 6161 983 6215 arnitites
1013 6164 1075 6228 oct,
1099 6180 1151 6216 nnn
1174 6164 1316 6221 Platonicis
1338 6176 1365 6221 et

603 6285 611 6313 ¹
631 6293 681 6333 unt.
695 6292 731 6334 fr.
753 6294 779 6337 ut
791 6288 902 6350 plerique
915 6299 976 6345 ttss..
991 6293 1093 6355 atellei,
1109 6294 1130 6346 εἰ
1148 6295 1172 6345 in
1185 6305 1311 6363 conspectu
1322 6299 1364 6362 ju·

574 6345 656 6399 turin
667 6360 780 6412 ιἰιιιιιιιι,
793 6350 862 6413 ιμιιιιιΙ
874 6352 946 6403 uictor
956 6355 1062 6405 ittsrtltnr.

1235 943 1336 998 tttthtt
1355 943 1542 1003 SECUNDUS.

2164 956 2217 1015 obs

1426 1057 1601 1114 aristotelicis
1625 1068 1651 1115 ct
1680 1061 1821 1118 zenonicis
1842 1064 2216 1138 allisqtrehujuscernodi,rel
2293 1135 2297 1143 ‚

1425 1150 1518 1217 graecis
1532 1150 1573 1205 rel
1584 1150 1687 1219 latinis,
1709 1170 1857 1227 quanquam
1872 1167 1900 1214 et
1923 1160 1980 1215 istis
1998 1163 2100 1234 aliquos
2111 1179 2221 1232 eorum,-

1428 1251 1520 1293 uerum
1535 1256 1628 1298 ornnes
1642 1245 1725 1300 sacris
1739 1244 1847 1303 Litteris
1857 1248 1985 1314 cruditos,
1995 1254 2150 1309 nominatim
2159 1271 2215 1311 ste-

1428 1336 1457 1382 nt
1471 1331 1610 1399 oportebat
1634 1337 1770 1404 expressi;
1786 1351 1932 1409 eorumque
1954 1345 2117 1410 sententias,
2131 1360 2217 1416 qnan-

1426 1425 1480 1471 tum
1495 1419 1617 1477 sullicere
1632 1423 1779 1490 uidebatur,
1795 1427 1852 1482 sinc
1871 1429 1927 1484 ulla
1941 1431 2025 1485 editas
2046 1433 2218 1504 ambiguitate

1423 1505 1536 1578 digessi,
1550 1517 1578 1563 ut
1598 1511 1624 1565 in
1639 1512 1679 1567 cis
1701 1513 1811 1581 timeas,
1826 1532 1879 1571 non
1900 1517 1987 1588 ipsos,
2009 1522 2056 1576 εει
2077 1523 2150 1576 illum
2171 1525 2216 1594 qui

1423 1599 1473 1653 sihi
1487 1615 1533 1654 eos
1548 1602 1620 1656 utilia
1644 1619 1706 1658 uasa
1719 1604 1856 1672 formauit,
1872 1618 1900 1664 et
1920 1622 2009 1666 sancta
2032 1616 2129 1684 templa
2150 1630 2216 1669 con·

1424 1689 1538 1756 struxit;
1557 1693 1602 1761 qui
1618 1701 1680 1748 tnnc
1694 1694 1728 1749 de
1751 1697 1800 1751 ista
1814 1714 1893 1753 causa
1906 1701 2110 1772 judicaverunt,
2131 1720 2216 1775 qnan-

1423 1776 1458 1833 do
1472 1793 1519 1834 eos
1532 1795 1612 1837 nemo
1625 1792 1714 1852 potest
1725 1784 1815 1842 dicere
1827 1802 1966 1858 perperam
1982 1791 2103 1862 ctiiqnarn
2116 1795 2158 1849 rel
2170 1795 2219 1850 aul·

1423 1870 1524 1925 temari
1534 1871 1576 1926 vel
1586 1872 1675 1930 lavere
1687 1875 1813 1944 potuisse.
1826 1877 1948 1934 Nondum
1960 1882 2031 1936 enim
2041 1884 2216 1953 exstiteratis,

1422 1969 1515 2015 cotnra
1528 1977 1602 2032 quos
1622 1965 1817 2035 susciperemus
1828 1967 1863 2023 de
1875 1969 1927 2025 hac
1947 1973 2094 2041 quaestione
2120 1973 2217 2029 condi·-

1421 2058 1496 2105 ctum
1507 2070 1513 2106 :
1525 2053 1643 2109 nondum
1655 2058 1747 2124 eratis,
1759 2060 1803 2127 qni
1817 2060 1942 2117 diceretis
1955 2064 2025 2133 quod
2039 2067 2064 2118 in
2077 2066 2152 2120 libris
2163 2067 2216 2122 tuis

1422 2143 1516 2211 ponis,
1531 2143 1598 2211 Quin
1619 2146 1651 2199 de
1664 2147 1733 2202 uobis
1746 2151 1903 2206 multitudini
1925 2156 2022 2209 mentiti
2040 2159 2176 2227 fuerimus,
2193 2168 2217 2213 ιι

1421 2231 1754 2301 quodCoelertiunorumnel
1773 2238 1971 2312 Pelagianornm
1983 2247 2084 2301 nomine
2104 2249 2216 2305 hominen

1422 2330 1570 2390 terreamur,
1584 2334 1607 2379 et
1619 2326 1687 2395 quod
1697 2336 1793 2384 terrore
1803 2329 1835 2384 ul
1848 2330 1990 2388 hominibus
2002 2335 2012 2366 ¹
2023 2345 2214 2407 extorqueantur

1421 2428 1561 2467 mentum.
1584 2416 1663 2471 Certe
1676 2416 1733 2487 ipse
1745 2418 1851 2488 dixisti,
1874 2422 1943 2492 quoti
1964 2439 2049 2480 omnes
2063 2427 2163 2496 judices
2182 2432 2215 2483 ul

1421 2501 1497 2570 odie,
1512 2504 1624 2559 unricitiu
1634 2547 1641 2572 ,
1650 2507 1800 2575 inimicitie,
1813 2511 1853 2565 iru
1863 2527 1956 2568 nucum
1966 2530 2019 2569 erse
2030 2516 2125 2571 decent.
2135 2520 2215 2576 Pauci

1423 2592 1489 2648 tales
1506 2604 1651 2664 potuerunt
1670 2598 1782 2655 inveniri
1806 2619 1813 2657 :
1836 2603 1883 2657 sed
1906 2606 2076 2662 ambrosium
2097 2611 2216 2682 aliosque

1421 2684 1537 2754 collegas
1559 2686 1636 2756 ejus,
1656 2703 1724 2758 quos
1745 2705 1808 2746 cnm
1828 2693 1876 2747 illo
1900 2699 2123 2764 commemorari,
2149 2701 2216 2758 tales

1422 2772 1504 2830 luisse
1515 2777 1677 2833 credendum
1700 2790 1752 2836 est.
1769 2782 1866 2839 Verum
1878 2794 1906 2840 et
1924 2786 1947 2841 si
1962 2787 2027 2843 tales
2041 2804 2094 2844 non
2109 2790 2216 2848 luerunt

1422 2864 1448 2918 in
1468 2864 1510 2921 his
1524 2870 1630 2932 causis,
1645 2885 1712 2940 quas
1724 2871 1758 2927 ad
1770 2888 1799 2928 sc
1812 2874 1915 2931 delatas
1929 2887 1957 2932 et
1979 2878 2048 2934 inter
2062 2891 2152 2950 partes
2165 2898 2215 2938 co-

1421 2956 1525 3025 gnitas,
1540 2973 1600 3013 curn
1616 2960 1660 3016 hic
1673 2962 1810 3031 uiuerent,
1824 2981 1874 3021 suo
1893 2968 1996 3037 judicio
2016 2971 2155 3037 linierunt:
2180 2975 2214 3030 ael

1422 3047 1491 3103 hanc
1504 3058 1591 3105 tamen
1607 3066 1713 3107 causum
1730 3056 1797 3111 tales
1819 3068 1911 3125 erant,
1925 3061 2031 3130 qnando
2042 3063 2077 3118 de
2092 3065 2135 3118 illa
2151 3082 2215 3121 sen-

1422 3139 1518 3194 tentias
1532 3141 1723 3211 protulerunt:
1748 3146 1835 3201 nullas
1857 3149 1995 3205 nobiscum
2017 3153 2060 3208 rel
2078 3155 2213 3210 nobiscum

1421 3230 1552 3285 amicitias
1574 3233 1763 3303 attenderunt,
1787 3240 1828 3291 rel
1851 3240 2002 3297 inimicitias
2021 3256 2213 3310 exercuerunt;

1421 3336 1508 3391 neque
1519 3322 1596 3379 nobis
1617 3340 1704 3395 neque
1715 3328 1790 3383 vobis
1800 3330 1858 3384 irati
1879 3342 1949 3399 sunt,
1964 3349 2051 3403 neque
2064 3353 2113 3392 tros
2129 3355 2215 3409 ncqne

1420 3426 1468 3465 ros
1481 3413 1598 3468 miserati
1618 3425 1689 3470 sunt.
1705 3417 1780 3483 Quod
1804 3420 1963 3477 invenerunt
1976 3426 2001 3477 in
2018 3427 2151 3494 Ecclesia,
2174 3440 2214 3486 te-

1421 3513 1552 3571 nuerunt;
1567 3506 1637 3575 quod
1651 3507 1817 3577 didicenmt,
1839 3510 2001 3580 docuerunt;
2021 3518 2119 3586 quoda
2133 3522 2215 3588 patri-

1421 3593 1471 3647 bus
1494 3607 1672 3665 acceperunt,
1689 3598 1742 3653 hoc
1762 3599 1823 3655 liliis
1843 3603 2017 3659 tradiderunt.
2033 3607 2153 3664 Nondum
2168 3627 2216 3664 no·

1420 3684 1522 3740 hiscum
1537 3687 1607 3757 apud
1626 3688 1692 3744 istos
1701 3690 1809 3760 judices
1822 3694 1919 3764 aliquid
1933 3697 2091 3766 agebamus,
2105 3713 2132 3756 ει
2144 3706 2213 3772 apud

1421 3791 1467 3832 eos
1480 3789 1539 3834 acta
1560 3790 1602 3836 cst
1615 3797 1695 3837 causa
1709 3793 1809 3840 nostra.
1825 3786 1880 3842 Nec
1899 3804 1949 3843 nos
1964 3805 2014 3845 nec
2030 3807 2076 3847 ros
2098 3794 2137 3849 cis
2158 3796 2214 3851 nuti

1420 3867 1573 3939 ineramus,
1588 3882 1723 3931 eteorum
1747 3892 1795 3948 pro
1809 3879 1886 3934 ttobis
1901 3883 1968 3937 latas
1981 3894 2073 3939 contra
2094 3901 2140 3941 vos
2152 3904 2214 3944 εει-

1420 3963 1518 4019 ιειιιίιιε
1529 3965 1685 4023 recitamus.
1701 3967 1824 4023 Nondum
1839 3972 1975 4028 uobiscum
1986 3975 2170 4047 certabamus,
2186 3991 2225 4040 ct.

1420 4053 1459 4107 eis
1471 4056 1703 4123 pronuntiantibus
1717 4060 1851 4115 uicimus.¹

1455 4145 1500 4199 55.
1517 4145 1601 4210 ilicis,
1621 4165 1630 4199 r
1652 4162 1712 4212 me,
1723 4148 1746 4203 si
1764 4150 1814 4203 snb
1827 4160 1957 4220 potestate
1967 4153 2087 4224 judicum
2104 4175 2213 4228 preme·

1420 4251 1482 4302 rer,
1500 4255 1510 4289 ι
1525 4237 1618 4307 quales
1634 4239 1678 4293 tibi
1701 4239 1757 4309 ipse
1780 4244 1938 4310 componis,
1956 4263 1965 4297 r
1985 4263 2038 4300 nun
2062 4249 2212 4307 habiturum

1420 4327 1502 4385 luisse
1516 4330 1578 4400 quid
1592 4329 1717 4397 lacerem,
1731 4348 1784 4402 qno
1796 4334 1984 4406 confugerem:
1999 4353 2059 4393 cum
2074 4341 2125 4395 tuis
2136 4358 2216 4414 argu·

1420 4420 1627 4476 mentitionibus
1652 4421 1722 4476 unde
1744 4438 1912 4478 occurrerem
1938 4429 2055 4493 reperire
2080 4445 2133 4483 non
2154 4446 2216 4500 pos·

1420 4522 1487 4564 scm.
1507 4528 1517 4563 ι
1534 4509 1590 4581 Ego
1604 4511 1682 4581 plane
1704 4513 1830 4568 ltabcrern
1855 4515 1918 4585 qnid
1937 4515 2070 4585 lacerem,
2087 4519 2214 4580 haberem

1420 4617 1473 4672 qno
1487 4602 1659 4673 confugerem
1680 4622 1687 4657 :
1704 4621 1718 4658 a
1734 4605 1883 4675 Pelagianis
1896 4609 1966 4663 enirn
1981 4611 2096 4667 tenebris
2109 4613 2142 4668 acl
2157 4615 2216 4671 haec

1421 4700 1475 4746 mm
1491 4695 1617 4762 praeclara
1630 4694 1761 4750 catholica
1781 4697 1880 4751 lunrinn
1898 4714 2090 4768 provocarern;
2105 4705 2176 4774 quud
2189 4717 2217 4762 et

1420 4783 1556 4853 nunciam
1577 4782 1655 4838 lucio.
1671 4784 1710 4839 Tu
1737 4801 1801 4855 ergo
1822 4788 1954 4856 responde
1974 4791 2035 4859 qnid
2058 4791 2157 4859 iacias,
2172 4795 2216 4850 die

1420 4888 1474 4943 qno
1487 4873 1635 4943 confugias·
1650 4874 1732 4944 Egon
1755 4875 1904 4947 Pelagianis
1925 4879 1958 4933 ad
1972 4882 2036 4934 istos
2052 4892 2097 4937 :tu
2112 4884 2216 4941 abistis

1420 4968 1453 5022 ad
1465 4983 1532 5037 quos
1543 4967 1606 5022 lhn
1619 4969 1680 5039 qnia
1697 4988 1706 5021 ι
1724 4985 1778 5024 nou
1793 4974 1970 5030 numerandas
1982 5018 1990 5042 ,
2002 4978 2048 5033 scd
2063 4980 2215 5048 ponderan-

1420 5061 1468 5114 das
1486 5078 1496 5112 ι
1513 5075 1609 5116 censes
1623 5078 1632 5111 ι
1651 5075 1711 5116 osse
1724 5065 1885 5130 sententias,
1904 5084 1916 5119 ι
1930 5075 1957 5121 et
1970 5069 2046 5124 addis
2061 5073 2143 5141 (quod
2157 5076 2216 5145 qui·

1419 5151 1481 5207 dem
1496 5161 1523 5207 et
1534 5168 1583 5222 ego
1598 5169 1690 5209 rernm
1705 5170 1764 5211 esse
1774 5159 1942 5233 consentio),
1961 5180 1971 5213 t
1985 5163 2019 5217 ad
2032 5164 2129 5235 aliquid
2142 5168 2216 5223 inve·

1420 5245 1548 5301 nientlum
1569 5246 1766 5302 multitudinem
1793 5249 1856 5305 nihil
1881 5254 2009 5321 prolesse
2034 5272 2211 5324 caecorttnr,r

1419 5337 1500 5392 ctiam
1516 5338 1580 5392 istos
1591 5353 1677 5394 caecos
1691 5339 1780 5395 dicere
1798 5342 1926 5397 andehssl
1938 5346 1969 5398 Et
1983 5362 2066 5417 usqne
2078 5348 2145 5403 adeo
2156 5364 2214 5418 per·

1420 5429 1525 5482 miscuit
1536 5427 1596 5482 imis
1610 5429 1703 5498 longus
1717 5446 1819 5485 summa
1833 5432 1891 5487 dies
1901 5435 1941 5504 (u)
1955 5437 2118 5504 usqueadeo
2138 5448 2213 5495 tene·
2232 5409 2238 5541 ξ

1418 5517 1473 5573 brae
1498 5518 1558 5584 lnr,
1574 5527 1601 5573 et
1625 5517 1669 5573 lut
1693 5522 1809 5575 tenebrae
1824 5537 1883 5577 esse
1905 5524 2047 5590 dicuntur,
2064 5538 2092 5580 nt
2109 5528 2215 5586 rideant
2235 5547 2238 5553 ·

1419 5607 1559 5677 Pelagius,
1573 5608 1734 5676 Caelestius,
1749 5611 1878 5679 lulianus,
1892 5622 1920 5667 et
1937 5617 2000 5669 caeci
2016 5617 2069 5670 sint
2082 5618 2214 5687 llilnrius,
2243 5680 2245 5683 ,

1419 5700 1573 5771 Gregorius,
1585 5703 1762 5759 Ambrosius?
1775 5704 1827 5760 Sed
1848 5706 2049 5777 qualiscumque
2064 5709 2144 5765 honio
2157 5715 2214 5781 sis,
2266 5766 2272 5777 ,

1420 5803 1507 5847 tannen
1533 5795 1593 5864 quia
1618 5795 1698 5848 horno
1712 5811 1760 5860 cs,
1775 5797 1864 5852 ridere
1889 5799 1952 5854 rnihi
1977 5801 2070 5857 uideor
2084 5820 2214 5860 verecun-

1418 5884 1489 5938 diant
1505 5894 1576 5938 tuam
1589 5884 1630 5955 (si
1645 5894 1731 5939 tamen
1749 5902 1800 5939 non
1817 5889 1843 5940 in
1861 5896 1885 5941 to
1896 5903 1959 5958 spes
1970 5898 2011 5944 est
2023 5895 2111 5947 otttnis
2124 5911 2215 5952 entor-

1419 5986 1463 6029 tna
1487 5971 1635 6045 sanitatis),
1649 5985 1677 6029 ct
1691 5977 1805 6045 quodam
1825 5979 1904 6032 modo
1923 5981 2003 6035 undio
2018 5998 2109 6038 tricem
2131 5994 2215 6043 tutatur.

1418 6067 1589 6136 Respondes,
1608 6067 1684 6120 Absit
1706 6076 1736 6120 ut
1755 6068 1868 6124 audeam
1892 6086 1978 6127 cecos
2002 6075 2066 6131 istos
2087 6078 2158 6134 uiros
2173 6080 2217 6134 rel

1449 6219 1457 6248 ¹
1475 6218 1511 6266 sic
1521 6223 1574 6265 tiss.
1589 6215 1646 6264 inliti
1659 6228 1728 6274 uero,
1739 6214 1855 6267 urrunnu.

1448 6281 1458 6310 ¹
1476 6277 1540 6339 nptttl
1552 6285 1617 6335 tur,
1629 6276 1754 6326 cincinnus.

1448 6363 1484 6422 (n)
1502 6363 1581 6415 t‘crha
1591 6363 1686 6412 lirani.
1702 6362 1803 6411 tirnsal.
1819 6362 1859 6411 lih.
1873 6364 1896 6423 5,
1910 6376 1974 6416 sets
1997 6365 2047 6425 tte,
2062 6363 2114 6418 teu.
