5592 7350
527 940 581 1000 dlii

527 1068 632 1124 graecus
646 1063 799 1125 περιζώματα
813 1055 909 1125 posuit,
932 1054 1028 1123 quibus
1051 1068 1103 1106 non
1124 1059 1248 1122 teguntur
1264 1049 1315 1104 nisi

1213 937 1316 993 brecti
1335 936 1471 996 bulbus.

2103 946 2157 1003 bid

1369 1059 1520 1122 peccasset,
1542 1055 1647 1125 qualern
1668 1057 1754 1113 velitis
1775 1056 1801 1111 in
1816 1054 1938 1126 paradiso
1955 1056 2156 1114 vitam-illorum

530 1143 793 1215 paderadeccrparts
808 1157 910 1215 partes,
926 1145 1006 1199 sicet
1027 1142 1141 1207 latinus,
1161 1147 1206 1194 aut
1228 1140 1314 1210 ipsum
1363 1142 1505 1200 boninum
1525 1147 1657 1217 cogitare,
1679 1156 1706 1202 et
1729 1164 1809 1203 urium
1830 1147 1864 1203 de
1887 1148 1928 1202 bis
1948 1148 2062 1219 quatuor
2077 1150 2157 1206 rebus

1369 1231 1467 1302 eligite.
1481 1234 1577 1289 Procul
1591 1235 1672 1292 dubio
1684 1239 1766 1306 enim,
1780 1247 1825 1292 aut
1837 1239 2053 1309 quotiescumque
2063 1239 2156 1295 libuis-

527 1249 643 1306 grrecum
657 1241 778 1303 poneret,
793 1236 853 1305 quia
872 1245 900 1291 ct
918 1235 975 1304 ipso
985 1234 1039 1303 jam
1053 1231 1215 1287 cousuetudo
1233 1230 1315 1284 utitur

528 1341 577 1394 pro
593 1325 692 1389 latino,
708 1323 751 1378 rel
773 1325 843 1378 sicut
861 1323 968 1394 quidam
983 1321 1178 1386 succinctoria,
1194 1320 1236 1374 vel
1248 1318 1317 1373 sieut

528 1411 571 1466 alii
585 1413 682 1467 melius
706 1414 865 1482 campestria
884 1414 1064 1466 nominarunt.
1089 1411 1128 1466 Ex
1149 1410 1195 1464 illo
1218 1407 1316 1479 quippe

529 1502 580 1556 boc
593 1515 689 1556 nomen
700 1509 757 1567 est,
778 1500 850 1570 quod
864 1500 985 1570 pudenda
997 1500 1109 1571 praenes
1128 1496 1251 1568 tegebant
1268 1512 1316 1551 an-

530 1593 603 1664 tiquo
617 1605 691 1647 more
705 1591 848 1659 nomano,
869 1590 975 1662 quando
997 1589 1059 1645 nudi
1080 1590 1273 1647 exercebantur
1287 1590 1314 1642 in

528 1698 624 1752 campo
638 1700 644 1737 :
657 1682 726 1737 urade
738 1683 907 1752 campestrati
920 1681 1087 1752 appellantur
1098 1679 1238 1749 hodieque,
1251 1677 1314 1749 qul¹

528 1771 622 1827 eadem
643 1772 761 1826 membra
784 1771 914 1842 cingendo
936 1771 1100 1840 cooperiunt.
1124 1768 1278 1838 Quanquam
1293 1766 1317 1822 si

528 1874 560 1915 ea
571 1860 668 1930 quibus
679 1868 814 1929 peccatum
830 1868 885 1926 est,
903 1859 1014 1928 tegenda
1024 1858 1131 1914 fueraut
1144 1866 1204 1927 post
1218 1870 1314 1926 pccca-

528 1958 602 2013 tum;
619 1965 652 2003 ne
665 1948 761 2003 tunicis
774 1948 880 2019 quidem
891 1948 963 2003 indui
972 1947 1132 2012 debuerunt,
1148 1944 1195 2000 sed
1208 1959 1316 1998 manum

529 2049 557 2092 et
571 2053 602 2092 os
616 2048 721 2108 tegere,
740 2037 800 2108 quia
815 2035 945 2092 surnende
959 2045 986 2092 et
1009 2034 1141 2091 vescendo
1162 2040 1314 2104 peccarunt.

529 2128 598 2197 Qarid
613 2129 661 2183 sibl
675 2144 738 2199 ergo
748 2131 818 2194 uult,
831 2128 901 2199 quod
913 2136 1022 2197 accepto
1034 2126 1168 2197 probibito
1177 2125 1247 2189 cibo,
1256 2139 1316 2179 cum

530 2220 624 2274 fuisset
637 2220 762 2292 praecepti
789 2219 856 2273 faeta
876 2218 1068 2289 transgressio,
1091 2218 1116 2271 in
1132 2216 1175 2270 illa
1198 2216 1316 2271 membra

529 2320 654 2381 aspectus
668 2309 831 2365 intenditur?
844 2309 908 2378 Quac
921 2308 956 2363 ibi
972 2309 1075 2363 novitas
1090 2307 1178 2376 ignota
1193 2305 1315 2371 sentitur,

529 2409 600 2455 etse
619 2400 753 2470 compellit
772 2398 893 2454 adverti?
907 2397 977 2466 quod
991 2396 1129 2467 apertione
1151 2395 1318 2466 significatur

530 2492 681 2547 oculorum.
696 2490 787 2560 Neque
800 2491 871 2545 enim
882 2490 922 2544 cis
933 2488 974 2543 rel
984 2488 1090 2557 quando
1104 2487 1148 2542 ille
1157 2487 1263 2542 nentina
1273 2501 1319 2556 pc·

529 2582 637 2638 ceribus
660 2590 687 2636 et
708 2580 859 2636 rolrrcribus
879 2579 1030 2649 imponebat
1047 2576 1122 2650 (Gen.
1146 2592 1176 2643 u,
1200 2575 1318 2648 20),rel

529 2673 636 2743 quando
650 2674 693 2727 illa
713 2672 852 2742 pulebrum
876 2671 974 2741 lignum
988 2669 1054 2725 ridit
1072 2681 1099 2725 et
1113 2669 1222 2733 bunum,
1249 2666 1319 2722 oculi

530 2780 585 2817 nnn
597 2764 737 2833 patebant;
753 2762 800 2818 sed
815 2762 915 2831 aperti,
930 2762 980 2816 boc
994 2769 1050 2828 est,
1064 2758 1158 2815 intenti
1168 2760 1200 2814 ad
1215 2758 1319 2813 latuen-

529 2854 594 2907 dum
618 2851 679 2907 facti
694 2846 757 2907 'sunt
768 2850 824 2922 (fd.
841 2867 880 2919 nr,
896 2851 923 2920 d,
938 2848 985 2925 il:
1001 2850 1069 2906 sicut
1082 2850 1211 2919 scriptum
1230 2857 1270 2904 est
1285 2847 1319 2904 de

530 2946 602 3014 Agar
623 2943 720 2998 ancilla
743 2943 842 3009 Sarrae,
859 2942 929 3013 quod
958 2942 1063 3012 aperuit
1084 2940 1177 2996 oculos
1199 2953 1272 3004 suos,
1293 2948 1320 2993 et

531 3034 598 3091 uidit
610 3043 717 3105 puteum
731 3033 787 3104 (ld.
801 3049 860 3101 xxa,
877 3031 938 3106 tb);
956 3046 1023 3103 quos
1035 3032 1141 3087 clausos
1156 3030 1246 3099 utique
1266 3043 1319 3084 raon

530 3123 657 3180 habebat.
672 3122 707 3181 tta
720 3139 784 3195 ergo
798 3122 925 3178 nuditatis
939 3136 1004 3188 seraa,
1024 3135 1103 3191 quam
1118 3118 1236 3190 quotidie
1258 3133 1320 3187 pro·

531 3211 602 3269 fecto
616 3213 797 3279 intuebantur,
810 3228 859 3269 nec
871 3209 1110 3273 confundebantur,
1123 3207 1269 3263 cossubito
1282 3207 1322 3263 sic

531 3303 651 3374 puderet,
666 3312 694 3357 ut
705 3303 822 3358 membra
837 3302 879 3357 illa
892 3305 947 3371 lam
963 3300 1031 3355 nuda
1044 3298 1113 3354 ferre
1128 3313 1180 3352 non
1196 3306 1315 3367 possent,

531 3396 580 3451 sed
598 3396 687 3450 statim
711 3410 815 3466 operire
828 3403 966 3458 curareut;
993 3406 1083 3446 nonne
1095 3398 1122 3444 ct
1138 3390 1184 3444 illc
1197 3389 1224 3443 in
1245 3399 1319 3442 ructu

531 3494 636 3555 aperto,
650 3494 677 3541 et
691 3486 734 3539 illa
749 3487 775 3539 in
789 3484 904 3551 occulto,
919 3491 1010 3539 contra
1023 3497 1078 3536 sue
1092 3479 1235 3535 voluntatis
1245 3479 1319 3534 arbi-

531 3576 612 3630 trium
633 3575 809 3645 inobedientia
830 3574 874 3628 illa
896 3572 1015 3628 membra
1038 3577 1196 3634 senserunt,
1224 3567 1320 3638 quibus

531 3666 625 3737 utique
637 3675 701 3720 nutu
713 3665 861 3720 uoluntario
874 3663 943 3719 sicut
961 3661 1065 3718 caeteris
1076 3659 1207 3716 dominari
1220 3658 1320 3716 debue-

532 3759 613 3812 runtl
626 3756 701 3826 erod
713 3757 807 3811 merito
822 3755 893 3826 passi
912 3763 974 3810 saint
986 3754 1047 3825 quia
1061 3762 1088 3808 et
1103 3752 1151 3822 ipsi
1163 3751 1320 3808 obedientes

531 3862 582 3902 suo
595 3846 706 3901 borttlnn
728 3862 780 3901 non
809 3846 924 3900 luerunt.
946 3844 1114 3899 Erubuerunt
1133 3857 1213 3912 ergo,
1239 3842 1274 3896 ita
1289 3857 1319 3897 sc

531 3938 651 3992 Creatori
674 3951 723 3991 suo
743 3952 796 3990 non
819 3935 971 3991 exbibuissc
994 3933 1150 3998 servitium,
1178 3941 1207 3986 ut
1234 3932 1260 3986 in
1281 3932 1321 3987 eis

531 4029 659 4084 membris
671 4030 681 4061 ¹
694 4030 832 4100 exquibus
845 4036 937 4083 essent
948 4026 993 4082 filii
1006 4024 1173 4097 procreandi,
1186 4039 1322 4080 mereren-

532 4131 576 4174 tur
589 4122 711 4176 amittcre
721 4120 731 4151 ⁸
743 4120 917 4174 dominatum.

567 4213 612 4267 35.
628 4211 683 4267 llue
698 4211 806 4281 pudoris
815 4224 909 4281 genus,
924 4204 1164 4263 beeerubescendi
1175 4205 1321 4260 necessitas

531 4314 605 4358 certe
617 4318 677 4356 eum
700 4302 770 4356 ontrti
795 4301 903 4355 laentinc
920 4298 1048 4360 nascitur,
1064 4306 1092 4352 et
1112 4295 1176 4365 ipsis
1190 4294 1320 4366 quodam-

532 4399 612 4454 modo
627 4406 727 4451 nature
744 4396 847 4466 legibus
861 4395 1016 4462 imperatur,
1032 4399 1061 4446 ut
1083 4390 1109 4444 in
1123 4388 1174 4444 bac
1197 4405 1227 4445 rc
1241 4403 1320 4444 rere·

531 4488 682 4543 crrrrdcntur
695 4486 773 4541 etiarn
787 4487 842 4554 ipsa
855 4483 950 4554 pudica
960 4481 1082 4550 conjugia
1095 4496 1103 4544 ;
1118 4481 1319 4550 necquicquam

532 4588 585 4631 tarn
599 4576 667 4631 rurale
675 4576 837 4645 turpiterque
846 4572 977 4642 protelat,
991 4569 1089 4640 utqula
1100 4570 1223 4638 cognorit
1236 4569 1319 4622 Deum

530 4682 591 4722 csse
600 4664 1068 4730 conditoremnaturaeauctorernquc
1081 4660 1242 4728 trrrptiarum,
1256 4658 1317 4714 idco

530 4758 611 4812 ctiam
628 4755 777 4809 miscendus
797 4753 883 4819 usuri,
899 4751 921 4805 si
942 4750 1002 4820 quis
1026 4763 1087 4804 eum
1108 4747 1269 4814 rideat,n0n
1285 4747 1319 4803 de

533 4849 574 4901 bis
589 4846 704 4900 motibus
718 4845 867 4905 erubescat,
883 4849 1038 4913 quaeratque
1050 4848 1193 4905 secretum,
1208 4839 1252 4893 ubi
1265 4853 1318 4894 non

531 4941 618 4994 solum
631 4938 791 5002 alienorum,
808 4951 898 4989 verum
913 4933 993 4987 etiam
1004 4945 1111 4985 suorum
1125 4930 1244 4984 omniurn
1259 4945 1321 4998 pos-

530 5032 566 5084 sit
577 5031 661 5083 citare
674 5036 855 5097 conspectum.
870 5025 960 5094 ltaque
976 5037 1022 5076 sua
1038 5022 1115 5091 culpa
1130 5021 1180 5075 sibi
1196 5020 1321 5076 accidens

531 5121 648 5184 carolum,
669 5129 761 5173 natura
780 5118 894 5169 lrnmana
920 5113 1088 5185 permittatur
1100 5125 1264 5181 agracsccre;
1286 5126 1321 5166 nc

532 5221 652 5278 cogatur,
667 5217 712 5262 aut
725 5207 795 5277 quod
810 5215 851 5261 cst
866 5203 1142 5274 impudentissimum,
1156 5202 1189 5257 de
1211 5202 1251 5255 lais
1265 5203 1321 5257 suis

532 5300 648 5353 rasoribus
659 5315 712 5353 non
725 5298 892 5358 erubescere,
904 5305 948 5348 atat
959 5294 1030 5364 quod
1044 5303 1084 5348 est
1094 5293 1319 5363 ingratissimum,

532 5389 566 5443 de
591 5390 631 5442 sui
653 5388 781 5443 creatoris
808 5385 933 5456 operibus
958 5384 1126 5438 erubescere.
1150 5383 1208 5450 Quo
1232 5366 1338 5438 tamen‘

532 5482 620 5544 arrato,
646 5479 865 5549 propterbunum
888 5475 1067 5547 generationis
1090 5473 1225 5539 filiorum,
1252 5474 1321 5530 bene

533 5581 644 5625 utuntur
670 5571 763 5641 pudica
789 5569 921 5637 curtjugia.
936 5564 1025 5621 Solius
1045 5573 1134 5619 autem
1149 5564 1264 5619 carnalis
1275 5580 1324 5618 vo·

534 5663 640 5731 luptatis
665 5676 744 5714 eausa
773 5658 873 5713 libidini
901 5656 1070 5720 consentire,
1104 5663 1239 5724 peecatum
1264 5665 1321 5721 est;

533 5753 656 5822 qrrarmais
667 5751 816 5819 contingatis
829 5748 975 5811 secundum
995 5746 1099 5801 reniam
1114 5745 1285 5801 coucedatur.

566 5841 679 5897 Cll’U‘f
702 5840 783 5894 xlii.
804 5869 841 5879 -
863 5839 907 5892 bl.
931 5838 969 5891 Aa
988 5836 1066 5890 libido
1081 5845 1138 5890 onte
1153 5845 1280 5904 peccabam
1295 5837 1322 5890 in

534 5933 652 5996 prrrnrlisc
667 5947 720 5984 esse
731 5931 846 5998 potnerit.
860 5927 912 5983 Sed
926 5927 1094 5989 constituite,
1109 5925 1252 5994 Pelagiani,
1264 5940 1322 5979 ser·

534 6034 591 6078 rata
616 6024 754 6076 lrnnestatc
775 6037 806 6075 ae
831 6019 991 6075 fecunditate
1012 6018 1161 6088 nuptiarum
1199 6017 1221 6071 si
1244 6033 1323 6072 nemo

563 6217 571 6248 ¹
595 6215 655 6279 tpurl
666 6222 730 6284 ter,
741 6214 818 6273 taortte,
831 6213 872 6278 qui
879 6228 887 6276 ,·
898 6215 994 6272 omisso,
1007 6225 1061 6275 qttc.

563 6280 572 6308 ¹
591 6282 669 6330 rorte,
682 6289 706 6324 m
716 6290 744 6325 co
753 6276 866 6326 urertrbrn.

565 6341 574 6371 ¹
591 6338 659 6393 mliii,
670 6337 787 6400 accipere.
799 6340 947 6400 instigantur
959 6350 990 6385 cx
1002 6341 1055 6384 ttss.

1368 1329 1429 1389 set,
1453 1323 1530 1378 toties
1548 1326 1772 1391 coracubuisscrrt;
1794 1336 1840 1382 aut
1857 1326 1991 1383 frenarent
2004 1328 2156 1397 libidinem,

1368 1411 1476 1481 quando
1490 1415 1647 1471 concubitus
1660 1418 1828 1472 necessarius
1840 1432 1892 1471 non
1908 1416 2020 1472 fuisset:
2034 1429 2079 1472 aut
2094 1428 2158 1473 tune

1331 1577 1332 1580 Ἴ
1368 1501 1402 1555 ad
1422 1511 1515 1557 nutum
1526 1505 1669 1561 voluntatis
1683 1507 1764 1562 libido
1778 1517 1964 1577 consurgeret,
1979 1509 2085 1579 quando
2099 1525 2159 1566 csse

1368 1593 1536 1648 concubitum
1552 1598 1730 1652 necessarium
1742 1607 1816 1653 casta
1828 1599 1965 1668 prudentia
1978 1602 2157 1671 ¹⁴prrcsensis·

1368 1688 1432 1746 sct3
1453 1691 1499 1736 aut
1520 1684 1592 1739 nulla
1606 1686 1640 1740 ibi
1655 1688 1763 1740 omnino
1777 1689 1907 1744 existente
1921 1688 2049 1757 libidine,
2064 1702 2092 1746 ut
2107 1707 2160 1749 cac·

1369 1777 1425 1824 tera
1442 1772 1561 1827 membra
1574 1789 1685 1844 queque
1697 1776 1731 1830 ad
1743 1790 1822 1844 opera
1838 1791 1902 1841 sua,
1918 1778 1956 1831 sic
1968 1778 2002 1832 ad
2017 1794 2083 1847 opus
2096 1797 2158 1850 pro-

1369 1857 1456 1926 prium
1476 1862 1555 1915 etiarn
1571 1864 1693 1933 genitalia
1705 1864 1787 1933 jussis
1800 1866 1942 1920 colentium
1956 1866 2013 1921 sine
2026 1870 2077 1922 ulla
2090 1869 2159 1924 difb-

1369 1946 1468 2002 cultatc
1481 1951 1635 2006 servissent.
1650 1953 1750 2008 florum
1763 1963 1875 2024 quatuor
1884 1956 1953 2026 quod
1968 1957 2048 2011 sultis
2060 1958 2158 2028 eligite.

1370 2033 1423 2091 Sed
1439 2046 1501 2105 puto
1514 2040 1583 2109 quod
1594 2041 1647 2096 duo
1658 2042 1744 2111 priora
1757 2045 1905 2111 respuetis,
1919 2044 1963 2098 ubi
1974 2046 1985 2076 ¹
1998 2045 2160 2103 libidini-aut

1369 2128 1503 2195 sarritur,
1523 2139 1570 2184 aut
1584 2139 1753 2201 repugnatur.
1768 2132 1888 2201 Namque
1903 2134 1965 2189 illud
1979 2137 2092 2204 primum
2107 2147 2159 2193 tam

1370 2218 1497 2285 preclara
1515 2219 1660 2287 honestas:
1675 2223 1726 2279 laec
1739 2231 1826 2278 autom
1841 2225 1984 2280 meandum
1999 2236 2050 2281 ιιιιι
2064 2244 2159 2299 rnagua

1370 2306 1482 2364 felicitas
1503 2325 1556 2366 non
1571 2312 1636 2366 vult.
1657 2313 1734 2368 absit
1747 2314 1818 2371 enim
1832 2325 1859 2370 ut
1868 2326 1950 2371 caraea
1963 2317 2032 2372 illius
2045 2320 2159 2375 beatita-

1370 2394 1440 2452 dinis
1456 2397 1553 2466 decus,
1569 2411 1612 2455 aut
1628 2403 1821 2472 praecedentem
1833 2421 1940 2476 semper
1952 2408 2086 2477 sequendo
2098 2409 2160 2464 libi·

1370 2484 1458 2541 dinem
1481 2497 1573 2558 ageret
1595 2494 1773 2563 turpissimam
1796 2496 1966 2562 servitutem,
1989 2505 2036 2553 aut
2052 2499 2077 2554 ei
2094 2501 2162 2555 resi·

1370 2574 1466 2631 stende
1488 2593 1540 2633 non
1561 2578 1670 2637 baberet
1691 2583 1871 2652 plenissimam
1886 2600 1978 2655 pacem
1991 2602 2000 2641 r
2014 2586 2101 2656 absit,
2118 2588 2160 2643 in·

1370 2681 1467 2736 quana,
1491 2678 1521 2723 ut
1537 2670 1625 2726 caruis
1643 2670 1882 2741 concupiscentiam
1903 2688 1955 2731 non
1968 2685 2114 2745 opportune
2127 2675 2161 2732 ad

1369 2757 1569 2825 generandum,
1584 2759 1631 2815 scd
1645 2760 1790 2815 inordinata
1803 2761 1980 2817 commotione
1994 2772 2160 2832 surgentem,

1370 2853 1417 2899 aut
1439 2845 1475 2901 illi
1500 2851 1582 2904 menti
1601 2850 1706 2920 plaeere
1729 2853 1920 2908 consentiendo
1935 2854 2051 2921 satiare,
2066 2866 2110 2911 aut
2124 2856 2162 2913 illi

1371 2936 1454 3005 quieti
1469 2953 1579 2994 necesse
1592 2940 1853 2997 essetdisseuticndo
1866 2941 2004 2998 cobiberc.

1408 3028 1453 3083 55.
1471 3030 1586 3085 Duarum
1603 3046 1665 3086 rcro
1678 3031 1838 3102 reliquarum
1851 3033 1995 3103 quamlibet
2009 3033 2161 3105 elegeritis,

1372 3135 1425 3176 non
1444 3130 1485 3176 est
1507 3122 1633 3177 adversus
1655 3138 1701 3178 res
1722 3123 1774 3178 nlla
1793 3124 1962 3179 contentione
1979 3124 2163 3184 laborandum.

1373 3210 1429 3263 Etsi
1440 3210 1509 3264 enirn
1525 3222 1644 3281 quartam
1659 3211 1797 3267 nolueritis
1809 3213 1919 3283 eligere,
1934 3213 1977 3267 ubi
1991 3222 2033 3269 cst
2043 3214 2162 3269 oninium

1372 3300 1551 3355 obedientium
1572 3301 1751 3357 membrorum
1766 3301 1777 3334 ⁸
1796 3304 1854 3359 sine
1872 3304 1925 3357 ulla
1937 3304 2045 3358 libidine
2059 3320 2161 3360 summa

1373 3389 1543 3458 tanquillitas,
1564 3392 1687 3461 quoniam
1696 3393 1751 3461 jam
1769 3408 1818 3448 ros
1837 3393 1862 3449 ei
1876 3394 2095 3450 fecitrestrartun
2107 3397 2162 3451 dis·

1374 3478 1536 3546 putationum
1556 3479 1670 3550 impetus
1692 3480 1812 3537 inimicos
1824 3501 1831 3538 r
1843 3482 1909 3538 illud
1919 3482 1993 3538 robis
2003 3485 2096 3539 saltem
2106 3486 2162 3554 pla·

1371 3568 1460 3634 ccblt,
1485 3568 1555 3640 quud
1579 3571 1656 3625 tertio
1676 3571 1735 3628 loco
1758 3572 1912 3643 posuimus,
1934 3583 1962 3628 ut
1981 3574 2026 3629 itta
2046 3575 2161 3632 carnalis

1371 3660 1604 3730 coucupiscentia,
1630 3663 1705 3734 cujus
1730 3674 1818 3721 motus
1831 3664 1864 3720 ad
1881 3676 2042 3736 postremam
2056 3666 2084 3734 ⁸,
2097 3684 2158 3739 quse

1372 3765 1420 3805 uns
1434 3750 1543 3806 multum
1557 3751 1687 3821 delectat,
1701 3755 1823 3825 pervenit
1836 3755 1996 3826 voluptatem
2008 3798 2016 3822 ,
2028 3774 2163 3829 nunquam

1372 3838 1400 3894 in
1411 3840 1550 3909 paradiso,
1566 3842 1617 3897 uisi
1632 3859 1691 3898 cum
1706 3843 1739 3898 ad
1750 3844 1909 3915 gignendum
1921 3855 1992 3901 esset
2003 3849 2163 3915 necessaria,

1372 3929 1406 3984 ad
1423 3932 1565 3987 voluntatis
1583 3944 1673 3990 tautum
1687 3945 1849 4005 exsurgeret.
1865 3935 1939 3991 llanc
1953 3937 1974 3990 si
1989 3937 2075 4005 placet
2088 3939 2163 3993 robis

1373 4019 1400 4074 in
1422 4021 1545 4090 paradiso
1559 4022 1690 4078 collocare
1704 4064 1712 4091 ,
1727 4033 1753 4078 et
1766 4039 1815 4095 per
1830 4025 1908 4080 talem
1922 4027 2163 4096 conccupiscentiam

1371 4113 1478 4174 carnis,
1500 4129 1560 4184 quae
1577 4129 1627 4170 nec
1639 4117 1799 4185 praeueniret
1813 4158 1821 4183 ,
1837 4131 1886 4172 nec
1901 4119 2035 4182 tardaret,
2051 4134 2100 4174 nec
2114 4134 2162 4173 ex·

1372 4202 1480 4258 cederet
1493 4204 1633 4274 imperium
1648 4206 1808 4272 voluntatis,
1823 4207 1898 4262 robis
1911 4207 2015 4262 ridetur
2030 4208 2110 4262 inille
2125 4209 2164 4263 fc·

1372 4292 1471 4348 licitare
1492 4294 1560 4349 filios
1579 4296 1696 4365 potuisse
1713 4298 1835 4368 generari
1848 4297 1876 4362 ⁸,
1899 4313 1951 4352 non
1974 4313 2161 4368 repugnamus.

1372 4382 1413 4438 Ad
1436 4383 1486 4439 boc
1502 4386 1572 4439 eninr
1594 4385 1664 4456 quod
1683 4388 1804 4458 agitatus,
1818 4386 1916 4443 staffrcit
1929 4388 2006 4444 uobis
2019 4388 2079 4456 qula
2093 4404 2163 4444 nnnc

1373 4475 1433 4530 talis
1445 4476 1470 4531 in
1482 4476 1634 4533 lrorninibus
1647 4493 1700 4533 non
1714 4489 1774 4544 cst,
1790 4480 1894 4549 qualern
1908 4480 1934 4534 in
1948 4479 2019 4536 illius
2029 4480 2163 4536 felicitatis

1372 4566 1431 4621 loco
1443 4583 1503 4623 esse
1515 4568 1631 4638 potuisse
1643 4569 1797 4627 conceditis.
1812 4570 1902 4639 Qualis
1917 4572 2014 4642 quippe
2026 4587 2096 4625 arurae
2107 4573 2140 4626 sit
2152 4614 2161 4639 ,

1373 4657 1492 4725 profecto
1510 4659 1627 4714 omniurn
1649 4673 1743 4714 sensus
1764 4660 1936 4727 mortalium,
1948 4662 1997 4716 etsi
2010 4677 2069 4716 cum
2084 4677 2162 4717 verc-

1372 4747 1486 4813 eundia,
1509 4749 1649 4803 confitetur
1673 4767 1680 4804 :
1701 4750 1762 4820 quia
1783 4760 1811 4805 et
1830 4760 1920 4806 castos
1932 4751 2011 4806 etiarn
2026 4740 2161 4816 ardentes,

1373 4852 1486 4907 eamque
1508 4838 1681 4907 temperantia
1701 4839 2078 4912 castigantes,inquictudiue
2092 4843 2163 4898 inor·

1372 4924 1461 4980 dinata
1485 4926 1687 4998 importunaque
1707 4927 1850 4996 sollicitat,
1876 4940 1903 4985 et
1923 4930 2081 5003 plerumque
2102 4948 2164 4988 sese
2252 5002 2257 5011 1

1372 5016 1522 5070 nolentibus
1543 5016 1694 5084 subtrabit,
1721 5018 1872 5074 nolentibus
1897 5021 2017 5093 iugerit3
2046 5033 2075 5078 ut
2099 5022 2164 5077 nibil

1373 5106 1444 5163 aliud
1457 5107 1634 5164 inobedientia
1648 5125 1712 5175 sua,
1728 5127 1810 5181 quarn
1821 5113 1891 5168 illius
1903 5115 1996 5184 prisce
2011 5115 2165 5172 inobedien-

1374 5198 1418 5252 tie
1439 5213 1545 5269 poenam
1563 5214 1592 5255 se
1612 5215 1672 5256 csse
1691 5210 1811 5258 testetur.
1831 5201 1908 5259 Unde
1926 5205 2020 5262 merito
2031 5206 2064 5260 de
2078 5206 2121 5259 illa
2136 5215 2164 5261 et

1374 5297 1437 5343 tuuc
1459 5290 1536 5358 primi
1558 5291 1697 5358 bomiucs,
1721 5294 1827 5363 quaudo
1848 5295 1968 5364 pudenda
1982 5307 2121 5362 texerunt,
2137 5308 2165 5351 et

1374 5395 1444 5434 nranc
1469 5380 1513 5450 qui
1537 5396 1566 5434 sc
1589 5391 1731 5452 utcumque
1755 5381 1889 5438 bominem
1913 5400 1972 5440 esse
1996 5384 2162 5450 considerat,

1373 5471 1461 5526 ornaris
1477 5472 1579 5542 padcus
1600 5466 1792 5544 irrrpudeusque
1805 5473 1974 5530 confuuditur
1985 5517 1993 5543 ,
2006 5476 2076 5530 absit
2090 5485 2117 5530 nt
2130 5476 2164 5531 de

1374 5576 1455 5630 opere
1479 5561 1545 5626 bei,
1569 5561 1616 5617 sed
1637 5561 1671 5617 de
1694 5578 1770 5632 prena
1791 5564 1869 5634 primi
1890 5565 2039 5634 veterisque
2052 5568 2162 5634 pcccati.

1376 5653 1544 5711 faramans
1565 5669 1618 5707 non
1642 5669 1690 5724 pro
1710 5640 1831 5726 religiosa
1847 5655 1967 5720 ratione,
1984 5657 2030 5710 sed
2045 5671 2093 5726 pro
2106 5657 2163 5710 ani·

1376 5757 1450 5796 mosa
1465 5745 1655 5812 contentione,
1669 5760 1720 5800 nec
1731 5760 1779 5815 pro
1792 5746 1908 5799 larrnrano
1922 5745 2038 5814 pudore,
2054 5747 2100 5801 scd
2115 5762 2164 5816 pro

1375 5846 1464 5888 restro
1480 5835 1578 5900 fbrorc,
1588 5848 1622 5888 ne
1635 5835 1676 5889 rel
1692 5835 1748 5903 ipsa
1761 5835 1971 5904 concupiscentia
1986 5837 2073 5891 cantis
2086 5837 2163 5892 uitia·

1409 6031 1416 6059 ¹
1434 6027 1469 6077 sic
1480 6034 1533 6077 tiss.
1547 6034 1572 6083 bt
1585 6027 1652 6085 editi,
1662 6026 1785 6090 pudentia.

1408 6093 1418 6120 ²
1435 6089 1501 6142 [diti.
1513 6087 1606 6150 qrrilrus.
1621 6095 1646 6138 tt
1663 6095 1726 6146 tiss,
1738 6087 1786 6137 rrlrt'.

1409 6153 1418 6182 ⁸
1435 6150 1492 6197 editi
1501 6148 1555 6207 suli,
1563 6148 1695 6199 obedientia
1705 6150 1871 6200 neraei-orem.

1410 6211 1505 6266 truisi,
1528 6211 1560 6258 od
1582 6225 1634 6260 earn
1651 6219 1801 6273 postremum.
1822 6213 1970 6278 muumrigti
1993 6229 2039 6265 tarn
2061 6216 2161 6274 lrabeat,

1377 6286 1503 6389 ίηυίηιιιΙὶιί,
1515 6344 1638 6394 generare.
1658 6339 1681 6382 tt
1694 6333 1885 6398 casaemarii.
