5592 7350
581 866 634 923 563

585 982 657 1036 enirn
676 979 711 1034 de
726 976 804 1044 relle,
819 992 867 1031 nec
886 974 1006 1037 deesse,
1028 969 1076 1025 sed
1095 965 1278 1024 tantummodo
1298 963 1330 1019 de
1347 978 1378 1017 eo

585 1070 657 1141 urtod
677 1078 765 1139 potest
786 1082 862 1131 esse,
882 1063 1033 1118 disseritur.
1050 1079 1059 1112 ι

618 1158 732 1216 CAPUT
747 1156 778 1211 l.
791 1186 826 1197 -
840 1155 866 1210 ὓ.
883 1154 952 1208 Ecce
968 1161 1009 1208 est
1025 1160 1108 1206 totuur
1124 1148 1219 1218 dogma
1238 1145 1338 1215 Pelagii
1353 1144 1379 1197 br

585 1250 654 1308 libro
669 1252 726 1321 ejus
742 1248 820 1304 tertio
834 1245 992 1316 probibere
1008 1242 1132 1305 Arbitrio,
1148 1239 1189 1294 bis
1202 1240 1310 1294 ommno
1322 1251 1381 1291 rer-

588 1343 630 1400 bis
639 1343 781 1412 diligenter
790 1351 955 1409 expressum,
968 1350 1020 1405 quo
1032 1335 1080 1389 tria
1094 1333 1153 1395 ista,
1167 1345 1249 1385 utinm
1259 1326 1330 1398 quod
1341 1334 1383 1380 est

586 1450 675 1505 posse,
689 1435 802 1489 alterum
817 1430 887 1501 qnod
903 1439 943 1485 est
956 1427 1036 1492 nelle,
1052 1425 1160 1480 tertium
1174 1419 1244 1492 quod
1257 1428 1380 1484 estesse,

584 1524 673 1589 idest,
690 1522 903 1594 possibilitatem,
915 1520 1086 1579 uoluntatem,
1099 1515 1243 1576 actionem,
1254 1517 1326 1564 tanta
1335 1522 1382 1561 cu·

584 1611 654 1667 terit
664 1612 810 1667 subtilitate
818 1603 1251 1680 distinguere,utquandocumqtre
1258 1599 1381 1669 legimus,

584 1703 628 1758 rel
642 1702 774 1767 audimus,
788 1701 885 1755 dirime
898 1701 988 1767 gratian
1002 1695 1161 1763 adjutorium
1176 1690 1308 1752 conbtcri,
1325 1698 1353 1742 ut
1368 1703 1381 1740 a

587 1795 657 1848 rnalo
668 1791 835 1847 declinemus
850 1789 1002 1857 bonurnqno
1014 1786 1151 1850 iaciamus,
1164 1784 1219 1838 sire
1235 1783 1260 1836 in
1273 1783 1331 1852 lege
1343 1786 1383 1833 at·

585 1898 639 1955 que
656 1882 795 1948 doctrina,
811 1880 867 1936 sire
885 1878 997 1933 ubilibet
1014 1875 1172 1938 constituat,
1189 1873 1304 1928 sciamus
1321 1869 1384 1941 qnid

586 1974 719 2044 loqrritur3
734 1987 783 2026 nec
798 1984 935 2031 erremus,
951 1967 1028 2022 aliter
1044 1982 1104 2021 eunt
1120 1962 1290 2031 intelligendo
1304 1976 1384 2031 ‹ruarnr

586 2064 678 2120 seritit.
700 2064 775 2118 Scire
790 2061 888 2132 quiippe
902 2059 1047 2122 debemus,
1063 2055 1134 2127 qttod
1152 2070 1203 2111 aee
1221 2054 1384 2109 uoluntatem

587 2165 721 2218 nostram,
741 2167 791 2207 nec
811 2151 944 2206 actionem
962 2149 1052 2203 alirino
1070 2146 1188 2217 adiuvari
1206 2144 1291 2200 credit
1308 2143 1384 2197 auai-

589 2246 635 2309 lio,
652 2244 698 2300 sed
713 2243 798 2300 solam
814 2242 1016 2313 possibilitatem
1035 2240 1178 2295 uoluntatis
1193 2246 1273 2308 atquc
1285 2236 1383 2308 operis,

588 2350 668 2405 qttam
682 2335 766 2389 solam
782 2334 810 2387 in
823 2333 865 2387 bis
880 2332 963 2386 tribus
975 2345 1023 2384 nos
1037 2329 1135 2384 babere
1147 2328 1261 2382 aibrrnat
1273 2342 1307 2381 ea
1320 2327 1384 2389 Dea,

589 2432 717 2495 braquam
733 2424 784 2478 boc
798 2423 831 2477 sit
848 2421 998 2486 inb'rmnm,
1014 2419 1084 2490 quod
1101 2420 1171 2474 Deus
1185 2419 1241 2488 ipsc
1256 2416 1344 2487 posuit
1359 2414 1386 2470 br

591 2524 704 2582 natura;
719 2527 814 2570 caetera
834 2529 897 2568 tero
912 2512 965 2567 duo
980 2528 1039 2581 utrm
1058 2519 1146 2565 nostra
1162 2525 1221 2564 esse
1236 2508 1335 2574 uoluit,
1351 2507 1386 2561 ita

590 2606 646 2661 aiut
660 2605 747 2672 bruta,
762 2614 788 2659 et
803 2602 891 2668 fortia,
905 2612 932 2657 et
946 2602 996 2656 sibi
1011 2601 1180 2665 snl'licientia,
1195 2598 1307 2654 utnulla
1321 2598 1388 2652 imb-

591 2705 671 2768 geant
689 2695 747 2766 ejus
761 2693 878 2758 antilio;
895 2702 921 2748 et
940 2692 1001 2746 ideo
1021 2706 1073 2746 non
1091 2690 1197 2760 adjuret
1215 2698 1243 2743 ut
1258 2688 1386 2754 uelimus,

590 2803 643 2843 non
657 2787 764 2857 adjrrret
782 2795 811 2841 ut
829 2800 952 2857 agamus.
969 2783 1016 2839 sed
1037 2781 1220 2838 tantummodo
1234 2780 1342 2851 adjuret
1358 2781 1388 2833 ut

591 2879 660 2935 rellc
670 2885 697 2935 ct
706 2893 785 2948 agere
795 2878 939 2932 raleatmrs.
950 2875 1048 2930 Contra
1062 2884 1149 2929 antem
1161 2873 1313 2944 bpostolus,
1325 2872 1388 2925 Catu

592 2970 697 3035 timore,
713 2967 813 3037 iuquit,
828 2978 851 3022 et
869 2977 975 3021 trenrore
991 2976 1099 3020 uestram
1117 2966 1229 3035 ipsorum
1249 2958 1389 3034 opernrrtini

593 3057 711 3114 salutent.
726 3059 760 3113 Et
775 3066 804 3112 ut
824 3058 939 3120 scirent,
958 3056 1019 3125 quia
1040 3070 1091 3109 non
1107 3064 1208 3109 tatrtunr
1225 3054 1251 3107 in
1270 3052 1388 3123 eoquod

592 3149 698 3220 operari
714 3149 816 3218 possint
826 3147 888 3218 (boc
899 3147 970 3201 enirn
985 3147 1010 3200 itt
1024 3154 1117 3200 natura
1128 3154 1155 3200 ct
1167 3146 1192 3199 ιιι
1205 3145 1324 3199 doctrina
1333 3145 1388 3214 jam

591 3240 777 3312 acceperant),
794 3239 936 3295 sedetiam
952 3237 977 3292 in
991 3253 1023 3292 co
1039 3236 1108 3309 qrrod
1124 3245 1279 3308 aper-antur,
1294 3234 1388 3290 diviui-

593 3342 636 3388 tus
650 3332 818 3403 adjrrrantnr,
836 3346 888 3385 rron
905 3330 1096 3396 ait,1)euscst
1114 3330 1184 3384 cuim
1203 3329 1247 3399 qui
1265 3339 1390 3398 operatur

593 3421 620 3479 in
634 3425 709 3479 robis
721 3438 816 3495 posse,
832 3433 955 3493 tartunam
975 3424 1024 3492 ipsi
1039 3422 1094 3492 jam
1110 3430 1136 3477 et
1152 3422 1221 3477 t'clle
1238 3431 1264 3476 et
1283 3424 1389 3491 operari

593 3528 642 3585 per
654 3528 684 3571 se
697 3516 769 3585 ipsos
783 3514 906 3577 babeant,
921 3529 970 3568 nec
984 3514 1009 3567 in
1024 3513 1064 3567 bis
1075 3513 1177 3568 duobus
1189 3513 1320 3583 adjutorio
1331 3514 1389 3585 ejus

574 3629 581 3636 ·
594 3607 746 3680 indigeant;
763 3608 809 3662 sed
824 3608 870 3671 ait,
885 3606 955 3659 Deus
971 3607 1037 3660 enim
1050 3616 1085 3660 cat
1098 3608 1140 3677 qui
1152 3616 1270 3676 operatur
1283 3608 1310 3661 in
1322 3609 1389 3662 rodit

594 3709 618 3755 et
630 3699 725 3754 relleet
739 3699 858 3771 perficere
875 3696 1003 3769 (Plriiipp.
1015 3713 1044 3764 n,
1061 3698 1095 3752 ts
1107 3707 1131 3751 et
1147 3697 1207 3767 lb);
1223 3698 1265 3752 uel
1279 3699 1348 3753 sieut
1363 3700 1389 3754 in

594 3789 653 3846 aliis
672 3799 699 3844 ct
720 3789 835 3842 maxime
854 3787 948 3857 graecis
968 3786 1104 3842 codicibus
1124 3787 1229 3857 legitur,
1246 3796 1269 3841 at
1288 3789 1350 3843 aelle
1366 3799 1389 3843 ct

594 3880 694 3951 operari
704 3877 753 3951 lu).
761 3877 856 3932 l'idete
870 3877 892 3931 si
906 3892 958 3932 non
969 3876 1112 3946 Apostolus
1124 3878 1215 3947 gratiae
1226 3878 1273 3934 Dei
1288 3880 1390 3936 lrrttrros

595 3971 762 4028 aduersarios
776 3978 870 4024 sancto
883 3969 982 4039 Spiritu
994 3978 1066 4022 tanto
1078 3979 1139 4023 aute
1152 3968 1321 4040 presidium
1334 3970 1390 4027 buc

596 4063 665 4130 duo,
682 4063 708 4117 id
721 4070 779 4128 est,
794 4069 820 4115 et
835 4061 902 4116 rolle
919 4050 947 4115 et
962 4059 1083 4129 operari,
1099 4074 1157 4129 quau
1176 4061 1226 4115 iste
1246 4061 1281 4115 ita
1300 4069 1389 4115 nostra

595 4168 656 4210 esse
670 4154 763 4220 uoluit,
779 4160 902 4222 tanquam
917 4152 972 4221 ipsa
986 4149 1082 4204 dirime
1095 4150 1186 4221 gratiae
1200 4166 1252 4205 noa
1265 4151 1392 4221 adjuren-

493 4306 497 4315 ,
596 4253 640 4301 tur
654 4244 763 4309 anxilio,
778 4244 861 4299 Deum
877 4244 903 4297 in
918 4243 995 4298 nobis
1009 4243 1075 4297 dixit
1089 4244 1203 4312 operari.

632 4333 744 4392 caput
754 4333 796 4388 tl.
807 4363 840 4374 -
848 4334 876 4390 7.
885 4332 977 4403 Neque
988 4333 1049 4388 binc
1057 4333 1178 4403 Pelagius
1188 4334 1307 4389 incautos
1319 4334 1392 4390 lallat

596 4441 623 4487 et
638 4431 781 4499 simplices,
796 4429 838 4484 rel
853 4430 932 4482 etbnn
947 4444 976 4484 se
992 4428 1088 4497 ipsum,
1102 4428 1227 4497 quartiam
1239 4443 1298 4484 cum
1312 4428 1392 4484 ditis·

597 4534 650 4594 act,
668 4543 678 4577 ι
696 4523 767 4593 Ergo
784 4524 809 4575 in
825 4522 960 4574 uoluntate
974 4527 1002 4574 ct
1015 4534 1095 4589 opere
1115 4520 1184 4574 bono
1199 4519 1258 4574 laus
1278 4520 1392 4574 bominis

597 4626 657 4683 cst;
676 4634 686 4669 r
702 4616 776 4671 uelut
790 4613 905 4669 correxit
918 4621 999 4683 atque
1010 4611 1122 4678 addidit,
1140 4630 1149 4663 ι
1167 4611 1222 4666 lmo
1237 4620 1264 4666 ct
1278 4612 1393 4668 bominis

597 4713 627 4763 ct
640 4706 698 4761 Dei.
718 4722 728 4757 r
746 4703 803 4758 Noa
819 4703 890 4758 enim
906 4701 957 4756 boc
972 4710 1110 4772 propterea
1125 4701 1207 4764 dixit,
1222 4701 1281 4772 quia
1297 4716 1393 4756 secan·

598 4795 661 4852 dum
675 4811 767 4850 sanam
779 4784 927 4850 doctrinam
940 4791 1050 4864 intelligi
1064 4792 1156 4859 rolnit,
1168 4793 1238 4864 qnod
1251 4803 1278 4848 et
1288 4766 1356 4848 ville
1367 4800 1394 4848 ct

598 4889 704 4959 operari
719 4889 788 4943 Dens
801 4896 926 4956 operetur
939 4886 965 4940 in
980 4885 1056 4940 nobis
1072 4903 1078 4938 ε
1094 4885 1141 4939 scd
1156 4901 1204 4941 cur
1218 4884 1268 4940 boc
1281 4886 1393 4952 dixerit,

599 4980 664 5034 satis
679 4970 818 5034 evidenter
830 4978 956 5045 ostetrdit,
973 4979 1098 5032 continuo
1112 4978 1304 5049 subjungendo,
1322 4996 1331 5029 ι
1349 4978 1394 5048 qui

600 5072 684 5143 ipsius
696 5072 838 5128 uoluntatis
848 5079 875 5126 et
887 5072 975 5141 operis
985 5071 1185 5140 possibilitatem
1198 5071 1280 5126 dedit.
1298 5088 1308 5123 r
1322 5070 1395 5127 llanc

599 5172 688 5217 autem
701 5162 902 5232 possibilitatem
916 5162 941 5216 in
956 5171 1048 5215 natura
1063 5176 1122 5215 enm
1139 5179 1248 5231 proruere,
1262 5163 1295 5219 de
1307 5165 1395 5218 uerbis

600 5254 660 5324 ejus
673 5252 854 5323 superioribus
869 5252 968 5307 clarum
984 5261 1033 5306 est.
1050 5251 1102 5306 Sed
1123 5268 1156 5306 ne
1177 5252 1239 5306 nibil
1260 5253 1293 5308 de
1311 5254 1395 5323 gratia

600 5342 699 5401 dixisse
712 5343 856 5407 rideretur,
870 5341 1008 5411 adjunxit,
1027 5361 1036 5392 ι
1054 5342 1150 5412 quique
1166 5343 1248 5412 ipsam
1262 5345 1395 5416 possibili·

600 5444 682 5493 tatem
692 5437 785 5508 gratiae
796 5451 851 5490 sua]
862 5435 968 5503 adjurat
987 5448 1093 5503 semper
1107 5436 1205 5489 auxilio
1220 5454 1227 5489 :
1247 5454 1256 5487 r
1274 5452 1325 5490 non
1340 5438 1394 5511 ait,

599 5527 687 5598 lpsanr
701 5527 880 5585 voluntatem,
898 5524 956 5591 rel,
973 5522 1059 5594 ipsam
1076 5525 1275 5594 operationcrn;
1290 5526 1358 5594 qrrod
1374 5522 1396 5582 si

600 5622 715 5683 diceret,
732 5635 785 5674 nnn
800 5618 945 5673 abliorrere
962 5632 977 5670 a
992 5615 1112 5672 doctrina
1128 5618 1275 5687 apostoliea
1289 5618 1395 5674 ridere·

601 5722 644 5766 tur
659 5730 666 5766 :
681 5711 792 5776 sedarit,
810 5729 819 5760 t
840 5710 923 5778 ipsam
938 5707 1156 5778 possibilitatem,
1174 5728 1183 5760 r
1197 5708 1261 5763 illud
1275 5708 1396 5764 uidelicet

600 5816 634 5857 ex
649 5801 733 5856 tribus
748 5800 818 5872 quod
835 5801 861 5855 in
875 5808 970 5854 tratura
990 5798 1100 5863 locarit,
1116 5816 1126 5850 ι
1143 5799 1235 5868 gratiae
1249 5813 1304 5854 suae
1319 5800 1396 5869 adju·

603 5902 648 5948 rat
658 5908 764 5960 serrrper
773 5891 889 5945 anxilio:
906 5909 915 5942 r
930 5899 957 5968 nt
967 5890 1067 5944 scillcet
1077 5889 1102 5943 in
1114 5889 1247 5943 uoluntate
1257 5897 1284 5944 et
1294 5893 1397 5943 actione

603 5999 655 6041 aon
667 5983 727 6037 ideo
738 5983 795 6036 laus
808 5983 842 6037 sit
852 5991 879 6037 ct
891 5982 935 6035 llei
946 5990 972 6036 ct
982 5980 1108 6048 bominis,
1119 5980 1181 6050 qtria
1190 5981 1229 6036 sic
1239 5981 1295 6035 vttlt
1307 5981 1395 6048 bomo,

602 6082 731 6131 attamen
747 6074 815 6126 brus
830 6071 959 6125 uoluntati
972 6071 1030 6140 ejus
1045 6070 1169 6127 ardorem
1188 6071 1338 6128 dilectionis
1356 6071 1396 6125 in-

601 6164 702 6236 spiret;
718 6162 795 6215 etsie
809 6171 933 6231 operatur
947 6160 1044 6230 ltomo,
1061 6172 1089 6217 ut
1105 6172 1192 6220 tanren
1211 6164 1282 6220 Deus
1298 6177 1397 6233 coope-

632 6277 672 6344 (ιι)
685 6283 767 6327 Graeoe
772 6309 780 6339 ,
791 6281 815 6326 ta
825 6273 943 6340 curarat.

1207 853 1236 910 S.
1252 847 1437 908 AUGl'Sle'l
1458 845 1610 905 aetscoel

2176 845 2230 904 363

1436 972 1520 1028 retur,
1535 960 1594 1015 sine
1607 959 1684 1030 crrjna
1700 957 1830 1028 adjutorio
1849 958 1912 1029 qrtid
1931 963 1972 1014 est
1986 957 2086 1014 bomol
2103 957 2150 1014 scd
2170 958 2232 1014 ideo

1434 1051 1466 1103 ad
1481 1049 1549 1106 banc
1562 1048 1667 1104 laudem
1681 1049 1800 1120 adjunxit
1818 1059 1846 1105 ct
1866 1049 1966 1115 Derim,
1981 1048 2043 1119 quia
2066 1049 2115 1104 nisi
2135 1058 2228 1105 natura

1434 1154 1506 1198 esset
1518 1142 1544 1197 iu
1558 1157 1609 1212 qua
1625 1156 1674 1196 nos
1687 1140 1821 1207 condidit,
1837 1156 1888 1212 qua
1906 1140 1974 1197 telle
1991 1149 2018 1197 et
2036 1156 2115 1212 agere
2134 1156 2230 1211 posse·

1435 1246 1505 1293 nnus,
1521 1246 1570 1285 nec
1582 1231 1723 1297 vellemus,
1738 1245 1789 1286 nec
1802 1245 1952 1301 ageremus.

1470 1321 1496 1376 8.
1514 1320 1587 1376 llanc
1601 1331 1689 1376 antem
1708 1322 1857 1377 naturalem
1874 1320 2075 1391 possibilitatem
2094 1324 2165 1393 quod
2182 1323 2231 1377 ad·

1433 1412 1519 1481 jurari
1535 1413 1580 1466 bei
1595 1413 1679 1482 gratia
1692 1412 1843 1479 eoalltetur,
1858 1429 1910 1468 uon
1928 1423 1969 1471 cst
1990 1415 2033 1470 bic
2052 1426 2174 1486 apertum
2190 1419 2231 1471 rel

1435 1520 1514 1572 ipram
1527 1504 1598 1559 dicat
1611 1506 1737 1575 gratiam,
1754 1505 1795 1560 rel
1810 1515 1942 1576 quatenus
1953 1523 1984 1562 ea
2000 1518 2121 1563 naturam
2134 1512 2230 1568 setrtint

1435 1596 1554 1664 adjrrvari
1568 1597 1576 1648 ι’
1589 1597 1635 1650 sed
1648 1598 1716 1651 sicut
1727 1598 1785 1652 aliis
1798 1598 1875 1665 loeis,
1889 1600 1914 1654 in
1926 1601 2022 1669 quibus
2032 1602 2181 1660 euidentius
2192 1606 2231 1661 lo-

1436 1687 1536 1756 quitur,
1552 1687 1660 1757 intelligi
1675 1695 1771 1758 potest,
1786 1705 1838 1743 rtotr
1853 1690 1909 1744 ralt
1920 1691 1991 1747 allud
2003 1694 2086 1765 accipi
2099 1711 2177 1765 quam
2193 1697 2232 1753 le·

1436 1792 1494 1846 gem
1510 1786 1588 1847 atque
1602 1778 1760 1845 doctrinam,
1776 1794 1827 1850 qua
1840 1782 1969 1837 naturalis
1981 1785 2142 1854 possibilitas
2155 1788 2232 1859 adju-

1438 1878 1523 1924 retur.

1471 1957 1584 2016 catur
1595 1959 1758 2016 Vlla—Nam
1770 1962 1883 2034 quodam
1897 1962 1956 2020 loca
1966 1966 2021 2021 ait:
2036 1986 2046 2021 ι
2061 1968 2110 2025 llic
2121 1984 2169 2027 nos
2181 1976 2231 2027 lm-

1437 2047 1591 2119 peritissimi
1611 2049 1748 2105 bominum
1768 2062 1861 2122 putant
1880 2055 2004 2125 injuriam
2023 2057 2122 2115 dirime
2140 2064 2231 2132 gratiae

1438 2136 1539 2209 lacere,
1548 2140 1610 2211 quia
1619 2140 1732 2197 dicimus
1742 2156 1800 2198 eam
1811 2145 1870 2200 sine
1881 2146 2017 2204 voluntate
2029 2158 2118 2206 nostra
2133 2165 2233 2223 nequa·

1438 2243 1517 2298 qaam
1529 2231 1555 2284 in
1569 2230 1646 2287 nobis
1659 2232 1788 2302 perllccre
1801 2238 1968 2293 sanctitatem
1981 2258 1988 2293 ε
2002 2243 2076 2311 quasi
2089 2246 2158 2299 oens
2170 2261 2232 2315 gra-

1439 2319 1482 2374 tite
1495 2334 1551 2375 snae
1565 2321 1663 2393 aliquid
1677 2323 1854 2394 imperauerit,
1867 2338 1894 2383 et
1906 2344 1958 2383 non
1973 2330 2025 2384 illis
2038 2333 2134 2402 quibua
2148 2335 2232 2403 impe·

1439 2410 1516 2474 rarit,
1526 2411 1605 2467 ctiam
1616 2414 1707 2482 gratiae
1716 2430 1771 2469 strae
1780 2416 1909 2473 auxilinm
1919 2420 2110 2490 subministret,
2123 2435 2151 2479 ut
2160 2427 2231 2496 qrrod

1440 2513 1488 2568 per
1500 2499 1613 2555 liberum
1634 2502 1755 2559 bomincs
1767 2505 1854 2562 lacere
1864 2508 1992 2577 jubentur
2005 2513 2154 2582 arbitrium,
2169 2517 2233 2572 laci·

1440 2588 1490 2643 lius
1504 2601 1611 2660 possent
1624 2593 1734 2664 implere
1748 2612 1795 2667 per
1807 2600 1930 2667 gratiam.
1946 2620 1955 2653 r
1971 2601 2004 2679 ilt
2015 2612 2138 2675 amquam
2149 2609 2233 2676 capli-

1440 2691 1546 2736 eaturus
1557 2699 1635 2753 qnam
1646 2684 1714 2741 dicat
1726 2689 1848 2757 gratiam,
1862 2700 1969 2747 secutus
1977 2694 2107 2764 adjunxit,
2118 2697 2212 2753 diceus
2223 2717 2230 2755 :

1444 2790 1454 2824 ι
1469 2773 1553 2842 Quam
1569 2791 1617 2831 nos
1632 2794 1702 2844 uon,
1718 2788 1746 2834 ut
1765 2790 1793 2835 ttt
1811 2792 1904 2852 putas,
1918 2783 1945 2838 in
1961 2784 2019 2855 lege
2034 2791 2231 2858 tantummodo,

1440 2862 1487 2916 scd
1507 2871 1535 2918 et
1553 2864 1578 2918 in
1597 2865 1643 2920 Dei
1660 2882 1719 2923 esse
1738 2869 1870 2940 adjutorio
1888 2873 2057 2931 cottiitemur.
2076 2895 2085 2930 r
2100 2878 2165 2947 Quis
2180 2897 2233 2936 nun

1442 2951 1484 3007 bic
1493 2954 1628 3011 desideret
1640 2965 1669 3011 ut
1681 2961 1803 3016 ostendat
1815 2977 1893 3031 quam
1907 2965 1970 3020 uelit
1983 2966 2090 3039 intelligi
2103 2972 2234 3039 gratiam?

1441 3042 1553 3114 Propter
1563 3046 1613 3100 boc
1622 3046 1693 3101 enim
1705 3051 1819 3107 maxime
1829 3052 1862 3107 dc
1873 3053 1919 3109 illo
1929 3066 2083 3126 exspectare
2092 3061 2233 3131 debemus,

1441 3145 1470 3191 ut
1482 3135 1552 3192 dicat
1567 3139 1617 3194 boc
1630 3139 1700 3210 qnod
1714 3142 1778 3196 tllcit
1788 3145 1808 3212 ¹,
1824 3160 1877 3200 noa
1892 3147 1918 3200 in
1934 3147 1992 3217 lege
2007 3154 2191 3208 tantummodo
2205 3170 2236 3210 se
2260 3190 2264 3198 ·

1440 3227 1551 3297 gratiam
1562 3229 1692 3286 earrbtrri.
1707 3232 1759 3288 Sed
1771 3234 1847 3289 nobis
1858 3235 1907 3291 bac
1916 3241 2113 3308 exspectatione
2122 3258 2236 3314 snspen-

1440 3318 1495 3384 εἰς,
1513 3319 1576 3389 quid
1593 3321 1725 3378 addiderit
1744 3324 1882 3380 ittluetttini
1902 3345 1910 3381 a
1930 3345 1939 3379 t
1961 3328 2074 3398 adjurat
2092 3332 2163 3387 cuitu
2186 3350 2235 3389 tros

1442 3408 1522 3478 Deus,
1539 3411 1657 3482 rinqtrit,
1671 3432 1681 3465 r
1697 3430 1743 3484 per
1752 3417 1899 3473 doctrinam
1910 3428 1937 3474 et
1948 3423 2136 3479 revelationem
2146 3440 2234 3493 suam,

1441 3500 1504 3556 dum
1518 3505 1606 3561 cordis
1620 3510 1703 3562 nostri
1717 3511 1808 3565 oculos
1821 3513 1923 3581 aperit;
1939 3514 2001 3569 dnm
2017 3516 2103 3581 nobis,
2118 3533 2152 3573 nc
2167 3534 2235 3588 prara-

1441 3596 1562 3651 scntibus
1575 3612 1748 3669 occupemur,
1764 3601 1851 3658 lutura
1866 3605 2045 3674 demonstrat;
2059 3607 2121 3663 dum
2135 3611 2235 3666 diaboli

1441 3690 1533 3759 partilit
1546 3692 1668 3758 insidias,
1682 3694 1745 3748 dum
1761 3711 1809 3750 nos
1822 3698 1976 3754 rtrultilurmi
1990 3711 2017 3755 et
2030 3702 2152 3757 ineffabili
2163 3703 2235 3758 doun

1440 3782 1532 3850 gratias
1549 3783 1666 3838 coelcstis
1686 3785 1826 3842 illuminat.
1844 3806 1853 3841 r
1871 3789 1970 3845 Deinde
1986 3793 2144 3847 seutentiam
2159 3811 2234 3848 suam

1442 3874 1554 3942 quadam
1569 3877 1640 3930 relut
1652 3878 1817 3934 absolutionc
1829 3881 1991 3937 concludens
2006 3901 2013 3936 :
2032 3901 2042 3935 ι
2060 3883 2110 3950 Qui
2125 3886 2182 3940 trac
2195 3887 2236 3940 dl·

1442 3965 1488 4032 cit,
1504 3982 1515 4016 r
1531 3964 1627 4036 inaruit,
1642 3985 1652 4018 r
1669 3970 1781 4038 gratiam
1797 3971 1843 4025 tibi
1858 3971 1963 4027 ridetur
1977 3975 2089 4044 negarcl
2104 3976 2145 4030 ela
2160 3985 2186 4030 et
2202 3976 2235 4030 li-

1442 4053 1536 4111 berum
1549 4055 1664 4114 bominis
1676 4060 1824 4129 arbitrium,
1836 4072 1862 4118 ct
1874 4065 1919 4120 bei
1929 4067 2040 4136 gratiam
2053 4068 2213 4122 conlitctnrl
2224 4087 2233 4120 r

1442 4144 1471 4200 br
1493 4145 1534 4202 his
1553 4149 1675 4205 omnibus
1692 4166 1745 4206 non
1766 4154 1876 4209 recessit
1890 4170 1905 4208 a
1920 4157 2151 4213 eorruncudatione
2171 4159 2237 4227 legit

1442 4245 1522 4309 atque
1537 4239 1679 4311 doctrinae,
1694 4242 1763 4299 bane
1779 4261 1839 4301 esse
1856 4247 2023 4318 adjurantem
2042 4249 2154 4319 gratiam
2173 4249 2237 4304 dili-

1443 4342 1535 4402 genter
1549 4335 1693 4405 inculcans,
1708 4348 1734 4394 ct
1746 4340 1796 4395 boc
1809 4357 1957 4413 exsequens
1968 4342 2037 4413 qrrod
2049 4355 2235 4414 proposuerat,

1443 4439 1504 4479 curn
1516 4425 1625 4496 diceret,
1640 4449 1650 4482 r
1666 4431 1713 4486 sed
1729 4433 1754 4486 in
1769 4432 1814 4487 bei
1828 4449 1889 4489 csse
1900 4434 2031 4505 adjutorio
2042 4436 2210 4491 confitentur.
2225 4457 2235 4489 r

1445 4514 1563 4588 Denique
1574 4520 1619 4575 Dei
1632 4522 1791 4592 adjutorium
1803 4525 1982 4594 multipliciter
1991 4527 2178 4581 insinuandum
2192 4544 2239 4595 pn-

1445 4611 1525 4678 tavit,
1538 4615 1773 4670 commemorando
1786 4617 1933 4672 doctrinam
1948 4626 1974 4672 ct
1987 4618 2196 4684 revelationem,
2212 4628 2238 4672 et

1445 4701 1582 4757 oculorum
1602 4704 1690 4758 cordis
1707 4705 1921 4775 adapertionem,
1937 4714 1964 4761 ct
1981 4705 2238 4761 demonstrationem

1445 4791 1604 4859 futurorum,
1617 4803 1643 4850 et
1655 4797 1818 4865 apertionem
1831 4797 2019 4851 diabolicarum
2033 4798 2200 4861 insidiarum,
2213 4808 2239 4852 et

1446 4885 1601 4942 multiformi
1611 4896 1690 4958 atque
1701 4888 1824 4943 ineffabili
1835 4892 1846 4922 ¹
1860 4889 1930 4944 dono
1943 4891 2035 4961 gratiae
2046 4891 2164 4944 coelcstts
2179 4890 2240 4944 ilbr·

1445 4976 1618 5033 minationem
1639 4997 1646 5035 :
1666 4979 1700 5034 ad
1721 4980 1772 5035 boc
1791 4982 1881 5050 utiquc
1902 4990 1931 5035 ut
1951 4981 2040 5036 diuina
2062 4989 2194 5050 praeopta
2213 4988 2241 5036 et

1447 5071 1575 5137 promissa
1589 5072 1732 5127 discamus.
1749 5073 1806 5128 lloc
1820 5082 1862 5128 est
1874 5088 1937 5143 crgo
1951 5073 2063 5144 gratiam
2077 5073 2123 5127 bei
2138 5087 2241 5144 ponere

1448 5160 1474 5214 iu
1488 5160 1545 5233 loge
1557 5173 1636 5232 atque
1648 5162 1777 5218 doctrina.

1487 5254 1601 5311 catut
1621 5252 1686 5309 lllll.
1698 5284 1736 5294 -
1746 5254 1773 5310 9.
1786 5253 1853 5309 iliae
1865 5254 1953 5323 itaque
1965 5261 2085 5322 apparet,
2097 5252 2167 5308 banc
2178 5268 2242 5316 enm

1448 5349 1559 5421 gratiam
1572 5345 1702 5411 confiteri,
1713 5360 1764 5413 qua
1775 5345 1939 5399 demonstrat
1949 5353 1976 5398 et
1987 5344 2086 5398 rerelat
2097 5344 2168 5399 Deus
2177 5345 2244 5415 quid

1448 5458 1527 5515 agere
1538 5439 1698 5502 debeamns;
1711 5455 1762 5492 non
1775 5452 1826 5508 qna
1838 5437 1919 5493 donat
1930 5446 2009 5508 atquc
2018 5437 2125 5507 adjurat
2135 5446 2166 5492 ut
2177 5453 2244 5509 aga-

1449 5550 1509 5592 mus
1521 5552 1528 5588 :
1539 5550 1599 5589 cum
1613 5534 1647 5587 att
1658 5532 1709 5587 boc
1719 5532 1806 5603 potius
1819 5532 1905 5586 ualeat
1918 5530 1982 5600 legis
1994 5531 2102 5599 agnitio,
2115 5530 2136 5584 si
2150 5531 2245 5601 gratie

1449 5625 1518 5680 desit
1528 5623 1676 5693 opitulatio,
1689 5633 1716 5675 ut
1726 5622 1772 5675 bat
1784 5620 1899 5675 mandati
1912 5618 2102 5689 praevaricatio.
2115 5617 2165 5673 bar·
2175 5621 2246 5674 caint

1449 5734 1499 5770 aaa
1513 5725 1548 5769 est
1562 5714 1613 5780 lea,
1628 5713 1665 5769 ait
1677 5713 1829 5784 Apostolus,
1846 5727 1891 5765 acc
1905 5710 2077 5780 prevaricatio
2093 5707 2187 5780 (Ram.
2202 5725 2244 5775 tr,

1450 5806 1501 5878 15)
1519 5824 1525 5860 :
1541 5815 1583 5871 et,
1599 5805 1829 5875 concupiscentiam
1843 5801 1996 5868 nesciebam,
2012 5801 2060 5854 arisi
2075 5801 2117 5854 lea
2132 5799 2244 5868 diceret,

1451 5897 1511 5953 Nea
1533 5898 1693 5968 concupisces
1706 5896 1760 5967 (ln.
1776 5911 1822 5957 ru,
1836 5894 1876 5966 t).
1890 5895 1929 5948 llc
1943 5909 1990 5963 per
2003 5892 2063 5958 boc,
2077 5892 2246 5961 usqueadeo

1450 5989 1520 6046 aliud
1534 6000 1575 6046 cst
1589 5992 1645 6053 lex,
1659 5988 1731 6043 aliud
1745 5998 1784 6042 est
1796 5988 1895 6056 gratia,
1911 5994 1940 6040 ut
1954 5986 1995 6040 lex
2010 5999 2062 6038 non
2077 5983 2164 6038 solum
2178 5984 2246 6042 nibil

1450 6080 1544 6153 prosit,
1555 6095 1646 6134 rerum
1657 6081 1736 6134 etiarn
1751 6077 1892 6147 plurimum
1905 6075 1984 6143 obsit,
2000 6074 2050 6130 nisi
2064 6073 2172 6144 adjuret
2184 6089 2247 6145 gra-

1483 6212 1492 6244 ¹
1505 6211 1751 6275 argiranaenstsus,
1764 6207 1822 6272 maid
1833 6207 1902 6277 dicit.
1962 6265 1967 6278 ¹

1482 6275 1555 6320 ΙΛιιι.
1567 6278 1615 6333 tr,
1627 6278 1650 6324 et
1662 6273 1830 6335 atablsnrmmt
1838 6276 1861 6319 rt
1872 6266 2024 6333 inambulare.
