5592 7350
649 926 699 982 dil

647 1039 766 1111 jectam;
787 1051 849 1108 quta
868 1050 915 1104 per
935 1034 1020 1106 legem
1038 1033 1098 1090 lrdei
1120 1036 1232 1104 quisque
1250 1034 1395 1103 cognoscit,
1417 1032 1438 1085 si

648 1129 712 1199 quid
732 1129 799 1184 benc
818 1126 900 1192 rtrtt,
922 1125 1115 1196 deigratiam
1140 1126 1257 1190 babere,
1280 1134 1307 1178 et
1330 1133 1358 1178 ut
1380 1139 1441 1195 pcr-

650 1221 754 1278 ticiatur
772 1219 798 1274 iu
816 1217 962 1273 dilectione
981 1215 1101 1287 justitiae,
1123 1233 1175 1272 non
1198 1232 1227 1271 sc
1250 1216 1355 1270 aliunde
1372 1229 1437 1269 con·

648 1319 812 1367 secuturum.

683 1398 795 1455 CAPUT
810 1397 855 1453 xl.
870 1426 906 1439 —
923 1395 968 1453 ts.
986 1394 1108 1452 Pietatem
1127 1413 1179 1451 esse
1204 1396 1363 1467 sapientiam.
1387 1394 1438 1447 Ju-

648 1494 717 1548 rtitia
732 1492 781 1547 Dei
793 1492 860 1546 dicte
879 1506 955 1561 quant
971 1488 1039 1544 Deus
1053 1488 1125 1559 furit.
1151 1488 1215 1557 Quae
1227 1487 1352 1558 cogitatio
1366 1486 1437 1555 pium

648 1584 720 1652 lacit,
740 1583 801 1654 quia
818 1582 904 1652 pictas
923 1591 965 1638 εει
985 1595 1047 1635 uera
1064 1580 1216 1651 sapientia:
1235 1580 1360 1651 pietatem
1378 1578 1439 1635 dico

646 1692 727 1747 quam
742 1674 828 1734 Graeci
840 1682 974 1729 arenauno
987 1680 1083 1728 uocant
1100 1689 1106 1725 :
1122 1672 1177 1740 ipsa
1191 1672 1289 1741 quippe
1302 1685 1439 1726 commen·

647 1768 709 1824 data
722 1776 772 1834 est,
794 1781 855 1822 cum
870 1765 1024 1821 dictumest
1041 1762 1151 1826 bomini,
1173 1762 1243 1833 quod
1264 1763 1289 1817 in
1305 1762 1373 1816 libro
1387 1761 1438 1816 lob

646 1857 752 1927 legitur,
766 1854 834 1909 Ecce
843 1855 925 1925 pietus
938 1862 973 1909 est
982 1854 1107 1924 sapientia
1122 1850 1182 1923 (tot
1200 1867 1283 1907 xtrtu
1293 1892 1299 1913 ,
1310 1850 1366 1922 28).
1381 1859 1440 1905 Θεο-

646 1958 725 2004 «terte
744 1961 824 2018 porro
841 1947 863 2001 si
887 1946 921 2002 ad
941 1946 1015 2001 verbi
1034 1946 1162 2015 originem
1184 1944 1266 2001 latine
1283 1958 1438 2015 expressam

647 2042 883 2110 interpretaretur,
901 2038 949 2093 liei
963 2039 1049 2093 cultus
1069 2036 1121 2092 dici
1139 2043 1254 2106 poterat,
1278 2037 1322 2106 qni
1347 2035 1372 2089 in
1386 2034 1438 2090 boc

646 2132 763 2186 maxime
775 2130 935 2187 constitutus
948 2138 1000 2195 est,
1019 2137 1048 2183 ut
1060 2128 1147 2182 anima
1162 2127 1185 2182 ei
1200 2143 1254 2182 non
1269 2126 1304 2180 sit
1322 2126 1436 2195 ingrata.

647 2222 724 2279 Unde
747 2230 775 2279 ct
793 2223 819 2278 in
837 2222 895 2294 ipso
913 2220 1055 2277 verissimo
1075 2228 1102 2277 et
1122 2218 1249 2289 singulari
1265 2216 1436 2282 'saeribcio,

645 2316 760 2372 Domino
772 2315 828 2372 beo
841 2322 933 2370 nostro
953 2328 1033 2381 agere
1047 2313 1145 2383 gratias
1167 2297 1352 2366 admonemur.
1381 2309 1438 2363 Erit

646 2401 861 2478 autemingrata,
874 2406 897 2462 si
910 2405 980 2476 quod
995 2404 1032 2459 illi
1046 2419 1079 2460 ex
1094 2404 1150 2459 lieo
1162 2411 1212 2467 cst,
1234 2402 1283 2458 sibi
1304 2401 1436 2465 tribuerit,

646 2500 831 2569 precipueque
841 2497 983 2567 justitiam,
1003 2495 1078 2566 cujus
1097 2495 1224 2565 operibus
1239 2494 1309 2549 uolut
1322 2494 1438 2563 propriis

644 2600 671 2646 et
687 2590 757 2646 rolut
775 2604 790 2644 a
811 2590 954 2658 semetipsa
973 2587 1080 2643 sibimet
1102 2586 1199 2656 partis,
1223 2599 1275 2639 non
1294 2584 1438 2654 vulgariter

645 2692 770 2751 tanquam
783 2694 816 2734 ex
830 2678 930 2733 diuitiis
949 2688 995 2732 arn
1014 2676 1194 2732 membrorum
1219 2673 1302 2730 lorrna
1319 2684 1364 2752 aut
1378 2675 1437 2730 eln-

644 2772 763 2841 qnentia,
780 2771 948 2841 eaeterisque,
963 2769 1020 2824 sire
1038 2768 1156 2823 externis
1169 2768 1225 2822 site
1245 2753 1367 2831 internis,
1379 2767 1436 2821 sire

645 2863 765 2931 eorporis
776 2862 833 2917 siue
845 2859 927 2915 animi
939 2859 1027 2924 bonis,
1036 2874 1095 2928 qnac
1109 2857 1208 2913 babere
1220 2858 1300 2912 etiarn
1313 2854 1436 2911 scelerati

644 2953 740 3019 solent,
764 2953 811 3009 sed
830 2962 953 3022 tanquam
976 2951 1010 3006 dc
1029 2950 1061 3007 iis
1075 2964 1134 3020 quae
1153 2949 1260 3020 proprie
1280 2956 1344 3004 sunt
1366 2949 1435 3003 bona

644 3044 775 3100 bonorum
793 3042 868 3115 qnasi
885 3040 1020 3112 sapienter
1038 3042 1048 3076 ²
1062 3040 1179 3094 inlicitur.
1194 3039 1252 3106 Quo
1262 3039 1327 3094 titio
1337 3038 1435 3107 repulsi

644 3150 658 3188 a
672 3134 769 3191 divinae
783 3133 928 3190 stabilitate
946 3132 1113 3198 substantiae,
1127 3131 1207 3187 etiarn
1221 3130 1309 3201 rnagni
1326 3129 1435 3200 quidam

644 3228 693 3283 riri
711 3226 744 3282 ad
765 3224 920 3282 idololatriae
934 3224 1051 3281 dedecus
1065 3222 1243 3279 dclluxorunt.
1268 3220 1346 3279 Unde
1363 3220 1433 3276 idem

643 3318 779 3387 apostolus
789 3318 814 3372 in
830 3317 923 3373 eadem
937 3315 1066 3386 Epistola,
1080 3316 1105 3369 in
1117 3329 1167 3384 qua
1182 3312 1327 3368 relremens
1339 3310 1434 3368 deien-

643 3417 739 3464 sorest
757 3409 858 3480 gratiae,
876 3422 937 3463 cum
949 3421 979 3463 sc
1000 3406 1112 3462 dixisset
1127 3420 1186 3461 esse
1209 3403 1309 3461 Grecis
1322 3419 1353 3459 ae
1367 3404 1434 3458 bar-

644 3501 725 3564 baris,
741 3500 905 3570 sapientibus
921 3508 949 3554 et
962 3498 1147 3568 insipientibus
1161 3496 1322 3559 debitorem,
1335 3503 1362 3550 ct
1375 3494 1435 3550 ideo

643 3589 713 3658 qnod
726 3589 759 3644 ad
773 3589 859 3659 ipsum
881 3589 1033 3656 pertineret,
1051 3597 1201 3658 promptum
1219 3601 1279 3643 esse
1293 3595 1320 3641 et
1334 3586 1376 3641 bis
1388 3585 1433 3654 qni

642 3683 737 3736 timna
759 3689 849 3736 essent
873 3677 1077 3749 evangelizare:
1106 3678 1166 3732 Non
1191 3679 1257 3733 enirn
1277 3676 1432 3747 confundor,

642 3773 740 3842 inquit,
753 3771 785 3827 tie
800 3771 937 3843 Evangelio
952 3785 961 3834 ,·
976 3770 1056 3825 uirtus
1067 3769 1134 3824 enirn
1150 3768 1195 3823 bet
1222 3777 1259 3824 ert
1281 3770 1308 3823 in
1325 3770 1433 3823 salutent

644 3863 713 3917 orrrrri
725 3862 846 3928 credenti,
859 3861 952 3916 Judrro
963 3860 1073 3933 primunr
1087 3870 1109 3915 et
1125 3859 1224 3917 Grueo.
1246 3858 1352 3915 iustitia
1367 3861 1433 3915 enirn

643 3955 693 4010 liei
704 3955 730 4008 in
740 3971 769 4010 eo
783 3953 907 4012 reueletur
922 3970 953 4009 ea
963 3953 1014 4024 fide
1025 3953 1052 4008 in
1066 3954 1152 4022 finiero,
1166 3956 1231 4009 rieul
1248 3955 1370 4024 scriptum
1383 3963 1431 4018 est,

643 4044 734 4100 tunm
746 4054 827 4099 autent
842 4061 873 4100 ea
887 4044 937 4113 fide
949 4044 1017 4098 uiuit.
1048 4044 1111 4099 ileo
1123 4054 1164 4099 est
1176 4044 1278 4114 justitia
1292 4045 1338 4100 boi
1352 4086 1358 4107 ‚
1374 4060 1433 4115 quar

644 4137 671 4191 in
684 4135 853 4191 Testtmento
869 4135 957 4191 l'cteri
966 4135 1061 4198 relaba,
1076 4136 1101 4189 in
1114 4134 1187 4191 Nono
1202 4137 1338 4192 revelatur
1352 4154 1359 4192 z
1373 4151 1433 4207 quae

643 4226 704 4281 ideo
714 4225 816 4297 justitia
833 4225 878 4280 liei
889 4225 994 4292 dicitur,
1006 4226 1076 4296 quod
1089 4227 1266 4298 impertiendo
1276 4242 1334 4282 earn
1346 4228 1433 4297 justos

642 4318 724 4384 larcin
744 4319 814 4375 sicot
828 4317 929 4373 Domini
939 4328 975 4373 ert
989 4319 1058 4372 taius
1070 4317 1156 4388 (l‘aal.
1170 4335 1210 4386 ur,
1226 4319 1262 4386 9),
1285 4335 1336 4390 qua
1347 4320 1435 4376 salros

644 4410 715 4467 sarcit.
729 4411 763 4466 Et
777 4409 834 4466 lraec
847 4418 888 4466 est
899 4409 973 4476 ntes,
989 4425 1020 4465 ex
1034 4426 1085 4481 qua
1096 4421 1122 4466 et
1136 4410 1161 4466 in
1174 4427 1251 4481 quarn
1267 4411 1433 4478 'revelatum

643 4517 678 4558 cx
693 4501 744 4557 stdc
756 4500 857 4558 scilicet
868 4501 1091 4564 annuntiantium,
1105 4503 1131 4556 in
1142 4501 1221 4558 iidem
1232 4502 1413 4558 obedientium
1426 4522 1433 4557 :

643 4610 694 4663 qna
709 4593 760 4648 lde
780 4592 842 4649 iesu
866 4592 976 4656 Christi,
1000 4592 1025 4647 id
1050 4600 1101 4656 est,
1120 4608 1200 4663 qnam
1221 4593 1299 4649 nobis
1321 4595 1434 4650 eorrtulit

643 4684 776 4750 Clu-istus,
799 4683 934 4740 credinurs
955 4699 988 4740 ex
1011 4683 1067 4740 Deo
1090 4684 1167 4760 nobis
1188 4699 1258 4749 esse,
1278 4685 1435 4755 pioniusque

643 4775 759 4830 loturum
772 4773 911 4844 essequod
920 4774 991 4843 juste
1002 4774 1115 4829 risimus
1128 4793 1134 4838 ;
1147 4774 1217 4832 unde
1230 4775 1267 4830 illi
1278 4790 1308 4831 ea
1325 4775 1433 4844 pictate,

642 4883 694 4936 qua
709 4867 782 4922 solus
792 4866 919 4923 colendus
932 4876 984 4934 est,
995 4859 1093 4938 gratias
1106 4868 1219 4940 agimus.

678 4956 791 5013 CAPUT
804 4957 861 5012 xli.
875 4986 910 4998 -
920 4956 964 5013 te.
978 4956 1094 5029 Cognitio
1108 4958 1155 5013 bet
1169 4977 1213 5030 per
1225 4970 1364 5015 creaturas.
1378 4959 1433 5015 Lea

575 5050 577 5054 ’
642 5046 796 5117 rineqratin.
813 5045 866 5101 b'ec
877 5045 1049 5103 inrmeritose
1059 5050 1200 5118 Apostolus
1211 5054 1243 5105 ei
1256 5051 1306 5106 boe
1319 5052 1433 5106 articulo

642 5138 775 5193 corrrertit
792 5137 826 5192 ad
840 5151 887 5192 cos
903 5152 963 5195 cum
984 5138 1160 5196 detestatione
1173 5128 1434 5208 commemorandos,

643 5230 687 5299 qni
705 5227 769 5284 vitio
789 5227 845 5294 illo,
865 5227 936 5298 quod
949 5231 1071 5299 superius
1084 5233 1242 5300 memorari,
1265 5234 1336 5289 leves
1350 5244 1378 5290 et
1391 5237 1433 5290 in·

643 5323 708 5386 tati,
720 5337 751 5378 ac
763 5335 849 5392 perse
869 5321 942 5392 ipsos
952 5321 1025 5376 velut
1044 5337 1092 5392 per
1107 5323 1186 5379 irrano
1198 5324 1304 5390 sublati,
1322 5327 1367 5382 nbi
1381 5343 1433 5383 non

641 5416 857 5484 inardescerent.
880 5413 927 5470 sed
949 5414 1025 5470 fracti
1048 5415 1213 5484 dissilirent,
1237 5418 1263 5473 in
1287 5418 1436 5491 figmenta*

631 5508 773 5563 blnlurum
789 5513 914 5577 tanquam
929 5507 955 5562 in
971 5506 1073 5578 lapides
1091 5508 1258 5565 deciderunt.
1280 5510 1346 5579 Quia
1362 5515 1434 5569 enirn

641 5597 876 5654 rorrrmcndauerat
896 5599 1021 5669 pictatem
1047 5599 1127 5667 fidoi,
1149 5617 1200 5672 qua
1223 5604 1278 5660 lieo
1298 5604 1436 5676 justificati

640 5690 707 5753 grati
730 5704 791 5745 csse
814 5689 958 5757 dommus,
976 5692 1049 5747 velut
1068 5683 1230 5754 contrarium
1251 5697 1323 5765 quod
1342 5698 1434 5755 detes-

642 5794 759 5836 taremur
769 5781 935 5839 subinferens
950 5801 956 5836 :
973 5782 1109 5840 limeiatur
1126 5786 1203 5852 enirn,
1225 5787 1373 5858 inquinare
1388 5790 1436 5845 liei

641 5871 673 5924 rie
687 5871 750 5927 reio
763 5889 838 5943 super
856 5889 956 5933 omnem
974 5875 1127 5946 impietatem
1143 5886 1166 5931 rt
1183 5878 1334 5949 injustitiam
1354 5881 1435 5936 irorni·

675 6113 766 6174 ἰιιῐιιι
776 6121 800 6166 ει
810 6114 836 6166 itt
848 6112 974 6178 siuquluri.
997 6118 1083 6170 allent.
1101 6117 1164 6177 in,a
1183 6122 1359 6183 traanuscriptis.

675 6178 748 6227 1ιιιιιι
767 6191 783 6228 e
802 6170 905 6240 uetgtcts
923 6179 1090 6241 manuscriptis
1112 6182 1237 6240 rrrrrlttunt,
1250 6183 1318 6245 quusi
1339 6181 1433 6246 stipien-

644 6244 765 6361 Wi'ltllfl,
777 6306 800 6353 ei
811 6299 836 6352 in
854 6314 909 6374 qttu.
933 6302 1092 6351 Frnr‘udmttut·
1110 6319 1140 6351 ea
1164 6307 1340 6368 ntaanser'igtts.
1359 6336 1364 6345 ι

667 6364 876 6418 ‘vimaranensis
887 6371 939 6416 atsi,
949 6363 1092 6426 ratpertum,

1115 918 1158 975 DE
1178 917 1312 1003 Sltlttltl
1333 918 1376 973 ET
1396 917 1557 985 tttttttta,
1584 919 1611 975 S.
1633 919 1816 978 ttdcdsttnt

2235 931 2288 987 itt

1496 1049 1555 1084 num
1577 1050 1661 1086 eorum
1682 1036 1726 1104 qni
1743 1037 1869 1090 ueritatem
1890 1035 1915 1090 r‘n
1935 1039 2059 1110 irpustitio
2073 1041 2209 1097 detineant:
2230 1048 2291 1113 quia

1493 1129 1562 1195 quod
1571 1137 1658 1178 notum
1670 1137 1706 1179 est
1720 1125 1777 1192 Dei,
1789 1128 1949 1197 ntaniseatum
1962 1140 1998 1184 cst
2012 1130 2038 1184 t'n
2051 1132 2102 1186 ttttr
2116 1147 2125 1198 ;
2141 1132 2210 1187 Deus
2223 1137 2289 1193 oriae

1494 1216 1544 1269 illis
1557 1216 1736 1285 rnanifertuoit.
1751 1216 1891 1271 Invisibilia
1900 1219 1967 1272 enirn
1977 1221 2042 1291 ejus,
2055 1238 2070 1274 a
2082 1234 2199 1278 creatura
2214 1243 2288 1281 rnrrrr-

1493 1307 1535 1369 di,
1557 1322 1600 1375 per
1621 1323 1650 1361 ea
1671 1308 1809 1377 quaefacta
1834 1318 1908 1375 sunt,
1928 1310 2054 1365 intellecto
2078 1314 2288 1382 conspiciuntur:

1492 1399 1643 1466 serrapiternu
1663 1416 1760 1471 quoque
1781 1401 1857 1454 uirtus
1877 1402 1932 1470 ejrts
1954 1417 1984 1454 ae
2005 1402 2140 1469 divinitae,
2161 1416 2187 1458 ut
2209 1406 2218 1438 ¹
2238 1406 2289 1462 sint

1491 1488 1673 1542 increrrmbiles
1693 1491 1775 1560 :quio
1794 1500 1969 1560 roqrroaceutea
1983 1490 2074 1559 Deum,
2096 1510 2147 1549 aon
2163 1505 2191 1548 ut
2206 1494 2289 1551 Deum

1492 1580 1712 1649 glorificatorum,
1728 1591 1770 1634 out
1783 1584 1879 1652 gratioe
1896 1593 2000 1654 eperunt
2012 1626 2020 1650 ,
2034 1586 2079 1639 sed
2091 1598 2248 1641 monument
2262 1590 2289 1643 iri

1492 1671 1683 1741 cogitationibus
1709 1671 1777 1736 suis,
1802 1683 1825 1725 et
1846 1665 2009 1727 oiscrtraturn
2034 1686 2071 1731 eat
2097 1677 2221 1748 insipiens
2244 1696 2289 1735 eor

1492 1776 1599 1815 eorum:
1616 1761 1724 1816 dieentes
1740 1778 1767 1817 ae
1784 1779 1838 1817 esse
1855 1764 1997 1835 sapientes,
2009 1765 2079 1820 stuiti
2101 1768 2164 1839 [aeti
2180 1780 2250 1836 aunt,
2266 1780 2289 1824 et

1492 1863 1646 1909 nrutuoerunt
1658 1855 1766 1926 glorium
1781 1856 1978 1926 incorruptibilia
1996 1856 2043 1912 bet
2055 1860 2081 1913 in
2094 1842 2289 1918 simulitudlaorr

1491 1944 1608 2016 imaginis
1623 1929 1791 2015 corruptibilis
1801 1946 1921 2013 bortrinis,
1935 1958 1958 2002 et
1972 1949 2111 2013 uolucrum,
2132 1962 2156 2006 et
2170 1954 2287 2021 quadru-

1492 2035 1593 2104 pedum,
1607 2045 1629 2089 ει
1642 2037 1794 2106 serpentium
1809 2036 1896 2110 (llam.
1907 2054 1926 2104 t,
1943 2039 2049 2108 tias).
2074 2041 2139 2097 l'ide
2152 2044 2285 2113 quemad·

1492 2124 1598 2180 modum
1619 2139 1673 2179 non
1691 2140 1739 2181 eos
1762 2125 1858 2181 dixerit
1868 2129 1988 2183 ueritatis
2008 2130 2126 2201 ignaros,
2146 2133 2194 2188 sed
2214 2134 2287 2204 quod

1491 2216 1628 2270 ueritatem
1639 2217 1664 2270 in
1675 2216 1813 2287 iniquitate
1822 2218 1994 2276 detinuerint.
2011 2222 2078 2289 Quia
2092 2226 2173 2279 rnro¹
2186 2241 2285 2281 occur·

1491 2308 1567 2361 rebat
1588 2308 1687 2373 animo,
1703 2317 1733 2363 ut
1746 2321 1911 2380 quaereretur
1926 2312 1996 2368 urrde
2009 2313 2064 2368 illis
2084 2329 2146 2371 esse
2168 2319 2287 2385 potuerit

1490 2398 1605 2467 cognitio
1625 2398 1754 2463 ucritmis,
1766 2399 1864 2470 quibus
1887 2401 1956 2457 Deus
1977 2402 2065 2472 legem
2080 2419 2133 2459 non
2154 2406 2284 2472 dederat;

1491 2502 1578 2557 neque
1591 2485 1642 2542 hoe
1653 2488 1735 2543 tacuit
1747 2489 1819 2545 unde
1831 2488 1931 2547 habere
1945 2493 2098 2561 potuerint:
2112 2509 2161 2564 per
2170 2496 2285 2553 risibilia

1491 2594 1605 2648 tranique
1618 2590 1747 2635 creature
1762 2581 1916 2649 peruenisse
1931 2598 1978 2638 eos
1996 2582 2063 2640 dixit
2079 2584 2112 2640 ad
2129 2587 2294 2658 intelligen-

1491 2671 1553 2723 tiam
1577 2670 1747 2725 invisibilium
1762 2671 1923 2729 Creatoris⁸.
1945 2672 2076 2741 Quoniam
2090 2692 2197 2744 revera,
2214 2681 2285 2733 sicut

1491 2780 1584 2833 rrrngua
1606 2765 1728 2835 ‘ingenia
1753 2781 1874 2835 quarere
1895 2769 2078 2837 perstiterunt,
2102 2770 2143 2825 sic
2164 2770 2285 2828 bercaire

1490 2863 1642 2924 potuerunt.
1668 2856 1717 2911 llbl
1740 2872 1806 2927 crgo
1827 2858 1968 2927 irnpictasl
1993 2858 2059 2925 Quia
2081 2859 2208 2917 uidelicet
2226 2880 2284 2916 rum

1489 2949 1660 3018 cognovissent
1683 2946 1774 3013 Deum,
1794 2965 1844 3004 non
1869 2951 1932 3004 sicut
1959 2949 2041 3005 dieunt
2066 2953 2283 3023 glorificaverunt,

1488 3048 1531 3093 aut
1552 3040 1647 3110 gratias
1668 3049 1781 3110 eperunt,
1799 3040 1844 3095 aed
1868 3052 2023 3096 evanuerunt
2043 3044 2069 3097 in
2089 3044 2285 3115 capitationibus

1489 3131 1550 3187 stris.
1562 3130 1661 3186 Eorum
1673 3131 1780 3201 proprie
1790 3133 1893 3188 vanitas
1905 3134 2016 3188 morbus
2026 3144 2077 3202 est,
2087 3135 2151 3206 qui¹
2165 3151 2195 3191 se
2208 3136 2283 3205 ipsos

1488 3218 1629 3288 seducunt,
1645 3219 1709 3275 dum
1731 3219 1854 3276 videntur
1874 3222 1924 3277 sibi
1938 3223 2037 3293 aliquid
2056 3238 2117 3279 csse
2129 3239 2192 3280 cum
2215 3226 2283 3284 nihi.

1488 3312 1541 3367 sint
1557 3310 1655 3384 (Galat.
1675 3327 1714 3379 tr,
1735 3312 1773 3383 5).
1801 3314 1921 3384 lienique
1944 3314 1995 3371 lroe
2020 3325 2125 3371 tumore
2148 3317 2283 3386 superbie

1489 3418 1548 3459 sese
1573 3403 1773 3467 obumbrantes,
1789 3404 1865 3474 cujus
1885 3404 1981 3474 pedem
1996 3405 2047 3461 sibi
2062 3422 2114 3460 non
2129 3408 2222 3462 uenire
2237 3407 2280 3463 de

1490 3504 1611 3564 precatur
1624 3504 1730 3550 stractus
1743 3496 1786 3550 ille
1799 3496 1919 3562 cttttl0r⁸,
1929 3498 1973 3567 qui
1986 3496 2067 3563 dixit,
2082 3496 2115 3551 ln
2128 3499 2224 3553 iumine
2237 3508 2282 3553 trra

1488 3586 1624 3641 tidedintus
1639 3586 1722 3640 lernen
1738 3585 1828 3654 (Pani.
1846 3602 1929 3651 xtra,
1952 3588 1997 3653 li,
2014 3588 2076 3660 ib),
2102 3588 2137 3643 ab
2157 3591 2216 3659 ipso
2239 3589 2282 3643 lu·

1489 3679 1560 3733 ntinc
1582 3678 1808 3732 incommutabilis
1822 3679 1941 3732 ueritatis
1956 3681 2045 3735 auersi
2064 3689 2136 3746 suun,
2152 3690 2176 3734 et
2189 3679 2282 3734 eircu-

1487 3779 1571 3823 ralurn
1591 3777 1629 3823 eat
1651 3768 1772 3838 insipiens
1796 3786 1840 3822 cor
1864 3786 1960 3824 eortina.
1992 3769 2050 3825 Non
2074 3770 2145 3825 enirn
2175 3772 2282 3840 sapiens

1487 3876 1544 3924 cor,
1557 3860 1678 3931 quamuis
1691 3861 1877 3930 cognovissent
1896 3862 1997 3925 bouum
2014 3862 2062 3917 sed
2085 3862 2214 3932 insipiens
2235 3878 2282 3932 po-

1488 3953 1551 4015 tius,
1563 3951 1624 4022 quia
1639 3966 1692 4005 non
1707 3951 1776 4004 sicut
1790 3951 1872 4005 lieurn
1886 3951 2111 4020 glorificaverunt,
2122 3962 2168 4005 aut
2181 3953 2280 4022 gratias

1487 4049 1609 4111 egerunt.
1625 4039 1698 4094 llicit
1709 4040 1781 4095 enirn
1797 4041 1904 4104 irorrrini,
1921 4040 1985 4095 Ecce
1998 4042 2078 4112 pietus
2087 4052 2123 4096 eet
2135 4042 2281 4110 sopienda.

1488 4147 1520 4188 ac
1534 4147 1582 4202 pcr
1594 4133 1645 4188 boc
1665 4132 1774 4188 dicentes
1788 4149 1815 4188 se
1828 4149 1880 4188 esse
1892 4133 2029 4204 aopiemer,
2045 4134 2116 4204 quod
2130 4150 2183 4189 non
2204 4135 2279 4189 aliter

1489 4225 1687 4296 intelligendum
1709 4233 1760 4291 est,
1782 4225 1844 4292 nisi,
1868 4225 1918 4281 boc
1938 4226 2026 4296 ipsum
2048 4227 2098 4282 sibi
2122 4226 2281 4290 tribuentes,

1487 4319 1558 4373 atrrlti
1573 4319 1634 4388 torti
1646 4327 1714 4374 sunt.

1523 4410 1568 4465 20.
1584 4410 1641 4467 iam
1657 4425 1717 4480 quae
1731 4419 1880 4482 sequuntur
1894 4410 1957 4480 quid
1968 4426 2034 4481 opus
2049 4419 2089 4467 est
2103 4411 2213 4468 dicerel
2231 4412 2284 4469 l‘er

1489 4502 1558 4557 banc
1576 4503 1675 4573 qnippe
1696 4503 1861 4572 impietatem
1877 4503 1914 4558 illi
1937 4502 2070 4568 homines,
2090 4504 2138 4572 illi,
2160 4504 2283 4574 inquam,

1488 4595 1611 4651 bomines
1621 4595 1666 4665 qui
1682 4610 1729 4664 per
1739 4603 1887 4650 creaturam
1896 4595 2048 4652 Creatorem
2059 4610 2224 4666 cognoscere
2236 4611 2284 4666 po·

1490 4694 1606 4749 luerunt,
1626 4701 1680 4755 quo
1706 4685 1833 4755 prolapsi,
1855 4701 1916 4741 cum
1942 4687 2013 4741 Deus
2035 4688 2157 4756 superbis
2183 4687 2285 4741 resistit

1489 4778 1591 4850 (iacobi
1601 4794 1638 4845 rr,
1654 4776 1693 4849 6),
1706 4789 1785 4849 atquo
1800 4779 1844 4834 ubi
1858 4777 1973 4834 ricrrrersi
1985 4780 2064 4843 sint',
2082 4779 2178 4834 melius
2199 4779 2284 4848 ipsius

1490 4870 1616 4941 Epistolao
1630 4869 1819 4940 consequentia
1838 4869 1946 4937 docent,
1960 4885 2040 4940 quarn
2062 4869 2104 4925 bic
2118 4884 2283 4925 commemo·

1489 4962 1579 5016 ratur·
1597 4960 1712 5016 anobis.
1729 4959 1822 5030 Neque
1835 4960 1906 5015 euim
1922 4961 1974 5015 isto
1988 4975 2070 5030 opero
2090 4959 2159 5016 hana
2174 4961 2284 5031 Epistm

1490 5055 1541 5107 lam
1556 5051 1741 5123 exponendam
1757 5050 1935 5121 suscepimus,
1946 5051 1994 5107 sed
2007 5052 2066 5122 ejus
2080 5053 2198 5108 maxime
2211 5055 2286 5109 testi·

1490 5145 1579 5201 retortio
1593 5145 1778 5200 demonstrare
1790 5152 1918 5213 quantum
1940 5158 2082 5213 possumus
2095 5145 2217 5210 nitimur,
2231 5164 2286 5203 rum

1490 5239 1516 5292 iu
1531 5251 1564 5293 co
1578 5251 1628 5291 nas
1642 5235 1768 5291 diuinitus
1781 5235 1902 5305 adjurari
1920 5235 1954 5290 ad
1966 5235 2128 5305 operandam
2140 5237 2285 5307 justitiam,

1489 5327 1560 5398 qrrnrl
1573 5326 1659 5397 legem
1669 5326 1740 5381 Deus
1751 5324 1826 5380 dedit
1840 5327 1945 5395 plenam
1960 5325 2037 5380 bonis
2049 5327 2204 5398 sanctisque
2218 5344 2287 5398 prae·

1489 5420 1590 5487 ceptis;
1605 5416 1652 5472 sed
1666 5417 1737 5486 quod
1751 5416 1807 5485 ipsa
1821 5416 1945 5471 uoluntas
1960 5425 2061 5483 nostra,
2076 5417 2135 5472 sine
2149 5432 2203 5488 qua
2219 5432 2285 5488 ope-

1490 5509 1543 5562 rari
1568 5508 1668 5563 bonum
1690 5521 1742 5562 non
1768 5521 1928 5576 possumus,
1953 5505 2094 5578 adjuretur
2119 5515 2147 5563 et
2168 5511 2285 5580 erigatur

1490 5600 1625 5670 impartito
1638 5599 1735 5670 spiritu
1757 5600 1861 5669 gratita,
1876 5599 2003 5669 sineque
2017 5600 2150 5670 adjutorio
2163 5600 2285 5655 doctriua

1490 5692 1534 5746 illa
1553 5691 1697 5746 littera-est
1714 5690 1851 5755 occidens,
1864 5691 1926 5760 quia
1942 5706 2002 5746 reos
2017 5693 2105 5761 potins
2124 5694 2286 5764 prevarica-

1522 5874 2107 5937 ¹rntn,itaut.tbert,ita,auss.eragraeoo.

1522 5937 1609 5998 ’taliti
1638 5934 1678 5987 uio
1688 5937 1839 5996 occurrebat,
1848 5939 1937 5988 muissa
1950 5938 2074 6000 particula,
2087 5950 2151 5989 uero.

1522 5998 1595 6049 ⁸scla
1638 5997 2021 6057 ‘dotov.,iruisiiiiiet·reutoris.

1522 6062 1533 6090 ⁴
1545 6069 1570 6110 tn
1581 6068 1645 6119 ιιεε..
1656 6064 1692 6110 u'c
1702 6073 1799 6124 nuqua.

1521 6124 1531 6154 ι
1544 6129 1608 6179 tor..
1621 6134 1675 6185 quo.
1689 6130 1739 6171 tm.
1753 6131 1779 6173 et
1790 6131 1838 6182 er,
1851 6123 1907 6186 quin
1921 6136 1929 6174 :
1942 6126 2022 6175 nrinns
2033 6124 2108 6172 bene

1521 6184 1531 6213 ⁴
1543 6193 1631 6232 tamnes
1642 6190 1706 6240 uss,
1719 6191 1835 6234 trrntotor.

1522 6246 1620 6314 τ,ιέειιι
1633 6259 1719 6294 ιιιιιιιιϊ
1732 6255 1794 6303 uss,
1817 6254 1886 6305 atquc
1907 6247 2076 6306 niidemcrai,
2102 6248 2197 6307 nultra,
2220 6258 2285 6306 etc.;

1490 6318 1587 6360 ontrsstr,
1598 6312 1653 6355 srttl.

1522 6369 1533 6402 ⁸
1545 6372 1569 6420 ta
1582 6374 1643 6429 lass,
1657 6379 1878 6422 conmemorat-tar.
