5592 7350
638 940 689 997 ate

638 1056 776 1127 justitieari
800 1055 934 1110 iroutiuem
965 1056 1105 1126 preceptis
1131 1057 1208 1111 boue
1223 1057 1283 1110 vitae
1308 1056 1358 1111 uisi
1384 1070 1430 1124 per

639 1147 717 1202 fidem
733 1147 795 1204 iesu
810 1146 924 1211 Christi,
938 1147 988 1201 hoe
1002 1156 1060 1212 est,
1077 1163 1129 1202 nou
1152 1148 1211 1218 lege
1233 1152 1360 1217 operum,
1382 1146 1430 1201 sed

639 1237 698 1293 iidcr
712 1256 718 1303 ;
737 1254 788 1293 nou
804 1239 890 1294 littera
902 1281 909 1305 ,
921 1238 968 1294 sed
980 1239 1073 1309 spiritu
1084 1256 1091 1304 3
1104 1254 1157 1293 uou
1171 1240 1299 1293 laetorum
1315 1238 1428 1303 nteritis,

639 1329 685 1385 sed
701 1337 813 1399 grututta
829 1329 923 1398 gratia.

674 1420 786 1476 CM‘UT
813 1419 929 1475 ΚΝ.-
954 1420 999 1475 et.
1027 1418 1170 1491 Decuiopua
1193 1435 1291 1488 quoque
1325 1417 1428 1483 occidit,

638 1514 689 1568 triti
702 1513 768 1567 adsit
779 1514 871 1585 pratia.
885 1514 1012 1580 Quamvis
1023 1513 1122 1583 itaque,
1137 1512 1197 1568 ilios
1209 1510 1304 1582 quibus
1315 1511 1431 1567 circum·

639 1604 704 1659 cisio
720 1604 936 1673 persuadebatur,
953 1606 986 1658 itt
1000 1606 1136 1675 corripere
1150 1611 1230 1673 atque
1242 1604 1377 1672 corrigere
1391 1602 1432 1656 vi·

640 1695 735 1749 deutur
749 1695 892 1765 Apostolus
904 1738 911 1762 ,
925 1704 953 1750 ut
964 1695 1029 1765 legis
1051 1695 1159 1750 nominc
1173 1693 1294 1749 eamdem
1316 1693 1431 1748 circum-

640 1785 767 1840 cisionem
783 1788 907 1856 appellet.
922 1794 1087 1855 caeterasque
1110 1784 1241 1855 ejusmodi
1258 1786 1323 1855 legis
1336 1784 1432 1839 obser·

640 1876 775 1940 vationes,
800 1891 865 1945 qtras
890 1886 1014 1947 tauquam
1042 1876 1150 1931 umbras
1177 1875 1259 1931 iuturi
1278 1875 1333 1946 jam
1361 1890 1432 1929 nunc

640 1976 770 2037 respuunt
783 1967 923 2021 Christiani
938 2009 944 2032 ,
970 1968 995 2023 id
1012 1976 1134 2022 tenentes
1148 1966 1218 2036 quod
1240 1967 1356 2036 perillus
1370 1981 1430 2021 utn-

575 2048 580 2059 '
640 2059 702 2113 bras
725 2059 834 2129 ligurate
858 2059 1081 2129 promittebatur:
1098 2069 1186 2113 tauteu
1214 2058 1299 2129 legem
1326 2073 1358 2114 cx
1383 2073 1434 2129 qun

641 2150 774 2205 neminem
788 2150 1015 2219 dicitiustihcnri,
1030 2166 1082 2205 uon
1106 2160 1206 2204 tuntum
1230 2150 1255 2204 iu
1276 2150 1328 2204 iliis
1343 2164 1434 2203 sacra-

642 2241 740 2295 nteutis
763 2256 822 2311 que
847 2240 996 2296 babuerunt
1020 2241 1194 2310 promissivas
1216 2239 1325 2310 ligurus,
1343 2254 1434 2293 rerum

642 2333 723 2387 etium
736 2334 827 2389 inillis
844 2334 969 2404 operibus
979 2334 1035 2389 vuit
1048 2333 1170 2403 intelligi,
1184 2347 1242 2402 que
1257 2331 1378 2401 quisquis
1394 2330 1433 2384 ie·

642 2425 719 2491 eterit,
730 2427 800 2493 iuste
819 2425 881 2479 visit
897 2443 903 2479 ι
918 2425 962 2480 ubi
985 2434 1028 2483 est
1048 2433 1075 2480 et
1088 2422 1168 2489 iliud,
1190 2422 1249 2476 Non
1264 2422 1434 2490 concupiscet.

643 2518 730 2583 llupre
744 2524 771 2569 ut
786 2515 837 2571 boe
850 2515 918 2585 pund
930 2515 1042 2570 dicimus
1054 2515 1099 2569 liat
1116 2513 1236 2585 planius,
1250 2511 1336 2582 ipsum
1352 2512 1436 2566 licca-

643 2610 733 2680 logtun
751 2611 896 2667 videamus.
921 2611 999 2667 Certe
1023 2612 1094 2667 cuim
1119 2611 1205 2682 legem
1232 2609 1337 2680 bioyses
1359 2607 1437 2663 mini·

643 2703 779 2759 strandum
794 2703 892 2775 populo
906 2703 1009 2774 accepit
1022 2703 1047 2757 iu
1061 2712 1166 2767 monte,
1178 2702 1303 2771 scriptam
1319 2701 1345 2754 in
1367 2698 1435 2769 larpi·

644 2796 702 2850 dois
718 2796 813 2851 tabulis
834 2796 916 2867 digito
940 2796 985 2851 bei
1001 2812 1006 2848 :
1020 2796 1077 2850 hare
1099 2794 1193 2850 decem
1211 2794 1351 2864 praeceptis
1371 2807 1437 2847 con·

644 2887 782 2956 stringitur
793 2885 890 2954 (Eroti.
913 2903 987 2955 attur,
1014 2886 1064 2952 i8;
1086 2885 1164 2940 Dent.
1178 2901 1217 2950 tx,
1239 2885 1282 2949 tu,
1303 2894 1326 2939 et
1350 2883 1436 2938 Eroti.

644 2976 712 3046 xx),
724 2977 768 3031 ubi
783 2976 847 3031 rtibii
862 2977 895 3031 tie
907 2978 1109 3033 circumcisione
1124 2976 1277 3032 mandatum
1292 2984 1350 3044 est,
1367 2975 1433 3030 nibil

645 3065 679 3120 de
691 3065 804 3122 victimis
824 3081 969 3137 pecorum,
992 3083 1051 3139 qum
1078 3080 1148 3122 nuuc
1169 3080 1183 3119 a
1208 3065 1365 3121 Ciuistianis
1384 3080 1437 3120 nun

645 3159 826 3237 immolantur.
841 3159 870 3215 lu
891 3160 942 3215 illis
956 3159 1035 3230 igitur
1048 3158 1141 3215 decem
1158 3156 1314 3227 preceptis,
1325 3166 1437 3227 excepta

645 3251 747 3307 sabbati
774 3252 969 3317 observatione,
983 3249 1086 3305 dicatur
1101 3248 1165 3303 milri
1176 3248 1237 3318 quid
1253 3263 1305 3302 nou
1332 3248 1367 3302 sit
1388 3247 1437 3302 ob·

645 3343 831 3398 servanduma
846 3343 1000 3408 christiano,
1015 3341 1071 3396 sivo
1089 3341 1121 3396 de
1142 3356 1193 3394 uon
1206 3338 1334 3395 iaciendis
1348 3338 1439 3394 colen-

645 3433 740 3503 disque
755 3433 833 3490 idolis
856 3433 969 3504 aliisque
984 3433 1044 3487 ullis
1064 3431 1115 3486 diis
1131 3441 1227 3501 preter
1247 3447 1328 3485 unum
1345 3446 1437 3486 verum

646 3525 739 3590 Deum,
751 3526 809 3580 sive
823 3525 854 3580 de
870 3540 922 3579 nou
936 3523 1091 3592 accipiendo
1102 3522 1209 3577 nomino
1227 3522 1272 3577 liei
1287 3523 1312 3575 iu
1328 3537 1436 3586 vanum,

646 3617 702 3669 siro
720 3614 754 3669 de
776 3614 878 3669 bnunre
900 3613 1052 3684 parantibus
1067 3611 1231 3679 deserendo,
1256 3613 1313 3667 sive
1334 3613 1367 3667 dc
1390 3626 1438 3666 ca-

646 3708 741 3763 vendis
772 3706 1011 3772 fornicationibus,
1044 3705 1211 3769 homicidiis,
1234 3704 1330 3769 iuriis,
1364 3704 1439 3760 ialsis

646 3801 824 3869 testimoniis,
847 3801 1000 3867 adulteriis,
1023 3816 1053 3856 re
1075 3799 1164 3855 aliene
1191 3799 1402 3869 concupiscenda
1418 3801 1436 3850 ¹.

589 3965 592 3970 Ι
647 3894 714 3963 Quid
728 3894 822 3949 lrorum
833 3894 972 3965 qttisuuam
986 3892 1083 3949 dixerit
1092 3892 1265 3948 cbristianunt
1276 3891 1438 3947 nondebere

647 3985 774 4041 curtare?
788 3989 828 4040 lln
840 3984 909 4040 iorte
925 4000 976 4039 uou
997 3986 1074 4038 istam
1089 3983 1172 4054 legem
1187 3998 1247 4052 quse
1262 3984 1288 4037 in
1305 3983 1356 4038 iliis
1371 3982 1437 4058 dua·

647 4076 697 4130 hus
708 4076 804 4132 tabulis
822 4077 919 4145 scripta
934 4084 991 4140 est,
1009 4075 1124 4129 litteram
1146 4075 1310 4129 occidentem
1324 4074 1440 4144 appellnt

647 4169 808 4237 hpostnlus,
825 4169 871 4224 sed
888 4168 958 4222 illam
978 4166 1188 4222 circumcisionis
1212 4166 1377 4236 aliorumque
1392 4182 1438 4220 ve-

647 4269 733 4315 terum
742 4259 851 4331 jamque
864 4259 1023 4314 abolitorum
1037 4257 1285 4312 sacramentorum?
1299 4256 1351 4312 Sed
1373 4270 1440 4326 quo-

648 4351 728 4406 modo
747 4351 907 4421 putabimus,
932 4365 992 4405 curu
1013 4349 1142 4412 incasit,
1170 4346 1231 4402 Nou
1255 4348 1439 4416 concupiscet:

648 4457 692 4509 per
704 4439 774 4510 quod
788 4441 943 4506 irruudntunt,
957 4438 1078 4510 quamvis
1090 4447 1204 4493 rouretum
1215 4450 1237 4492 et
1246 4436 1345 4508 justum
1359 4448 1382 4492 et
1395 4438 1440 4491 bo·

647 4552 718 4601 utrm,
735 4534 824 4605 fefellit
838 4551 886 4601 rue,
898 4535 993 4602 iuquit,
1007 4540 1146 4602 pareutum,
1158 4541 1182 4586 et
1192 4548 1238 4604 per
1255 4530 1321 4585 tttnd
1331 4531 1441 4584 eccidit?

647 4626 715 4695 Quid
728 4626 799 4681 euim
814 4625 884 4681 aliud
898 4634 950 4693 est,
964 4624 1058 4679 Littera
1069 4624 1179 4678 occidit?

604 4737 606 4742 ·
682 4720 726 4774 ii.
741 4718 865 4787 Qumuvis
879 4718 1026 4773 evidentius
1041 4732 1073 4771 cn
1089 4718 1146 4787 ipso
1156 4716 1215 4771 loco
1226 4717 1258 4770 ad
1271 4715 1435 4775 Corinthios.

647 4810 691 4864 ubi
707 4811 754 4876 uit,
777 4809 871 4864 Littera
895 4810 994 4873 occidit,
1013 4808 1116 4877 spiritur
1135 4817 1218 4860 nutent
1239 4805 1366 4875 vivificum·
1387 4822 1439 4859 nou

647 4899 726 4955 aliam
740 4899 804 4953 reiit
818 4898 926 4968 intelligi
942 4898 1067 4962 litteram,
1079 4912 1158 4967 quam
1173 4897 1259 4966 ipsum
1276 4896 1437 4964 liccalogunr

648 4989 674 5042 iu
688 4989 739 5041 iilis
753 4988 854 5044 duabus
869 4988 965 5042 tabulis
978 4987 1168 5056 scriptum.Sie
1178 4987 1249 5045 enirn
1257 4985 1321 5041 dicit
1333 5003 1354 5039 :t
1366 4985 1440 5053 Quo-

648 5080 720 5134 uiam
744 5079 808 5133 estis
830 5078 940 5147 epistola
954 5075 1051 5132 Christi
1067 5078 1217 5132 ministrata
1235 5092 1283 5146 per
1297 5091 1355 5142 nos,
1371 5078 1439 5130 seri·

647 5181 690 5241 pta
702 5185 754 5225 nou
768 5177 926 5234 atramento,
935 5168 981 5223 scd
995 5168 1088 5239 spiritu
1104 5168 1149 5222 bei
1159 5167 1226 5232 rivi;
1238 5182 1290 5222 nou
1299 5167 1326 5223 iu
1340 5166 1437 5222 tabuiis

647 5262 767 5334 lapideis,
777 5259 823 5316 sed
835 5236 861 5315 tia
874 5259 1062 5315 tabuliseordis
1073 5257 1234 5314 carnalibus.
1243 5257 1437 5313 Corrhdeutiaut

575 5348 581 5356 ’
646 5365 734 5410 nutem
750 5355 829 5410 talem
852 5351 981 5407 habentus
996 5366 1042 5420 per
1064 5348 1197 5404 Christum
1219 5348 1251 5404 ad
1274 5348 1371 5413 licum,
1388 5364 1440 5403 nou

647 5448 708 5518 quia
723 5445 811 5502 idonei
833 5444 917 5498 simus
937 5443 1055 5514 cogitare
1075 5440 1173 5512 aliquid
1192 5456 1207 5496 u
1228 5441 1305 5495 uobis
1318 5441 1392 5511 quusi
1409 5456 1440 5493 ex

647 5538 861 5611 uobismetipsis;
875 5537 922 5593 sed
937 5536 1096 5592 sufficientia
1111 5545 1202 5590 nostra
1217 5552 1248 5590 et
1264 5535 1318 5591 lieo
1332 5543 1382 5601 est,
1396 5535 1440 5605 qui

649 5633 760 5688 idoneos
773 5647 823 5688 nos
838 5630 900 5686 iecit
910 5629 1046 5684 ministros
1061 5626 1125 5682 Novi
1135 5626 1316 5683 Testamenti.
1332 5640 1383 5679 unu
1398 5624 1443 5678 lit-

648 5731 723 5789 terae,
739 5722 787 5779 sed
802 5722 912 5794 spiritus
922 5722 944 5773 ³.
958 5719 1057 5775 Littera
1070 5719 1142 5773 euim
1156 5714 1264 5779 oceidit,
1281 5715 1442 5783 spiritusau-

649 5822 701 5870 tem
714 5814 838 5869 viviiieat.
855 5814 883 5869 Si
905 5823 993 5869 autem
1014 5809 1174 5868 ministratio
1197 5807 1291 5862 mortis
1306 5807 1330 5859 iu
1347 5805 1442 5860 litteris

651 5905 761 5975 ugeram
777 5906 803 5960 iu
817 5904 950 5975 lapidibus
962 5902 1011 5957 luit
1024 5901 1142 5972 ingloria
1154 5941 1161 5962 ,
1176 5899 1211 5953 itu
1226 5908 1255 5951 ut
1266 5911 1318 5950 nou
1334 5904 1442 5964 pussant

650 5996 788 6051 intendere
801 5997 845 6050 lviii
858 5995 938 6050 israel
955 5996 981 6048 in
994 5994 1086 6048 iuciem
1099 5991 1193 6064 hinysi,
1208 5999 1315 6060 propter
1330 5989 1441 6058 ghuiaut

649 6088 741 6142 ruilus
754 6087 811 6158 ejus
832 6105 891 6157 qum
913 6097 1072 6150 ct'ncuatut··‚
1087 6100 1169 6154 ‹ptare
1184 6100 1235 6137 uun
1258 6083 1341 6151 tnagis
1365 6080 1442 6133 utitu-

680 6224 688 6255 ¹
702 6228 762 6270 Tres
772 6218 874 6268 t'atimui
887 6225 949 6276 ttss,
962 6231 988 6266 re
1000 6215 1048 6266 olio
1059 6228 1105 6264 trun
1114 6211 1311 6274 eottrupisrenriu.
1381 6274 1383 6279 .

680 6287 690 6316 ¹
701 6285 737 6333 sic
748 6281 902 6340 manuscripti
915 6281 1024 6342 atttritiro
1036 6291 1100 6327 cusu.
1118 6278 1186 6337 juxta
1204 6287 1316 6335 gracum,
1328 6273 1385 6320 l'tiitt
1401 6287 1441 6318 au-

643 6356 698 6394 tum
709 6345 756 6395 tric.
777 6355 824 6391 utut
842 6339 929 6397 littero,
939 6341 981 6390 scri
993 6340 1079 6402 spiritu
1089 6353 1096 6397 ;
1108 6340 1149 6399 tpti
1163 6347 1242 6386 tanrcu
1262 6337 1335 6404 iul'ra,
1349 6348 1388 6380 un.
1403 6335 1442 6389 fut,

627 6405 667 6456 «ih
680 6417 742 6454 cvm
747 6403 861 6462 aruqrns
869 6402 995 6452 calicibus
1008 6409 1032 6451 et
1045 6414 1100 6451 ctuu
1106 6411 1191 6460 grace-‘t
1203 6403 1364 6447 cottscuttttul.

1113 942 1157 996 bb
1176 939 1309 998 sttttttb
1331 939 1373 997 ΕΤ
1393 939 1553 1007 Lttteut,
1572 942 1600 998 S.
1618 941 1800 1000 ttbcttstm'l
2223 943 2275 1002 ’216

1486 1062 1579 1108 sittttiu
1600 1057 1709 1125 spiritus
1731 1059 1781 1112 erit
1794 1059 1820 1113 iu
1841 1058 1945 1128 gioria?
1970 1058 1997 1114 Si
2017 1057 2088 1113 euim
2113 1060 2275 1118 ministratio

1484 1144 1661 1202 damnationis
1689 1150 1771 1217 gloria
1797 1150 1880 1213 est¹,
1909 1150 1992 1203 multo
2021 1149 2104 1219 magis
2129 1150 2275 1212 abundabit

1485 1236 1660 1290 ministerium
1681 1237 1792 1307 justitie
1816 1239 1842 1292 in
1865 1238 1971 1308 gioria»
1999 1239 2030 1312 (li
2054 1240 2113 1294 Cor.
2139 1257 2178 1305 m,
2202 1241 2274 1312 9-9).

1485 1325 1540 1380 Dici
1554 1326 1588 1381 de
1601 1328 1643 1383 bis
1653 1328 1741 1384 verbis
1751 1330 1832 1384 muita
1847 1341 1957 1400 possunt
1966 1333 1987 1398 ⁸,
2001 1332 2046 1386 sed
2060 1339 2152 1402 postea
2164 1333 2277 1390 int-tasse

1484 1419 1667 1485 opportunius.
1677 1418 1754 1476 Nunc
1766 1430 1856 1476 autem
1866 1421 1974 1477 adverte
1986 1438 2065 1492 uuam
2075 1423 2147 1479 dicat
2160 1424 2276 1481 litteram

1485 1524 1544 1578 quae
1559 1511 1670 1578 oceidit,
1685 1513 1727 1567 cui
1740 1515 1836 1569 velute
1849 1516 1984 1569 contrario
2003 1514 2180 1571 vivificantem
2200 1518 2279 1587 spiri·

1486 1610 1540 1656 tum
1555 1604 1660 1673 ingerit.
1674 1604 1710 1658 Ea
1721 1617 1794 1661 certe
1806 1614 1848 1661 est
1860 1606 2020 1661 ministratio
2035 1608 2129 1662 urortis
2140 1609 2167 1664 in
2182 1610 2279 1667 litteris

1488 1695 1599 1765 ilgtrrata
1627 1695 1756 1766 lapideis,
1772 1708 1799 1753 et
1821 1700 1982 1755 ministratio
2005 1700 2203 1767 danmatiouis;
2219 1707 2280 1773 unia

1488 1786 1531 1841 lex
1543 1788 1718 1857 subintravit,
1731 1800 1758 1844 ut
1772 1790 1919 1846 abundaret
1942 1792 2078 1847 delictum.
2094 1794 2179 1849 Porro
2190 1806 2280 1851 autem

1489 1880 1689 1947 praeoptatum
1704 1889 1756 1934 taut
1772 1891 1834 1961 suut
1847 1882 1920 1937 utilia
1932 1882 2039 1938 iacicuti
2053 1894 2134 1954 atque
2147 1886 2280 1951 salubria,

1487 1976 1517 2022 ut
1539 1969 1588 2023 nisi
1602 1970 1661 2038 orris
1675 1986 1706 2026 ea
1720 1970 1830 2036 lecerit,
1846 1973 1927 2028 vitam
1940 1973 2040 2030 babere
2061 1992 2113 2030 nou
2128 1978 2226 2047 possit.
2241 1981 2280 2034 Au

1488 2072 1551 2111 vero
1565 2069 1673 2129 propter
1689 2077 1770 2116 uuum
1792 2072 1955 2133 praeceptum
1969 2064 2039 2136 quod
2060 2065 2096 2121 ibi
2112 2066 2147 2122 de
2170 2069 2282 2125 sabbato

1488 2158 1530 2203 est
1553 2152 1686 2219 positum,
1700 2152 1788 2208 dietus
1812 2162 1853 2209 est
1873 2155 2020 2227 becalogus
2033 2156 2122 2213 littera
2138 2160 2280 2226 occiduus,

1488 2243 1613 2310 quouiam
1624 2244 1822 2314 quisquisiliutn
1834 2246 1903 2301 diem
1918 2262 1988 2303 nune
1996 2263 2079 2319 usque
2087 2250 2214 2305 observat
2228 2255 2282 2307 sic·

1489 2344 1516 2387 ut
1529 2335 1614 2389 littera
1629 2348 1720 2400 sonat,
1734 2338 1876 2393 carnaliter
1889 2340 1974 2410 sapit;
1999 2354 2094 2411 sapere
2104 2350 2194 2397 autem
2216 2344 2280 2400 ⁸se-

1489 2426 1604 2481 cuudum
1620 2441 1727 2483 caruem
1736 2445 1808 2485 mors
1820 2442 1861 2486 est
1870 2430 1957 2490 (Rem.
1966 2447 2023 2499 vm,
2035 2430 2073 2498 6);
2088 2442 2115 2488 ιι
2128 2434 2172 2488 iiia
2185 2450 2282 2491 norem

1491 2529 1621 2590 praccepta
1635 2538 1694 2591 quar
1709 2524 1748 2577 sic
1767 2531 1840 2579 recte
1854 2523 2030 2580 observantur
2045 2533 2073 2579 ut
2087 2526 2186 2596 scripta
2200 2538 2280 2594 sunt,

1490 2629 1542 2667 non
1564 2613 1596 2667 ad
1612 2614 1696 2683 legem
1709 2632 1819 2685 operum
1835 2632 1867 2671 ex
1880 2632 1931 2688 qua
1955 2632 2034 2673 nemo
2046 2617 2218 2687 iustihcatur,
2233 2621 2282 2675 sed

1490 2705 1522 2758 ad
1536 2704 1622 2774 legent
1638 2706 1697 2761 hdei
1713 2722 1745 2761 ex
1760 2723 1811 2777 qua
1823 2707 1911 2777 justus
1922 2707 2003 2772 vivit,
2020 2708 2153 2777 pertinere
2167 2710 2282 2778 putanda

1490 2795 1568 2848 sunt?
1581 2795 1645 2862 Quis
1661 2805 1715 2851 tam
1728 2797 1845 2852 absurde
1856 2798 1964 2863 sentiat,
1978 2799 2199 2855 ministrationem
2210 2817 2284 2855 mnr-

1492 2885 1524 2939 tis
1537 2885 1564 2940 in
1578 2886 1672 2941 litteris
1688 2886 1826 2957 figuratam
1842 2887 1965 2958 lapideis,
1980 2904 2032 2944 nou
2043 2889 2095 2945 dici
2111 2905 2143 2945 er
2157 2892 2284 2947 omuiluts

1491 2976 1582 3031 decem
1598 2977 1748 3046 praeceptis,
1762 2977 1809 3033 sed
1824 2994 1857 3033 cx
1873 2993 1927 3034 uuo
1939 2980 1998 3036 solo
2009 2980 2080 3051 uttod
2093 2980 2127 3036 ad
2140 2982 2283 3039 sabbatum

1490 3068 1621 3139 pertinet?
1637 3068 1686 3123 Ubi
1706 3084 1770 3140 ergo
1785 3073 1924 3141 ponimus,
1937 3071 1991 3125 Lex
2008 3073 2072 3126 iram
2091 3085 2229 3145 operatur:
2241 3077 2286 3132 att

1491 3160 1557 3213 euim
1571 3177 1621 3214 uon
1643 3172 1680 3214 est
1706 3160 1746 3215 ier
1757 3202 1764 3224 ,
1777 3179 1821 3216 nce
1847 3164 2021 3232 prevaricatio
2041 3162 2095 3233 (td.
2111 3180 2146 3231 tr,
2161 3165 2207 3233 15)
2220 3184 2227 3220 :
2241 3175 2283 3229 et,

1493 3250 1577 3321 thue
1589 3251 1623 3305 od
1632 3251 1711 3322 teuent
1723 3261 1851 3320 peccatum
1862 3253 1887 3306 iu
1905 3253 2000 3307 arundo
2011 3253 2077 3325 [aiu
2091 3264 2225 3325 peccatum
2238 3272 2285 3310 aar·

1491 3352 1539 3396 tcut
1553 3359 1602 3397 non
1615 3342 1794 3413 deputabatur,
1808 3359 1865 3396 cunr
1880 3342 1921 3397 ies
1940 3359 1991 3398 non
2008 3342 2145 3413 caecilio.
2162 3359 2191 3407 v,
2206 3345 2261 3416 ts)
2277 3361 2284 3398 :

1491 3443 1518 3488 et
1533 3434 1595 3488 iliud
1610 3434 1680 3503 qrrnd
1692 3434 1746 3503 jam
1758 3436 1836 3490 totius
1849 3434 2127 3499 commemoravimus,
2142 3432 2192 3487 Per
2204 3434 2285 3505 lenem

1492 3524 1601 3595 coput'tio
1613 3526 1708 3595 peccati
1719 3524 1774 3596 lid.
1787 3541 1825 3587 ιιι,
1834 3524 1882 3593 ab)
1896 3544 1902 3577 :
1917 3525 2083 3593 maximeque
2096 3524 2162 3578 iilud
2175 3524 2219 3580 ubi
2230 3524 2286 3580 evi·

1491 3615 1597 3670 dontius
1620 3616 1752 3686 expressit
1775 3616 1845 3670 unde
1868 3616 1965 3686 agitur,
1981 3614 2218 3686 Concupiscentimu
2239 3632 2285 3670 nc·

1491 3710 1609 3778 micham,
1624 3712 1671 3764 nisi
1683 3710 1723 3764 ies
1733 3710 1835 3772 diceret,
1853 3709 1880 3763 N
1882 3727 1914 3763 ou
1925 3709 2107 3778 concupisces?

1526 3801 1572 3856 25.
1593 3801 1677 3868 Quem
1705 3809 1789 3857 totum
1812 3802 1899 3856 locutu
1925 3799 2047 3865 attende,
2063 3810 2090 3855 et
2112 3798 2172 3854 vide
2195 3807 2285 3855 utrum

1492 3894 1634 3964 quidquam
1650 3904 1759 3963 propter
1773 3892 2004 3949 circumcisionem
2018 3893 2060 3948 vel
2074 3880 2230 3958 sabbatum,
2243 3893 2286 3949 rel

1495 3982 1558 4053 quid
1571 3983 1641 4039 aliud
1656 3983 1804 4039 umbratilis
1816 3983 1992 4043 sacramenti.
2009 3998 2040 4037 uc
2055 3999 2108 4038 non
2123 3992 2207 4038 totum
2222 3999 2287 4053 pro·

1492 4056 1554 4142 pter
1567 4073 1715 4139 bacchent,
1729 4074 1800 4142 quod
1821 4074 1908 4129 littera
1923 4073 2065 4144 prohibens
2080 4083 2218 4142 peecatum
2232 4091 2286 4128 rrou

1492 4164 1609 4219 attineat
1621 4163 1632 4195 ⁸
1647 4163 1794 4242 bortrinem,
1806 4164 1852 4220 sed
1868 4165 1955 4235 potius
1969 4164 2076 4228 occidit,
2089 4164 2211 4234 augendo
2221 4182 2288 4218 cou-

1492 4256 1701 4326 cupiscentiaut,
1717 4264 1745 4310 et
1768 4255 1933 4324 iniquitatem
1954 4255 2173 4324 prevaricatione
2192 4269 2287 4309 cumu-

1494 4346 1591 4414 lando,
1606 4347 1657 4401 nisi
1672 4347 1767 4401 liberet
1781 4346 1867 4416 gratia
1884 4361 1931 4415 per
1951 4346 2035 4418 legem
2050 4345 2111 4401 lidei
2125 4361 2185 4415 ortae
2205 4354 2246 4401 est
2260 4348 2286 4400 iu

1493 4440 1601 4495 Christo
1622 4438 1703 4503 iesu,
1718 4454 1778 4493 cum
1800 4438 1958 4493 diffunditur
1976 4438 2091 4492 charitas
2112 4437 2138 4490 in
2160 4435 2287 4491 cordibus

1493 4532 1590 4586 nostris
1615 4546 1663 4601 per
1689 4530 1817 4600 Spiritum
1842 4539 1963 4584 sanctum
1990 4529 2034 4598 qui
2055 4527 2132 4581 datus
2153 4526 2287 4581 estuobis

1494 4622 1547 4693 (id.
1572 4639 1598 4690 v,
1614 4622 1653 4694 5).
1669 4620 1734 4676 Cum
1756 4621 1827 4676 cuitu
1852 4621 1980 4686 dixisset,
2001 4638 2010 4670 ι
2031 4618 2064 4674 iil
2088 4618 2236 4672 serviamus
2260 4619 2287 4671 iu

1493 4716 1609 4771 nituitnte
1619 4717 1737 4785 spiritus,
1752 4724 1779 4770 et
1787 4729 1838 4769 unu
1847 4713 1873 4767 iu
1881 4720 2014 4768 vetustate
2026 4711 2120 4765 littere
2128 4725 2135 4762 :
2144 4709 2212 4777 Quid
2223 4724 2287 4779 ergo

1493 4798 2189 4876 tiieemus,rinquiti‹l.erpeccattrmest‘lhbsit:scd
2199 4813 2289 4867 pecca·

1494 4910 1549 4952 tum
1559 4913 1610 4952 uon
1618 4897 1739 4967 cogitavi,
1750 4897 1799 4951 uisi
1809 4910 1856 4965 per
1864 4894 1960 4964 legem.
1971 4890 2035 4946 Nam
2044 4889 2289 4960 concupiscentiam

1494 4977 2289 5052 nesciebam,nisiicxdiccrct‚lioueoucupisces.Occasione

1494 5089 1581 5134 auteur
1593 5087 1709 5148 accepta,
1720 5086 1858 5146 peecatum
1872 5090 1920 5145 per
1934 5073 2085 5128 mandatum
2098 5081 2238 5140 operatum
2247 5076 2290 5125 est

1495 5175 1519 5227 iu
1536 5189 1578 5227 me
1592 5187 1699 5226 omnem
1713 5168 1966 5238 concupiscentiam.
1977 5162 2185 5233 Siueiegeeuim
2196 5176 2291 5230 peoca·

1495 5273 1550 5317 tum
1559 5272 1691 5316 mortuum
1703 5268 1762 5315 crat
1781 5259 1836 5328 Ego
1846 5267 1935 5313 autem
1944 5255 2064 5311 vivebam
2074 5252 2219 5321 aliquando
2231 5253 2290 5306 sine

1495 5357 1562 5424 luge,
1573 5351 1730 5406 adveniente
1741 5358 1828 5404 autem
1838 5348 1962 5402 mandato
1971 5352 2105 5416 peccatum
2118 5342 2222 5397 revixit.
2234 5340 2291 5410 Ego

1495 5455 1582 5500 autem
1596 5453 1717 5498 mortuus
1730 5456 1800 5508 sum,
1816 5449 1843 5495 et
1853 5439 1988 5493 inventum
1998 5444 2039 5490 est
2054 5432 2118 5487 mibi
2133 5433 2289 5485 mandatum

1495 5537 1634 5609 quoderat
1655 5537 1681 5590 iu
1705 5535 1783 5589 vitam
1795 5573 1802 5598 ,
1816 5533 1867 5586 boc
1885 5545 1945 5586 esse
1960 5529 1985 5581 iu
2009 5534 2132 5581 mortem.
2148 5524 2290 5578 Peccatum

1495 5633 1565 5686 euim
1580 5630 1720 5684 occasione
1732 5635 1840 5695 accepta
1855 5639 1903 5693 per
1916 5620 2068 5676 mandatum
2083 5615 2177 5671 icieiiit
2189 5631 2248 5677 me,
2264 5623 2292 5668 et

1496 5741 1543 5794 per
1553 5723 1615 5778 iliud
1625 5720 1731 5776 occidit.
1744 5717 1834 5786 itaque
1845 5717 1886 5770 let
1900 5713 2006 5784 quidem
2022 5718 2124 5773 sancta,
2137 5716 2162 5763 et
2177 5705 2290 5759 manda·

1497 5827 1550 5869 tum
1566 5821 1698 5880 sanetum,
1709 5818 1736 5865 et
1745 5808 1857 5880 justum,
1871 5813 1898 5860 ιι
1909 5805 2019 5859 bonum.
2033 5798 2109 5869 Quod
2118 5814 2182 5868 emo
2191 5797 2289 5851 lautum

1495 5915 1547 5972 est,
1559 5904 1657 5961 laetum
1671 5911 1712 5957 est
1724 5900 1790 5957 mibi
1806 5911 1879 5954 mors
1890 5896 1923 5950 ¹?
1937 5893 2024 5949 Absit.
2039 5891 2092 5947 Sed
2109 5897 2247 5962 peceatum
2263 5892 2291 5939 ut

1528 6075 1779 6149 ¹lov.‚t'tt‚qiort'ttest
2163 6128 2168 6137 .
2251 6139 2257 6146 Ι

1528 6142 1607 6190 ¹milti
1621 6155 1627 6188 z
1643 6139 1697 6190 tuci
1708 6140 1738 6189 tle
1748 6138 1785 6188 itis
1804 6136 1877 6187 nerto
1896 6132 1971 6184 mttito
1993 6134 2097 6194 possam
2116 6125 2202 6176 lucitus
2213 6133 2266 6174 ross
2284 6134 2292 6174 t

1500 6215 1509 6252 ι
1520 6203 1552 6254 iri
1559 6205 1590 6253 rte
1598 6202 1635 6252 ltia
1643 6200 1720 6252 uerbis
1728 6199 1808 6270 muita¹
1816 6205 1920 6263 ροιιιιιιι,

1529 6270 1598 6313 ltin.
1612 6271 1648 6312 t‘r.
1662 6272 1686 6312 ct
1695 6270 1760 6315 tiss..
1770 6273 1841 6311 cuno.

1531 6334 1537 6356 '·
1551 6335 1582 6376 tta
1596 6335 1646 6374 ttss.
1661 6334 1687 6374 ιιι
1699 6325 1766 6379 editi,
1780 6318 1957 6381 rtnrtjrtttt'fitut.
2100 6375 2104 6383 Δ

1529 6389 1538 6422 ⁵
1551 6389 1618 6450 editi,
1631 6389 1694 6452 oranti
1705 6399 1763 6451 eron
1772 6384 1855 6435 ιιιιιιιιι
1868 6388 1901 6434 cat
1914 6381 2011 6446 thanum
2019 6385 2054 6431 eat
2066 6375 2149 6436 stratu),
2157 6374 2248 6436 tactem
2256 6375 2299 6420 rut.
