5592 7350
593 846 641 903 oet
1073 845 1234 911 eetslbta
1256 853 1424 910 enosetittt
1444 856 1489 910 Al)
1509 856 1743 919 aucusittttttt.
2179 872 2232 930 952

592 962 674 1026 uitia,
698 962 740 1018 rel
759 963 791 1019 ad
815 966 925 1021 virtutes
949 982 1076 1034 morere,
1101 983 1180 1038 quern
1193 968 1261 1024 buna
1275 976 1443 1039 appetentem
1463 970 1546 1042 gratia
1567 971 1612 1027 liei
1636 971 1740 1042 loveat,
1763 978 1832 1031 mala
1848 988 1996 1036 sectantem
2010 980 2235 1055 damnatinjusra

589 1054 727 1124 suseipiat.

627 1145 654 1199 5.
676 1145 793 1219 Cumque
817 1149 886 1205 inter
906 1151 964 1206 bne
986 1153 1215 1210 innumerabilium
1232 1154 1285 1211 illis
1306 1154 1447 1211 multitado
1467 1156 1592 1225 objicitur
1605 1162 1799 1230 parvulorum,
1815 1166 1861 1235 qui
1877 1167 1967 1238 utique
1984 1177 2097 1241 excepto
2111 1170 2235 1241 origin..ii

588 1248 710 1309 peccato,
725 1240 775 1295 sub
789 1258 841 1313 qno
854 1260 947 1299 ornnes
969 1244 1090 1300 bomincs
1114 1247 1238 1301 similiter
1260 1249 1286 1303 in
1310 1250 1386 1318 primi
1401 1247 1517 1305 hominis
1528 1250 1699 1310 damnatione
1720 1265 1876 1325 naseuntur,
1900 1259 1989 1314 nullas
2001 1259 2091 1316 adbuc
2103 1260 2236 1317 habentes

591 1330 757 1395 voluntates,
780 1334 867 1389 nullas
880 1337 1000 1405 proprias
1023 1338 1152 1404 actiones,
1178 1355 1230 1394 non
1247 1341 1305 1395 sine
1320 1341 1365 1395 bei
1378 1340 1480 1410 judicio
1504 1353 1696 1411 secernuntor;
1714 1356 1742 1402 ot
1756 1357 1818 1403 ante
1840 1347 2029 1406 discretionem
2043 1351 2109 1407 boni
2124 1367 2156 1409 ac
2170 1350 2233 1407 mali

589 1423 624 1477 de
637 1437 684 1477 usu
702 1424 763 1479 rita
785 1425 861 1481 istius
881 1426 1029 1496 auferendi,
1053 1429 1096 1484 alii
1120 1446 1168 1502 per
1192 1433 1421 1502 regenerationem
1443 1432 1654 1490 intercoelestis
1678 1438 1752 1508 regni
1775 1450 1948 1496 assumantur
1963 1441 2094 1507 lrarcdes,
2111 1443 2156 1497 aiii
2176 1443 2235 1497 sine

590 1514 725 1584 llaptismo
740 1517 809 1572 inter
823 1519 915 1574 mortis
930 1530 1063 1590 perpetue
1080 1531 1216 1578 transeant
1231 1523 1385 1579 debitores:
1407 1524 1475 1579 tales
1495 1525 1571 1579 aiunt
1586 1526 1671 1596 perdi,
1686 1527 1805 1598 talesque
1817 1530 1926 1596 salvari,
1948 1533 2042 1603 quales
2055 1531 2161 1587 loturos
2174 1532 2235 1587 illos

589 1608 617 1661 in
630 1610 707 1664 ornaris
720 1610 883 1680 majoribus,
898 1613 920 1668 si
934 1613 966 1666 ad
980 1618 1092 1668 actlvarn
1106 1625 1277 1670 servarentur
1289 1624 1410 1684 aetatem,
1424 1617 1536 1672 seientia
1548 1617 1637 1672 divina
1652 1619 1813 1689 praeviderit.
1826 1620 1880 1676 blec
1893 1622 2066 1678 considerant
2077 1638 2109 1678 sc
2121 1623 2233 1694 gratiam

592 1700 648 1766 llei,
671 1717 750 1770 qoam
771 1703 916 1770 comitem,
933 1718 985 1758 nou
1002 1705 1125 1775 praevium
1142 1705 1318 1761 bumanorum
1335 1706 1429 1761 volunt
1442 1720 1503 1762 esse
1524 1707 1699 1773 meritorum,
1715 1710 1796 1765 etiam
1821 1711 1873 1765 illis
1893 1711 2076 1767 volrrotatibos
2097 1712 2233 1781 subdere,

588 1808 655 1864 quas
667 1795 701 1850 ab
716 1811 758 1862 ca,
773 1795 919 1851 secundam
931 1810 1006 1850 suam
1019 1798 1196 1867 phantasiam,
1211 1814 1264 1854 nun
1285 1808 1382 1869 negant
1396 1813 1456 1855 esse
1471 1809 1629 1870 praeventas.
1640 1800 1694 1857 Sed
1710 1801 1736 1855 in
1752 1811 1855 1857 tantum
1867 1804 2078 1874 quibuscumque
2094 1819 2236 1860 commen·

589 1886 654 1941 titiis
669 1890 772 1944 meritis
786 1891 942 1948 electionem
964 1893 1010 1949 liei
1030 1892 1190 1963 subjiciant,
1208 1902 1236 1946 ut
1259 1890 1319 1963 quia
1335 1891 1468 1962 praeterita
1483 1908 1535 1947 non
1551 1901 1666 1959 exstant,
1682 1893 1780 1960 lotura,
1795 1910 1854 1967 qum
1869 1911 1922 1951 non
1935 1897 1989 1952 sint
2008 1895 2110 1961 fotura,
2129 1900 2233 1955 oonlbr·

589 1995 663 2052 gant,
681 1997 803 2053 novoque
816 1985 884 2054 aprrd
906 1986 964 2040 illos
976 1985 1146 2039 absurditatis
1157 1999 1265 2055 genere,
1281 1994 1308 2040 et
1331 1998 1384 2039 non
1397 1983 1499 2055 agenda
1515 1986 1636 2055 praescita
1659 1985 1722 2051 sint,
1735 1994 1764 2042 ct
1778 1987 1900 2066 praeciae
1921 2003 1976 2043 non
1997 1998 2056 2044 aeta
2071 1990 2136 2045 sint.
2159 1990 2234 2046 itane

589 2088 654 2126 sanc
666 2072 700 2127 de
714 2075 836 2129 tinnianis
849 2075 951 2130 meritis
963 2076 1156 2144 prescientiam
1170 2074 1228 2141 liei,
1243 2073 1391 2130 secondom
1405 2090 1485 2146 qoanr
1496 2077 1579 2146 gratia
1595 2076 1715 2131 vocantis
1728 2087 1865 2146 operetur,
1881 2078 1967 2134 multo
1979 2079 2030 2135 sibi
2045 2082 2234 2138 rationabilius

590 2163 714 2220 videntur
727 2175 857 2231 astruere,
872 2184 932 2224 cum
947 2170 979 2224 ad
994 2185 1085 2226 earum
1100 2169 1236 2225 nationum
1250 2170 1502 2239 contemplationem
1527 2172 1641 2231 renitor,
1656 2183 1716 2239 qua
1729 2170 1770 2222 vel
1792 2170 1817 2224 in
1834 2171 1975 2239 preteritis
1989 2172 2097 2227 seculis
2110 2173 2232 2228 diruisse

589 2268 651 2312 srrnt
666 2259 767 2330 ingredi
783 2262 838 2316 rias
852 2277 913 2318 saras
931 2262 1004 2335 (Act.
1022 2278 1078 2329 viv,
1094 2262 1151 2329 ts),
1173 2262 1214 2317 vei
1230 2276 1299 2316 urano
1312 2276 1420 2331 qrrnqoe
1431 2260 1520 2316 adbuc
1535 2261 1561 2315 in
1574 2262 1672 2316 veleris
1687 2261 1843 2331 ignorantiae
1856 2263 1993 2332 impietate
2007 2264 2170 2335 depereunt,
2185 2282 2234 2322 nee

589 2354 641 2407 ralla
655 2355 695 2409 eis
708 2365 754 2410 ant
767 2354 845 2427 Legis
859 2367 904 2413 ant
919 2358 1054 2430 Evangelii
1076 2358 1235 2413 illuminatio
1257 2356 1425 2421 coruscarit;
1437 2370 1498 2410 cum
1514 2364 1613 2421 tamen,
1629 2345 1794 2426 inquantum
1810 2358 2030 2427 praedicatoribus
2041 2358 2139 2415 (istium
2154 2376 2233 2430 aper·

589 2453 645 2497 tom
660 2454 701 2499 est
717 2454 744 2500 et
755 2447 797 2500 via
812 2446 877 2502 iacta
890 2456 942 2515 est,
958 2448 1074 2520 gentium
1089 2447 1210 2518 populus,
1225 2446 1269 2516 qui
1283 2446 1393 2501 sedebat
1406 2445 1433 2501 in
1448 2444 1564 2501 tenebris
1583 2452 1610 2499 et
1630 2444 1656 2499 in
1670 2444 1763 2500 utiabra
1778 2448 1882 2512 nrortis,
1893 2448 1983 2503 lucem
1998 2449 2094 2504 viderit
2109 2465 2233 2520 maguam

589 2530 672 2602 (leui.
688 2550 727 2601 rr,
738 2536 765 2601 ι,
778 2545 802 2590 et
815 2535 908 2591 Muttb.
921 2541 956 2607 ti,
970 2538 1016 2609 ld)
1026 2556 1033 2604 ;
1045 2547 1071 2593 et
1083 2537 1127 2609 qui
1140 2536 1274 2609 quondam
1289 2551 1340 2590 non
1355 2536 1476 2605 popolus,
1493 2549 1563 2590 nrrrre
1573 2543 1661 2590 autern
1674 2535 1788 2606 populos
1801 2536 1847 2593 liei
1858 2537 1907 2602 sit;
1921 2547 1949 2594 et
1960 2554 2074 2609 qnorum
2089 2540 2234 2610 aliqnando

589 2640 641 2680 uon
653 2628 777 2683 misertus
789 2638 839 2695 est,
853 2646 923 2686 niano
933 2638 1020 2687 autom
1031 2631 1189 2687 misereatur
1200 2627 1277 2701 (Osee
1289 2644 1318 2694 n,
1332 2627 1377 2693 23,
1388 2627 1434 2695 il,
1447 2637 1471 2683 et
1484 2626 1559 2682 Bona.
1573 2643 1611 2692 ra,
1625 2627 1688 2699 iil:
1705 2628 1833 2699 praevisos
1846 2629 1968 2701 inquiunt
1986 2646 2002 2685 a
2017 2632 2132 2687 bonoim
2145 2634 2232 2689 creali-

589 2728 672 2784 turos,
689 2728 715 2774 et
730 2718 763 2775 ad
777 2733 990 2794 unamquamque
1010 2732 1116 2795 gentem
1131 2723 1166 2778 ita
1178 2722 1328 2794 dispensata
1342 2730 1462 2794 tempora
1472 2736 1503 2776 ac
1517 2720 1662 2775 ministeria
1678 2720 1875 2791 magistrorum,
1891 2730 1920 2776 ut
1934 2732 2060 2779 exortura
2076 2732 2134 2779 erat
2147 2724 2232 2779 bona·

588 2826 647 2865 rum
671 2813 815 2869 credulitas
839 2816 1014 2871 voluntatum.
1041 2816 1095 2872 Nee
1121 2816 1247 2872 vacillare
1275 2816 1360 2882 illud,
1387 2815 1457 2887 qnod
1483 2815 1553 2871 Deus
1577 2829 1671 2871 omncs
1693 2813 1816 2872 nomines
1836 2815 1900 2871 velit
1921 2816 2010 2873 salvos
2042 2817 2122 2886 lieri,
2153 2827 2181 2874 et
2206 2819 2231 2873 in

586 2904 749 2974 agnitionem
772 2908 893 2964 veritaris
916 2909 1008 2965 venire
1030 2908 1039 2980 (
1051 2909 1061 2964 l
1085 2908 1153 2963 Tim.
1178 2925 1215 2971 n,
1239 2907 1299 2980 l);
1323 2906 1537 2983 quandoquidem
1559 2908 1754 2965 inexcusabiles
1776 2908 1845 2973 sint,
1860 2908 1946 2979 quiet
1963 2907 1996 2962 ad
2009 2911 2091 2964 uarios
2109 2910 2168 2964 veri
2187 2910 2231 2965 bei

588 2995 689 3049 cultram
707 3000 841 3066 potuerint
853 3000 947 3054 instrui
961 3000 1133 3071 intelligentia
1154 3000 1264 3054 naturali
1278 3042 1286 3065 ,
1300 3009 1326 3053 et
1340 3000 1511 3070 Evangellnm
1531 3000 1591 3056 ideo
1605 3017 1657 3055 non
1671 3000 1820 3066 audierint,
1835 3002 1896 3073 qnia
1910 3016 1959 3057 nec
1972 3000 2070 3058 luerint
2086 3005 2229 3073 recepturi.

622 3086 650 3141 d.
674 3086 727 3143 Pro
741 3090 866 3145 nnn-erse
886 3099 975 3147 autem
994 3093 1110 3145 bumana
1123 3106 1221 3162 genere
1242 3100 1376 3145 mortnum
1391 3106 1452 3147 csse
1468 3091 1609 3147 bominum
1626 3104 1747 3148 nostram
1767 3092 1858 3149 lesum
1873 3092 2029 3158 Christum,
2052 3102 2080 3149 et
2095 3096 2230 3148 neminem

577 3194 696 3255 ‚prorsus
708 3196 723 3235 a
735 3181 919 3253 redemptione
932 3184 1068 3254 sangoinis
1081 3184 1138 3254 ejus
1150 3194 1301 3254 exceptum,
1312 3184 1417 3241 etiamsi
1427 3200 1534 3240 omnem
1546 3177 1614 3240 banc
1625 3186 1707 3241 vitam
1717 3186 1877 3243 alienissima
1892 3187 1927 3243 ab
1940 3202 1973 3242 eo
1986 3197 2079 3243 mente
2091 3198 2230 3257 pertrans·

584 3288 627 3335 eat
641 3298 647 3345 ;
662 3281 723 3352 quia
743 3279 777 3339 ad
790 3294 883 3339 omnes
897 3283 1018 3339 bomines
1032 3283 1163 3353 pertineat
1182 3281 1278 3337 divino
1291 3282 1482 3339 misericordie
1494 3281 1695 3336 Sacramentum
1709 3298 1715 3334 :
1730 3296 1784 3352 quo
1798 3281 1858 3336 ideo
1869 3282 1974 3352 plorimi
1990 3297 2042 3337 nnn
2055 3292 2228 3362 renoventur,

584 3373 645 3443 qnia
658 3376 729 3446 quod
750 3391 801 3433 nee
821 3378 943 3433 renovari
956 3377 1025 3433 velle
1039 3376 1164 3439 babeant,
1180 3385 1392 3446 praenoscantur.
1407 3376 1507 3445 ltaque,
1529 3383 1657 3444 errantum
1677 3374 1709 3428 ad
1725 3373 1807 3430 Deum
1823 3375 1948 3443 pertinet,
1964 3374 2089 3429 omnibus
2109 3385 2228 3444 patrumm

583 3470 664 3523 vitam
677 3480 804 3526 {eteniam
818 3486 825 3538 ;
839 3480 966 3543 qnantum
977 3479 1066 3526 antem
1076 3469 1109 3524 ad
1124 3469 1226 3526 arbitrii
1238 3470 1397 3533 libertatem,
1413 3469 1447 3523 ab
1462 3469 1502 3522 biv
1513 3483 1571 3523 eam
1586 3466 1761 3538 apprehendi,
1773 3468 1819 3539 qni
1834 3469 1889 3525 [leo
1900 3478 1995 3538 sponte
2007 3469 2189 3535 crediderint,
2202 3478 2229 3526 et

583 3561 714 3617 auxilium
729 3563 820 3635 gratim
834 3563 929 3620 merito
943 3562 1107 3620 credulitatis
1121 3561 1282 3633 acceperint.
1306 3562 1333 3616 lu
1353 3563 1433 3616 istam
1447 3576 1511 3615 vero
1525 3561 1584 3616 talis
1599 3561 1692 3631 gratiae
1712 3561 1928 3631 pradicationem
1942 3562 1980 3627 bi,
1994 3577 2108 3631 qouronr
2122 3573 2229 3617 cinara·

582 3651 700 3711 dictione
715 3654 885 3722 otlendimor,
900 3670 962 3712 cum
986 3654 1059 3727 prins
1079 3654 1188 3710 meliora
1204 3653 1353 3717 senticent,
1376 3651 1437 3707 iden
1451 3667 1480 3708 se
1494 3652 1534 3706 vel
1552 3652 1667 3708 manime
1681 3652 1863 3716 coutulerunt,
1879 3654 1940 3724 quia
1953 3652 1975 3708 si
1989 3653 2182 3724 profiterentur
2193 3655 2228 3709 ab

583 3761 613 3799 ea
627 3747 715 3800 omnia
728 3747 796 3802 bona
809 3749 904 3803 merita
921 3748 1072 3820 preveniri,
1087 3756 1114 3803 et
1125 3748 1158 3801 ab
1173 3747 1228 3818 ipsa
1240 3756 1272 3801 >ut
1285 3747 1388 3815 possint
1401 3761 1471 3812 esse,
1487 3746 1600 3812 donari,
1614 3748 1775 3802 necessitate
1789 3748 1968 3803 concederent
1981 3748 2065 3803 licum
2078 3749 2227 3803 mundum

582 3840 746 3908 propositum
769 3848 797 3895 et
817 3840 957 3895 corrsilinm
972 3839 1114 3894 voluntatis
1128 3854 1193 3904 surm,
1210 3838 1435 3907 occulrojndicio,
1450 3848 1477 3892 et
1490 3853 1571 3907 opere
1586 3837 1747 3902 manifesto,
1760 3838 1832 3894 aliod
1853 3854 1899 3892 vas
1911 3839 2029 3895 condere
2041 3841 2068 3895 in
2082 3840 2226 3907 bonorem,

582 3929 652 3985 alind
668 3932 693 3986 in
705 3931 893 3987 corrannrettnrn
911 3931 1002 4007 (boor.
1017 3948 1058 3995 tx,
1071 3931 1136 4004 2l);
1152 3933 1212 4002 qnia
1227 3946 1306 3986 nemo
1320 3933 1369 3984 nisi
1385 3947 1433 4001 per
1454 3932 1565 4002 gratiam
1576 3931 1746 4000 justillcetnr,
1763 3938 1791 3985 et
1805 3945 1884 3985 nemo
1899 3931 1950 3986 nisi
1965 3932 1991 3986 in
2006 3935 2227 4001 prevaricatione

582 4032 717 4079 nascatur.
732 4023 785 4080 Sed
801 4024 935 4095 relugiunt
947 4024 1017 4080 istud
1028 4023 1117 4089 iateri,
1131 4023 1274 4092 divinoque
1288 4022 1440 4077 adscribere
1455 4025 1527 4091 operi
1541 4031 1694 4077 sanctoruni
1703 4022 1802 4077 merita
1816 4021 1976 4087 lormidant;
1991 4038 2042 4078 nee
2053 4026 2226 4093 acquiescunt

551 4179 557 4189 .
583 4113 800 4180 praralesrinatnm
816 4113 962 4169 electorum
977 4129 1115 4171 numerum
1132 4131 1181 4172 uec
1196 4114 1285 4185 augeri
1301 4128 1380 4184 posse
1394 4128 1443 4168 nee
1459 4114 1553 4180 nriuni,
1570 4129 1604 4169 ne
1625 4113 1713 4169 locum
1734 4113 1803 4183 apud
1820 4113 1940 4169 infideles
1953 4128 1985 4167 ae
1999 4116 2164 4185 negligentes
2177 4133 2226 4172 co-

583 4202 745 4259 bortantium
761 4206 931 4261 incitamenta
946 4222 999 4260 non
1013 4205 1146 4274 babeant,
1163 4222 1193 4261 ae
1207 4205 1341 4277 superllna
1364 4206 1397 4259 sit
1413 4203 1549 4258 industriae
1573 4218 1604 4259 ac
1627 4203 1725 4258 laboris
1739 4203 1864 4268 indictio,
1879 4206 1955 4275 enjus
1969 4207 2087 4262 stradium
2102 4218 2226 4264 cessante

580 4296 714 4352 electione
730 4297 908 4352 inlustrandum
923 4299 958 4352 sit
973 4316 979 4352 :
995 4298 1029 4352 ita
1043 4299 1149 4353 demum
1162 4299 1231 4353 enim
1248 4311 1325 4366 posse
1338 4288 1598 4365 nnnroquernque'od
1611 4297 1805 4350 correctionem
1818 4305 1864 4350 aot
1878 4297 1910 4352 ad
1927 4298 2073 4368 proiectum
2089 4299 2190 4363 vocari,
2202 4300 2225 4353 si

580 4406 610 4445 se
624 4391 690 4446 sciat
705 4405 751 4445 sna
765 4390 900 4462 diligentia
915 4389 1013 4445 bonnm
1027 4406 1087 4446 esse
1103 4406 1191 4460 posse,
1206 4403 1233 4444 et
1246 4390 1396 4443 libertatem
1410 4403 1484 4443 suam
1498 4388 1532 4440 ab
1545 4388 1595 4442 boe
1609 4387 1654 4442 Dei
1667 4387 1932 4456 auxitiojnrandnn,
1945 4389 2048 4457 siquod
2064 4389 2135 4445 bens
2148 4406 2224 4444 noan

551 4512 555 4520 ·
579 4483 634 4551 dat,
650 4487 769 4555 clegerit.
786 4487 824 4539 dc
837 4486 885 4551 sic,
899 4500 959 4540 eunt
973 4484 999 4538 in
1016 4484 1067 4548 bis,
1082 4484 1126 4554 qni
1142 4494 1245 4552 tempus
1258 4488 1419 4549 acceperunt
1433 4480 1523 4534 liberae
1537 4479 1689 4544 voluntatis,
1705 4478 1759 4533 duo
1771 4479 1825 4534 sint
1847 4495 1906 4549 qnae
1919 4478 2063 4534 lrunranaru
2078 4491 2224 4550 operentur

578 4578 701 4643 salutem,
719 4578 764 4632 bei
778 4579 879 4633 seilicet
892 4578 976 4647 gratia
990 4587 1017 4633 et
1031 4575 1147 4631 bominis
1161 4574 1328 4639 obedientia;
1346 4575 1461 4643 priorem
1476 4573 1567 4626 volunt
1580 4571 1759 4626 obedientiam
1772 4585 1921 4640 essequam
1932 4570 2056 4641 gratiam,
2073 4580 2103 4625 nt
2116 4573 2221 4627 initium

578 4671 672 4726 salariis
688 4687 719 4725 ex
734 4686 767 4726 eo
779 4672 825 4743 qni
839 4670 966 4735 salvator,
983 4683 1035 4724 nou
1049 4684 1082 4723 ex
1098 4684 1130 4723 eo
1144 4666 1306 4722 credendum
1328 4666 1362 4719 sit
1375 4672 1449 4719 stare
1462 4663 1506 4735 qui
1521 4663 1616 4730 salvat,
1631 4669 1658 4717 ct
1678 4662 1801 4718 volontas
1815 4660 1935 4718 bominis
1946 4661 2045 4718 divinae
2058 4665 2151 4734 gratiae
2172 4664 2222 4719 sibi

578 4763 666 4834 pariat
677 4779 766 4833 opem,
781 4779 833 4817 nnn
844 4764 928 4836 gratia
943 4762 984 4816 sib
999 4762 1140 4816 bumanam
1153 4759 1275 4828 subjiciat
1291 4759 1464 4813 volrrutatem.

618 4856 644 4909 7.
660 4855 735 4924 erod
749 4871 808 4910 cum
824 4854 1052 4924 perversissimum
1067 4867 1141 4916 csse,
1160 4852 1293 4906 revelante
1309 4850 1354 4905 liei
1369 4848 1570 4916 misericordia,
1591 4857 1618 4904 et
1631 4848 1778 4906 instruente
1795 4863 1845 4904 nos
1863 4858 1907 4904 tna
1926 4849 2094 4905 Beatitodine
2114 4851 2220 4906 noveri-

579 4963 655 5013 ruus;
673 4963 813 5018 possrtmns
828 4947 979 5018 quidemad
995 4961 1047 5000 non
1060 4945 1223 5000 credendum
1236 4958 1295 4998 esse
1308 4948 1473 5003 constantes,
1491 4941 1537 4994 sed
1552 4940 1583 4995 ad
1599 4941 1783 4996 auctoritatem
1798 4940 1861 4996 talia
1875 4942 2045 4997 sentientiam
2059 4959 2114 4996 non
2128 4959 2221 4997 sumus

577 5057 674 5114 pares:
692 5044 751 5110 qnia
764 5042 875 5096 multum
890 5056 938 5095 nos
948 5050 975 5095 et
985 5040 1046 5094 vibe
1060 5038 1161 5092 meritis
1171 5036 1343 5101 auteeelblnt,
1358 5045 1384 5088 ct
1395 5034 1475 5103 aliqui
1489 5048 1592 5098 eorum,
1604 5032 1701 5101 adepto
1711 5047 1795 5102 nuper
1807 5033 1933 5090 ειιιιιιιιιιι
1947 5033 2090 5088 sacerdotii
2105 5034 2218 5099 bonore,

577 5134 795 5202 superonrinerrt;
812 5147 861 5186 nee
877 5131 953 5187 lncile
966 5132 1122 5202 qnisquam,
1138 5138 1236 5199 practer
1253 5142 1350 5198 paucos
1371 5124 1496 5196 perlectae
1510 5127 1602 5196 gratiae
1622 5124 1768 5194 intrepidus
1787 5134 1937 5191 ornatores,
1959 5134 2033 5179 tauto
2051 5127 2220 5196 superiorum

575 5223 800 5296 disputationibus
815 5239 895 5278 ausus
908 5231 949 5279 est
962 5223 1105 5278 contraire.
1122 5221 1160 5276 Ex
1176 5235 1229 5291 quo
1242 5236 1294 5274 non
1309 5219 1395 5273 sobnn
1411 5217 1454 5272 lris
1467 5218 1511 5287 qui
1525 5234 1571 5272 eos
1586 5217 1713 5284 andiunt,
1728 5231 1821 5271 vertam
1836 5217 1915 5272 etiam
1929 5218 1994 5287 ipsis
2008 5218 2052 5288 qni
2063 5219 2218 5284 audiuntur,

575 5333 635 5374 enar
655 5317 828 5390 dignitatibus
849 5318 933 5374 crevit
950 5317 1113 5389 periculum
1137 5316 1199 5372 dom
1220 5324 1246 5370 et
1266 5315 1363 5369 multos
1376 5317 1525 5370 reverentia
1547 5328 1639 5368 eorrrm
1654 5321 1699 5366 aut
1718 5314 1804 5367 inutili
1820 5313 1929 5368 collibet
1943 5314 2064 5378 silentio,
2080 5325 2126 5369 aut
2144 5317 2219 5370 inco·

576 5413 652 5466 riosu·
663 5411 734 5466 dueit
748 5425 873 5476 assensu;
897 5420 923 5466 et
938 5410 1141 5465 saluberrimum
1163 5408 1227 5477 ipsis
1241 5407 1354 5472 videtur,
1370 5404 1440 5476 qnod
1462 5421 1530 5477 pene
1550 5407 1647 5459 nullius
1661 5407 1872 5461 contradictione
1892 5408 2108 5477 reprehenditur,
2123 5407 2217 5474 Unde,

574 5505 634 5574 quia
662 5503 688 5557 iu
720 5503 778 5558 istis
801 5503 949 5573 Pelagianae
969 5500 1108 5572 pravitatis
1132 5500 1250 5569 reliquiis
1277 5515 1330 5554 nou
1352 5497 1495 5553 urediocris
1519 5497 1668 5551 virulentiae
1697 5496 1761 5551 sabra
1782 5499 1914 5562 nutritur,
1940 5500 1962 5554 si
1987 5499 2149 5570 principium
2175 5517 2218 5555 sa-

573 5597 636 5655 lutis
649 5600 719 5654 uraie
746 5599 771 5652 in
797 5597 904 5652 bomine
919 5597 1080 5660 collocatnr;
1109 5594 1132 5650 si
1156 5594 1252 5649 dli-ina
1274 5593 1405 5648 roiurdati
1429 5591 1511 5659 impie
1533 5590 1656 5644 volrautas
1671 5589 1784 5644 bumana
1799 5589 1950 5661 praefertur,
1975 5591 2081 5647 ntideo
2096 5593 2159 5663 quis
2173 5594 2219 5646 arl-

559 5688 680 5763 'juvetur
699 5692 759 5764 quia
780 5692 878 5757 voluit,
902 5707 954 5747 non
976 5689 1036 5747 ideo
1053 5689 1114 5761 qnia
1129 5688 1279 5758 arbitratur,
1301 5686 1380 5749 velit;
1406 5684 1428 5740 si
1448 5684 1612 5755 originaliter
1635 5683 1719 5738 malos
1735 5685 1914 5754 receptionem
1928 5684 1991 5740 boni
2007 5701 2060 5739 nun
2081 5701 2218 5741 asuanmo

573 5785 654 5854 bono,
670 5786 718 5842 sed
733 5801 747 5841 a
763 5786 907 5855 semetipso
918 5783 1044 5840 incboare
1056 5783 1124 5838 male
1138 5780 1268 5843 creditum
1282 5779 1304 5832 ri
1315 5777 1422 5832 aliunde
1435 5776 1490 5831 lieo
1502 5776 1630 5845 placetur,
1647 5775 1696 5828 nisi
1711 5790 1743 5830 ex
1756 5770 1869 5843 coiqnod
1882 5776 1938 5845 ipse
1950 5776 2090 5830 donaverit
2105 5794 2111 5829 :
2131 5778 2218 5832 tribne

573 5879 650 5934 nolris
663 5881 688 5934 in
706 5881 860 5941 inaccensa,
878 5892 944 5947 papa
959 5876 1123 5944 beatissime,
1139 5884 1213 5944 pater
1228 5873 1343 5942 optime,
1358 5879 1486 5940 quantum
1499 5867 1609 5936 juvante
1625 5867 1738 5922 bonrino
1753 5877 1839 5936 potes,
1853 5867 2016 5937 diligentiam
2032 5867 2142 5936 pictatis
2156 5881 2218 5932 utu,

572 5978 600 6022 ιιι
614 5983 673 6037 qua
686 5970 714 6027 ln
729 5971 787 6026 istis
800 5969 991 6041 questionibus
1005 5968 1157 6023 obscuriora
1174 5972 1201 6019 ct
1213 5964 1244 6019 ad
1261 5960 1459 6034 percipiendum
1473 5958 1622 6014 dilbciliora
1636 5967 1707 6025 stant,
1722 5973 1801 6028 quana
1817 5957 1988 6013 lucidissimis
2002 5957 2219 6028 caposiionibns

571 6059 690 6129 digneris
703 6065 815 6134 aperire.

607 6161 635 6214 g,
656 6161 690 6212 ⁸tc
711 6157 838 6226 primm,
856 6157 916 6227 qaia
939 6154 1055 6226 plerique
1072 6168 1122 6207 aron
1139 6157 1230 6221 pariant
1244 6149 1414 6205 christianam
1437 6144 1515 6201 iidem
1532 6144 1581 6199 bac
1596 6142 1762 6200 dissensione
1779 6143 1891 6210 violari,
1907 6151 2035 6211 quantum
2053 6140 2167 6212 periculi
2183 6140 2217 6197 sit

603 6270 612 6304 ι
630 6275 655 6319 pa
668 6274 729 6326 tiss,
744 6269 842 6320 seranni.
