5592 7350
619 882 654 939 g,
1230 843 1233 850 ’
1342 864 1535 923 ruferius.
2220 867 2255 926 en

620 995 723 1073 primo
738 996 795 1053 aut
809 982 1127 1068 quadringentesimo
1144 979 1456 1058 vigesimasecunda
1480 978 1594 1039 titteris
1610 976 1831 1054 consignabat,
1850 976 2001 1038 nimirum
2018 978 2253 1042 Constantino-

619 1073 684 1151 poli
701 1070 901 1148 protiigatum
918 1066 1016 1126 fuisse
1030 1064 1070 1123 ab
1086 1060 1231 1121 exercitu
1244 1057 1360 1118 Christi
1376 1056 1560 1117 Cesiestium
1576 1056 1696 1134 (Iuba,
1714 1063 1823 1114 centra
1835 1056 2009 1124 lulianum,
2026 1057 2082 1118 lib.
2099 1060 2130 1129 3,
2146 1078 2178 1119 n.
2194 1059 2251 1138 ii:

618 1167 692 1227 quie
707 1156 813 1209 tamen
828 1148 861 1207 in
876 1144 1122 1221 Pelagianorum
1136 1138 1260 1216 legatos
1275 1153 1346 1197 esse
1361 1135 1477 1226 ibiitem
1495 1133 1577 1197 facta
1593 1142 1768 1195 narrantur
1784 1132 1906 1214 (Infra,
1923 1137 2065 1214 Append.
2082 1147 2175 1217 porte
2195 1142 2252 1219 2),

619 1246 658 1290 ea
673 1245 737 1286 non
751 1230 900 1303 putamus
917 1222 978 1282 nisi
993 1221 1118 1296 aliquot
1132 1221 1204 1294 post
1219 1215 1312 1275 annis
1326 1214 1511 1290 contigisse.
1630 1291 1636 1304 .
1724 1291 1731 1306 ⁹

661 1308 774 1367 Pulsus
796 1303 894 1380 igitur
907 1295 1185 1373 Constantinopoli
1208 1292 1387 1363 Coelestius,
1408 1293 1557 1362 ltomam,
1583 1292 1636 1351 ubi
1661 1291 1806 1353 Zosimus
1830 1291 2018 1353 Innocentio
2040 1304 2251 1369 successerat,

621 1386 692 1445 sine
709 1399 799 1442 rnora
823 1381 961 1441 advolat.
987 1377 1060 1438 Adit
1087 1372 1281 1443 Pontificem,
1307 1371 1417 1442 falsas,
1441 1376 1478 1430 ut
1501 1369 1680 1447 jactitabat,
1706 1375 1905 1448 purgaturus
1932 1372 2144 1449 suspiciones,
2171 1394 2253 1452 quas

502 1473 511 1486 ·
621 1462 812 1539 spostolicae
827 1459 897 1520 Sedi
914 1458 952 1520 de
969 1475 1002 1520 se
1017 1454 1149 1534 injectas
1164 1453 1371 1529 querebatur.
1388 1451 1503 1509 Latum
1525 1448 1557 1507 in
1573 1448 1679 1510 Africa
1694 1454 1806 1510 contra
1828 1468 1863 1510 se
1877 1450 2031 1528 judicium
2047 1453 2253 1517 obscuritatis

621 1541 777 1616 arguebat
808 1558 815 1596 :
846 1537 1014 1598 Paulinum
1040 1537 1259 1597 accusatorem
1287 1546 1381 1589 suum
1407 1529 1544 1590 vocabat
1569 1526 1608 1587 ad
1634 1527 1854 1604 apostolicum
1880 1530 2020 1589 tribunat
2045 1550 2053 1600 3
2083 1531 2130 1590 vei
2158 1535 2253 1595 etiam

623 1617 726 1695 (quad
744 1617 824 1676 forte
852 1614 1033 1694 significant
1054 1628 1093 1674 ea
1119 1611 1235 1678 verba,
1258 1615 1410 1687 provocat
1434 1605 1645 1684 aestuantem)
1669 1612 1817 1683 paratum
1842 1625 1876 1668 se
1901 1607 2054 1669 adversus
2084 1611 2255 1688 cujuslibet

621 1695 844 1756 accusationes
858 1710 989 1755 causam
1003 1692 1085 1752 tueri
1104 1689 1307 1766 predicabat.
1324 1688 1475 1746 'l'estatur
1489 1685 1557 1761 ipse
1579 1685 1755 1755 Paulinus,
1769 1690 1978 1763 provocatum
1994 1687 2093 1748 fuisse
2108 1689 2147 1751 ad
2162 1693 2255 1767 elpo-

622 1775 768 1835 stoticam
786 1771 908 1842 Sedem,
926 1770 967 1831 ibi
990 1769 1211 1829 insimulatum
1234 1783 1269 1826 se
1291 1764 1372 1843 ruge
1387 1780 1425 1824 ac
1444 1763 1559 1822 deserti
1577 1764 1771 1833 vadimonii,
1787 1764 1913 1842 sibique
1928 1764 2122 1845 Cartbagine
2138 1780 2255 1847 quarm

622 1870 725 1913 nonas
742 1851 924 1911 novembris
942 1866 960 1910 a
977 1848 1131 1908 basilisco
1144 1848 1295 1906 Romanas
1309 1842 1460 1902 Ecclesia
1470 1842 1667 1902 subdiacono
1681 1843 1902 1905 denuntiatam
1918 1846 1968 1906 sui
1981 1845 2107 1907 Zosimo
2122 1849 2253 1912 sistendi

622 1931 857 1992 necessitatem.
877 1928 1022 1988 Zosimus
1040 1943 1171 2001 quoque
1192 1925 1368 1989 asseverat,
1387 1920 1570 1981 Coelestium
1585 1919 1625 1981 ad
1649 1938 1695 1992 se,
1709 1927 1745 1982 ut
1761 1940 1801 1982 ex
1823 1924 2040 2001 appellatione
2055 1924 2188 2001 pristina
2203 1928 2255 2006 ju-

623 2009 740 2069 dicium
757 2008 890 2075 subiret,
908 2006 1032 2067 servisse
1049 2003 1169 2080 (ibid).
1190 2001 1236 2062 Ad
1253 2002 1330 2069 baec,
1350 1999 1517 2060 Centestius
1533 1998 1677 2060 libellum
1692 2000 1762 2061 fidei
1780 2018 1846 2062 siria
1860 2003 1987 2075 obtulit,
2002 2021 2140 2081 curisque
2156 2009 2251 2083 gestis

621 2086 844 2149 «ecclesiasticis
859 2084 1009 2163 allegavit
1025 2081 1146 2162 (ialin,
1160 2081 1196 2141 de
1213 2079 1325 2140 Gratia
1347 2077 1481 2143 carisii,
1497 2095 1551 2137 nn.
1571 2078 1621 2151 32,
1642 2078 1699 2151 aa;
1716 2090 1744 2139 et
1766 2078 1802 2138 da
1816 2080 1949 2141 Peccata
1975 2083 2137 2159 originali,
2153 2103 2185 2143 n.
2202 2084 2252 2163 5).

620 2167 655 2227 in
674 2184 712 2226 eo
727 2168 864 2241 primum
879 2164 1019 2241 quidem,
1036 2166 1193 2238 quantum
1210 2160 1344 2229 libebat,
1360 2159 1392 2215 in
1409 2157 1552 2233 singulos
1575 2175 1751 2218 excurrens
1767 2158 1907 2236 Symboli
1922 2161 2088 2232 articulos,
2104 2161 2199 2223 ducto
2214 2169 2255 2226 ab

621 2248 691 2320 ipsa
718 2244 873 2303 Trinitate
896 2242 994 2301 unius
1017 2240 1143 2299 deitatis
1169 2238 1323 2304 exordio,
1348 2236 1386 2295 ad
1414 2253 1519 2311 usque
1545 2240 1745 2296 mortuorum
1773 2239 2053 2308 resurrectionem,
2077 2242 2195 2317 quibus
2222 2246 2254 2303 in

620 2322 779 2396 capitibus
802 2340 876 2383 eum
897 2338 992 2380 neruo
1014 2318 1278 2395 reprehendebat,
1301 2314 1392 2375 fidem
1415 2330 1507 2373 suam
1529 2314 1709 2375 minutatim
1732 2316 1935 2393 explicabat:
1953 2319 2008 2377 ubi
2032 2324 2138 2379 autem
2161 2322 2200 2381 ad
2216 2341 2253 2383 ea

620 2418 693 2476 quas
712 2403 911 2461 vocabantur
927 2400 959 2458 in
975 2397 1238 2464 controversiam,
1255 2399 1457 2471 pervenerat,
1473 2392 1509 2452 Si
1523 2411 1590 2470 quse
1603 2412 1692 2462 cera,
1708 2396 1825 2463 aiebat,
1840 2405 1955 2472 prater
1968 2396 2056 2473 fidem
2071 2401 2253 2476 questiones

620 2485 701 2537 natae
717 2487 808 2546 sunt,
826 2478 861 2539 da
876 2477 987 2557 quidus
998 2483 1071 2535 esset
1086 2476 1168 2536 inter
1181 2474 1343 2552 plerosque
1359 2472 1536 2539 eontentio,·
1552 2489 1618 2530 non
1633 2489 1686 2549 ega
1707 2472 1796 2551 quasi
1811 2482 1922 2535 auctor
1936 2476 2070 2553 alicujus
2088 2477 2252 2555 depietatis,

620 2556 747 2634 (irfinita
765 2556 823 2617 icoc
845 2556 1033 2617 auctoritate
1054 2553 1160 2619 statui,
1182 2552 1233 2612 sed
1259 2570 1294 2610 ea
1317 2568 1384 2629 qua
1408 2548 1444 2610 dc
1467 2548 1696 2628 Prophetarum
1720 2560 1748 2611 et
1772 2554 1796 2611 A
1822 2554 1993 2614 ariolorum
2016 2556 2101 2634 fonte
2121 2561 2251 2637 suscepi,

620 2636 716 2696 nestri
729 2636 925 2713 apostolatus
945 2633 1105 2726 asserimus
1120 2628 1287 2709 probantia
1309 2627 1525 2707 essejudicio:
1545 2636 1580 2687 ut
1595 2629 1624 2689 si
1642 2631 1725 2709 sorte
1739 2638 1773 2690 ut
1791 2570 1967 2693 lorninilrus
1980 2634 2133 2713 quispiam
2154 2635 2254 2713 igno-

535 2769 556 2796 ,
618 2714 732 2775 nantia
751 2731 840 2774 error
857 2712 1011 2791 obrepsit,
1037 2718 1139 2771 uestra
1156 2708 1308 2769 sententio
1329 2707 1509 2785 corrigatur
1525 2706 1647 2786 (Infra,
1665 2708 1701 2767 de
1713 2709 1846 2770 Peccata
1867 2711 2028 2788 eripienti.
2045 2732 2078 2772 a.
2097 2713 2167 2792 aa).
2182 2717 2252 2790 Qua

619 2794 745 2853 ratione
760 2808 852 2854 suam
867 2792 906 2852 de
920 2792 1031 2870 gratian
1045 2790 1205 2868 adjutorio
1219 2792 1358 2846 mentem
1373 2787 1576 2863 exposuerit,
1591 2787 1735 2864 ignotum
1752 2793 1800 2848 est
1817 2808 1824 2848 :
1841 2791 1927 2866 quod
1942 2796 2051 2852 autem
2067 2793 2106 2851 ad
2119 2794 2253 2872 originis

618 2875 798 2946 peceatum,
815 2870 974 2930 fatebatur
987 2868 1116 2946 quidem
1133 2866 1268 2927 infantes
1283 2868 1316 2924 in
1339 2864 1563 2925 remissionem
1579 2871 1782 2941 peccatorum
1796 2868 2005 2945 baptizandos
2020 2888 2107 2942 esse3
2124 2876 2253 2952 culpam

619 2955 726 3008 tamen
742 2949 949 3026 generatione
964 2946 1135 3007 transmitti
1159 2946 1313 3022 negabat,
1330 2960 1466 3020 eairuque
1486 2943 1671 3019 opinionem
1687 2950 1717 3005 et
1732 2961 1751 3005 a
1766 2946 1923 3009 catholica
1939 2948 1998 3009 tide
2013 2949 2201 3021 abhorrere,
2221 2961 2253 3016 et

618 3025 738 3104 injuria
761 3027 943 3088 Creatorem
966 3025 1093 3086 afficere
1110 3022 1332 3084 contendebat.
1358 3021 1437 3080 Nam
1452 3023 1549 3082 verba
1567 3021 1636 3100 ejus
1658 3023 1719 3084 ista
1741 3028 1816 3084 suut
1832 3046 1839 3084 :
1856 3027 2000 3101 Infantes
2021 3038 2124 3089 autem
2147 3030 2254 3093 dedere

618 3103 775 3182 brvptiznri
790 3106 824 3166 iu
846 3105 1057 3165 remissionem
1076 3111 1276 3181 peccatorum
1297 3099 1463 3160 sectandum
1485 3099 1624 3178 requiam
1648 3103 1836 3164 universalis
1859 3105 2011 3167 Ecclesia
2031 3116 2059 3167 et
2085 3110 2254 3172 seeundum

617 3184 788 3262 Is'enuqelii
803 3188 1004 3249 seutentiam,
1023 3184 1204 3261 corrfitemur
1217 3199 1227 3239 .·
1242 3179 1317 3257 quia
1338 3178 1491 3238 Davriinus
1506 3180 1617 3239 statuit
1631 3198 1759 3257 requiem
1779 3183 1924 3243 calorum
1942 3186 2071 3247 nonnisi
2085 3185 2255 3266 baptizatis

614 3280 705 3339 posse
721 3263 879 3343 conferri:
895 3262 979 3340 qaroei
992 3262 1066 3340 qrvia
1080 3261 1160 3320 airas
1173 3268 1295 3319 natura
1307 3274 1373 3318 non
1385 3256 1514 3325 birbaut,
1533 3260 1670 3338 conferri
1683 3278 1801 3321 necesse
1818 3270 1862 3321 est
1877 3281 1934 3341 per
1946 3265 2057 3342 gratie
2068 3265 2251 3331 libertatem.

616 3340 659 3399 ln
673 3341 882 3403 remissionem
896 3349 997 3400 nutem
1010 3346 1208 3418 peccatorum
1221 3335 1429 3414 baptizandos
1443 3337 1596 3417 infantes,
1613 3356 1679 3398 non
1691 3339 1810 3400 idcireo
1825 3340 1974 3410 diximus.
1990 3351 2026 3404 nt
2040 3356 2198 3422 peceatum
2214 3368 2254 3409 ea

617 3419 746 3480 traderer
759 3422 882 3500 firniare
896 3419 1076 3480 cideoaurr:
1091 3416 1176 3497 quati
1188 3416 1279 3495 longe
1297 3414 1483 3476 acatholico
1504 3434 1597 3475 sensu
1615 3416 1751 3477 alienum
1768 3429 1823 3479 est.
1837 3419 1920 3495 Quia
1927 3430 2090 3499 peccatum
2105 3442 2170 3485 non
2185 3446 2254 3488 enirn

615 3496 736 3559 bomine
758 3500 911 3564 nascitur,
933 3498 1016 3576 qreort
1037 3495 1234 3575 postmodum
1259 3505 1424 3555 exercetur
1444 3493 1481 3554 ab
1502 3493 1623 3555 bomine
1643 3515 1653 3554 :
1674 3499 1748 3576 quia
1772 3516 1838 3558 non
1862 3509 1984 3561 natura
2009 3500 2176 3573 delictum,
2200 3508 2253 3567 seri

615 3577 788 3637 voluntatis
800 3596 862 3637 esse
881 3584 1085 3637 reconstrutur.
1101 3575 1131 3634 E
1136 3583 1147 3635 t
1167 3573 1246 3635 iliud
1261 3589 1334 3651 erpa
1349 3574 1491 3651 confiteri
1511 3590 1702 3651 congruum,
1718 3576 1896 3638 anniversa
1913 3580 2121 3658 baptismatis
2139 3602 2251 3661 genera

614 3655 713 3736 [acere
734 3656 892 3718 videamur
906 3677 916 3716 :
932 3663 960 3716 et
973 3655 1031 3715 lrac
1046 3653 1231 3733 pramuuire
1249 3651 1582 3719 necessarissimas
1595 3670 1655 3731 per
1673 3656 1814 3734 ingelerii
1834 3658 2040 3728 occasionem,
2058 3660 2099 3720 ad
2115 3661 2252 3725 Creato-

614 3734 661 3795 ris
678 3734 842 3873 rgijegriam,
864 3736 979 3796 mairem
999 3743 1161 3812 antequam
1183 3734 1238 3811 rtet
1261 3729 1299 3791 ab
1324 3729 1460 3798 bomine,
1489 3731 1574 3793 tradi
1594 3731 1720 3797 dicatur
1738 3735 1857 3798 bamini
1873 3754 1933 3816 per
1958 3746 2104 3800 naturam
2127 3742 2250 3821 libid..

615 3831 670 3873 nn.
707 3859 715 3882 ,
773 3859 779 3872 .

653 3892 732 3954 Erat
746 3816 784 3953 cl)
799 3898 941 3970 tempore
959 3891 1104 3953 Zosimus
1122 3888 1257 3968 negotiis
1274 3887 1454 3965 implicatus
1470 3887 1579 3950 multis
1600 3891 1776 3954 ma'oribus
1792 3915 1799 3953 :
1815 3893 1910 3974 buius
1930 3898 2037 3957 tamen
2054 3897 2250 3963 decisionem

579 3972 580 3975 ’
612 3969 740 4033 differre
755 3972 788 4031 in
802 3972 888 4033 aliud
904 3977 1028 4048 tempus
1042 3969 1163 4036 uoluit3
1180 3985 1220 4027 ne
1234 3967 1354 4027 diutius
1369 3965 1520 4039 africam,
1535 3986 1633 4045 qnam
1662 3976 1775 4033 uturus
1790 3973 1914 4035 itineris
1927 3974 2104 4038 aCoelestio
2116 3978 2250 4041 ftomam

614 4051 754 4128 suscepti
771 4055 802 4110 et
824 4050 944 4111 ferendi
962 4064 1113 4126 superea
1131 4067 1165 4110 rc
1186 4045 1297 4126 judicii
1315 4045 1423 4107 exitus
1440 4046 1608 4109 sollicitam
1625 4050 1763 4112 babebat
1776 4096 1784 4125 ,
1799 4054 2039 4130 exspectatione
2060 4074 2250 4134 suspensam

613 4129 779 4190 detineret.
798 4130 893 4208 (Ergo
908 4128 1090 4189 Coelestium
1107 4129 1213 4186 itonam
1225 4126 1345 4186 versari
1360 4141 1419 4202 per
1433 4124 1573 4187 Africam
1588 4127 1816 4209 increbuerat.)
1831 4133 1944 4210 ltaque
1958 4132 2008 4194 die
2024 4134 2063 4195 ad
2081 4136 2164 4197 banc
2183 4154 2250 4198 rem

614 4209 800 4278 constituto,
817 4207 963 4268 Zosimus
980 4208 1063 4268 beati
1078 4205 1264 4277 Clementis,
1281 4205 1335 4265 ubi
1351 4221 1540 4266 consessum
1557 4206 1700 4280 baberet,
1716 4209 1881 4271 basilicam
1896 4212 2009 4291 elegit3
2024 4219 2060 4273 ut
2074 4216 2249 4278 auctoritas

613 4285 747 4362 hujusce
763 4287 841 4348 tanti
861 4286 1031 4364 pontilicis,
1047 4287 1103 4363 qui
1119 4284 1212 4344 fidem
1230 4300 1322 4344 suam
1339 4283 1495 4362 martyrio
1509 4290 1725 4358 consecrarat,
1737 4304 1802 4364 qua
1816 4288 1971 4367 religione
1986 4291 2018 4351 in
2032 4292 2128 4370 hujus
2144 4311 2251 4356 causae

610 4365 731 4443 judicio
747 4365 907 4442 agendum
921 4369 1016 4435 esset,
1032 4364 1180 4440 exemplo
1195 4379 1255 4422 suo
1270 4360 1505 4423 demonstraret
1521 4362 1643 4443 (Infra,
1659 4365 1800 4443 Append.
1816 4375 1908 4445 parte
1927 4366 1971 4444 Z).
1988 4367 2121 4432 Constat
2136 4379 2250 4449 praeter

613 4444 746 4505 clericos
760 4445 909 4504 licclesiae
922 4445 1072 4504 itomanae
1088 4441 1204 4520 (Infra,
1222 4438 1423 4501 cantra-duas
1432 4440 1598 4518 Epistulas
1608 4442 1868 4520 Pelagianorum,
1884 4463 1916 4506 n.
1933 4445 1965 4526 ὅ)
1976 4465 1985 4520 ’,
1997 4450 2104 4511 varios
2118 4467 2250 4528 quoque

613 4541 654 4582 ex
668 4523 802 4584 diversis
818 4523 1004 4602 regionibus
1022 4523 1237 4598 presbyteros,
1253 4519 1304 4579 vel
1318 4518 1499 4597 episcopos,
1515 4537 1597 4596 quos
1612 4538 1680 4581 uno
1698 4524 1899 4585 sacerdotum
1914 4527 2043 4588 nominc
2057 4529 2251 4606 complecti-

613 4606 666 4661 tur
680 4603 836 4669 Zosimus.
854 4601 1019 4663 consessui
1035 4599 1175 4683 adfuisse
1192 4597 1307 4677 (fnsv‘a,
1324 4596 1465 4675 Appead.
1479 4607 1569 4690 porta
1584 4599 1629 4679 Z).

651 4680 811 4760 Quidquid
825 4681 949 4742 adeam
964 4697 1070 4756 usque
1084 4679 1166 4738 diem
1181 4681 1288 4738 actum
1304 4677 1335 4736 in
1351 4675 1489 4738 Coelestiv
1504 4694 1602 4740 causa
1618 4678 1733 4752 fuerat3
1750 4681 1815 4743 illic
1829 4700 2001 4744 excussum
2018 4689 2077 4745 est.
2092 4685 2250 4747 Introdu—

612 4763 681 4821 ctus
695 4762 789 4821 ctiam
804 4778 843 4820 eo
856 4760 1034 4827 Caelestius,
1051 4775 1089 4821 ao
1107 4758 1176 4837 ejus
1199 4773 1264 4834 quo
1282 4754 1374 4815 fidem
1395 4772 1488 4818 suam
1506 4760 1695 4828 testabatur,
1712 4759 1812 4821 lectus
1832 4761 1980 4822 libellus:
1994 4762 2032 4823 de
2054 4781 2120 4841 quo
2135 4769 2249 4842 postea

610 4839 773 4918 Pelagiani
786 4840 963 4917 jactabant,
982 4856 1046 4898 non
1061 4854 1212 4914 paucosa
1233 4833 1384 4895 Romanis
1400 4834 1524 4896 clericis
1544 4839 1585 4898 ab
1604 4838 1691 4899 illius
1707 4841 1914 4916 opinionibus
1936 4858 2000 4901 non
2019 4842 2247 4910 abhorruisse:

610 4919 763 4978 sententia
786 4937 842 4977 sua
862 4919 971 4996 pestis,
995 4917 1201 4994 inquiebant,
1219 4913 1370 4974 catholico
1386 4913 1525 4992 dogmati
1548 4916 1714 4995 adsererent
1733 4919 1847 4998 (Infra.
1864 4926 1976 4979 contra
1990 4919 2068 4981 diras
2083 4922 2250 4999 Epistulas

611 4996 871 5074 Pelagianorunu
891 5015 923 5054 n.
942 4995 990 5073 5).
1007 4996 1045 5054 Et
1067 5012 1141 5055 vero
1157 4995 1223 5053 tiae
1237 4992 1293 5052 illa
1308 4991 1466 5069 professio
1484 4994 1611 5054 Zosimo
1634 4997 1700 5056 visa
1717 5002 1765 5057 est
1780 4999 1957 5070 catholica,
1974 5017 2038 5059 non
2057 5000 2159 5078 quod,
2176 5020 2252 5078 quas

611 5075 761 5153 dogmata
775 5073 912 5137 leestii
929 5074 1125 5143 continebat,
1141 5073 1209 5149 ipse
1224 5072 1429 5148 approbaret,
1441 5071 1495 5131 sed
1510 5074 1596 5149 quod
1614 5067 1803 5150 Apostolica'r
1817 5077 1905 5138 Sedis
1916 5078 2072 5156 judiciam
2085 5080 2248 5156 amplecti,

612 5154 852 5231 paratissimum
867 5172 901 5213 se
915 5154 973 5213 iste
989 5151 1186 5230 praedicaret.
1202 5151 1243 5210 fn
1255 5149 1376 5209 domine
1390 5150 1536 5212 acerrimi
1547 5151 1668 5230 ingenii
1677 5199 1684 5220 ,
1699 5155 1744 5213 ait
1759 5157 1978 5233 Augustinus,
1994 5157 2048 5235 qui
2061 5159 2205 5237 prosecta
2221 5161 2250 5219 si

611 5233 832 5309 corriperetur,
846 5232 994 5311 plurimis
1009 5230 1182 5321 profuisset
1198 5227 1342 5288 eroluntas
1358 5227 1596 5297 emendationis,
1612 5250 1677 5292 non
1690 5233 1813 5312 salsitas
1827 5235 1982 5311 dogmatis
1998 5236 2173 5316 approbata
2192 5248 2248 5298 est.

610 5311 657 5371 Et
669 5322 837 5391 propterea
851 5310 973 5372 libellus
987 5327 1051 5388 ejus
1067 5308 1237 5370 catholicus
1251 5306 1353 5368 dietus
1372 5315 1433 5374 est,
1456 5308 1531 5386 qnia
1549 5317 1577 5368 et
1591 5308 1650 5371 bac
1673 5311 1830 5373 catholicae
1843 5317 1954 5375 mentis
1972 5324 2032 5382 est,
2047 5316 2075 5374 si
2089 5334 2150 5394 qua
2166 5316 2250 5396 [orte

609 5391 703 5452 aliter
714 5391 809 5469 sapit,
825 5409 916 5471 quam
928 5389 1044 5451 veritas
1058 5387 1158 5466 eripit
1171 5432 1178 5453 ,
1192 5404 1257 5448 aare
1271 5405 1305 5446 aa
1318 5385 1486 5447 certissime
1500 5387 1639 5468 definire,
1655 5390 1708 5452 sed
1720 5391 1837 5452 detecta
1848 5412 1884 5453 ac
1900 5392 2110 5454 demonstrata
2122 5412 2251 5475 respur-

610 5487 642 5529 re
659 5470 754 5544 (idid.
775 5516 781 5529 .

649 5549 726 5609 Cum
746 5470 843 5628 flgitur
857 5547 950 5609 iidem
967 5564 1060 5608 stram
1077 5545 1116 5607 ad
1129 5563 1203 5605 eum
1216 5543 1345 5604 modum
1359 5541 1528 5607 Caelestius
1544 5546 1700 5620 dedisset;
1716 5555 1804 5611 ratus
1820 5555 1928 5610 tamen
1944 5566 2008 5609 nou
2021 5567 2070 5612 esi
2086 5549 2248 5622 Zosimus,

609 5627 679 5705 ejus
696 5628 840 5690 libellum
864 5627 925 5688 sibi
940 5627 1056 5688 debere
1075 5624 1239 5691 sufficere:
1265 5621 1319 5684 sed
1338 5623 1436 5683 variis
1461 5621 1768 5705 interrogationibus
1785 5629 1921 5690 subinde
1945 5629 2084 5690 bominis
2102 5631 2250 5691 animum

610 5708 804 5783 exploravit,
820 5706 973 5768 eademne
988 5722 1061 5784 quas
1074 5704 1194 5780 scripto
1210 5704 1427 5789 expresserat,
1441 5702 1475 5762 in
1490 5712 1618 5781 pectore
1637 5708 1791 5767 sentiret:
1807 5708 1845 5768 de
1860 5709 2044 5770 sinceritate
2058 5711 2251 5786 responsio-

608 5803 686 5844 num
700 5786 800 5863 ipsius
814 5788 891 5858 Deo,
903 5786 959 5863 qui
973 5784 1127 5845 mentium
1142 5797 1261 5844 areana
1274 5780 1362 5841 solus
1376 5784 1567 5859 introspicit,
1584 5787 1770 5865 relinquens
1782 5787 2000 5863 judicandum.
2011 5789 2069 5848 lile
2081 5805 2159 5849 vero
2172 5807 2248 5865 qun·

609 5863 643 5939 in
659 5865 766 5925 oblato
781 5866 889 5927 libello
904 5869 1122 5942 exposuerat,
1138 5863 1234 5923 etiam
1253 5860 1364 5936 lingua
1382 5862 1526 5937 repetitis
1549 5866 1661 5925 crebro
1678 5866 1931 5942 professionibus
1947 5868 2114 5929 roboravit
2127 5866 2247 5948 (Infra,

609 5943 751 6021 Appenni.
767 5952 857 6022 parte
877 5944 921 6023 Z).
940 5944 1076 6006 Videbat
1095 5940 1224 6020 quidem
1246 5939 1391 5999 Zosimus
1405 5937 1576 6029 ¹bominem
1598 5961 1708 6020 pravas
1726 5944 1880 6007 doetrinae
1903 5962 2027 6007 veneno
2046 5953 2247 6021 tumescere,

608 6038 720 6083 verum
735 6022 764 6084 ei
782 6029 935 6100 tanquam
953 6022 1139 6101 pbrenetico
1155 6019 1278 6081 leniora
1294 6016 1452 6088 remedia,
1470 6029 1505 6079 ut
1521 6021 1706 6084 redderetur
1720 6025 1863 6100 pacatior
1881 6025 2060 6086 adhibenda
2082 6043 2153 6088 esse
2170 6027 2249 6087 exi-

607 6099 758 6163 stimabat
774 6100 896 6183 (faba,
912 6101 949 6162 de
970 6103 1101 6163 Peccata
1118 6098 1285 6177 originali,
1301 6113 1355 6156 nn.
1371 6097 1403 6168 7,
1416 6096 1461 6178 8).
1477 6100 1526 6158 lix
1543 6100 1655 6162 iisdem
1679 6102 1742 6163 illis
1764 6103 1991 6180 interrogatis,
2007 6105 2125 6181 quibus
2148 6106 2246 6167 istum

607 6179 754 6257 ¹Zosimus
779 6181 959 6261 urgendum
981 6182 1126 6258 putavit,
1151 6179 1308 6240 nonnulla
1326 6175 1422 6236 refert
1446 6177 1620 6239 Paulinus:
1636 6182 1719 6243 inter
1741 6200 1813 6259 quae
1837 6189 1868 6243 et
1892 6181 1968 6243 illud
1991 6193 2245 6254 commemorat,

607 6260 762 6338 numquid
788 6261 955 6321 universos
970 6259 1138 6321 clarimaret
1161 6275 1286 6318 errores
1302 6273 1375 6316 eos,
1392 6273 1475 6331 quos
1499 6258 1557 6334 ipsi
1581 6262 1758 6320 communis
1784 6280 1896 6321 rivinor
1910 6261 2106 6323 attribueret·
2118 6264 2243 6344 (frena.

595 6339 746 6413 Append.
755 6349 853 6420 parte
870 6339 912 6418 ii.
930 6340 990 6403 fila
1007 6339 1110 6399 arania
1124 6338 1260 6404 doninus,
1277 6353 1342 6420 que
1350 6334 1473 6413 iactata
1490 6346 1562 6398 suin
1578 6340 1750 6404 visitamini
1766 6341 1844 6401 trio?
1862 6340 1905 6400 ,ld
1922 6341 2006 6411 qrrod
2024 6340 2195 6406 Cmiestins
2212 6344 2243 6405 id
