5592 7350
646 921 696 979 ass
962 915 1006 971 aa:
1024 910 1252 1002 reccaronutt
1267 865 1406 965 tranans
1426 903 1471 962 er

643 1009 712 1105 opas
723 1032 806 1097 sartis,
816 1030 862 1086 sed
874 1028 1074 1100 aegrotantibus,
1085 1044 1134 1083 nee
1147 1028 1219 1082 reriit
1230 1038 1326 1081 romae
1337 1023 1436 1104 iustos,

643 1122 692 1180 sed
716 1131 868 1194 peccatores
891 1121 916 1175 in
942 1119 1134 1194 poeaitentiam.
1160 1117 1193 1173 Bt
1217 1115 1277 1172 ideo
1298 1114 1360 1185 quia
1381 1128 1438 1169 sue

639 1213 704 1269 uita
718 1214 831 1284 propria
843 1210 959 1284 peccatis
972 1210 1053 1266 nullis
1071 1210 1158 1265 adbuc
1179 1218 1304 1267 natentur
1317 1202 1435 1270 obnoxii,

644 1306 780 1377 originaiis
799 1306 825 1361 in
840 1304 878 1360 eis
898 1304 1026 1376 aegritudo
1038 1313 1147 1359 satiatur
1168 1304 1194 1358 io
1209 1302 1268 1374 ejus
1286 1300 1371 1373 gratia
1392 1299 1438 1370 qui

644 1397 733 1454 uuicos
747 1398 809 1452 iacit
821 1412 869 1467 per
891 1396 1023 1451 iaraerum
1038 1393 1257 1465 regenerationis.

678 1488 724 1543 25.
746 1488 820 1544 bicet
841 1488 937 1557 aliquis
952 1504 959 1543 :
973 1485 1113 1555 Quomodo
1126 1495 1232 1555 ergoet
1246 1482 1295 1553 ipsi
1311 1490 1439 1537 uocantur

626 1579 670 1635 'iu
694 1578 897 1649 peonitentiam?
917 1577 1048 1649 Numquid
1070 1576 1189 1632 tantiiios
1204 1582 1213 1609 ¹
1229 1582 1317 1646 potest
1338 1570 1438 1643 aliquid

646 1669 796 1739 poenitere?
815 1669 882 1723 Huic
896 1667 1090 1742 respondetur:
1103 1667 1130 1724 Si
1148 1674 1287 1737 propterea
1303 1662 1437 1733 poeuiteu·

646 1770 686 1817 tes
709 1759 815 1815 dicendi
839 1776 891 1815 oon
914 1769 988 1825 suot,
1004 1760 1064 1832 quia
1087 1773 1194 1813 sensum
1218 1755 1362 1827 pmniteodi
1385 1768 1438 1808 non

647 1851 745 1907 babent
757 1852 779 1916 ¹,
795 1867 845 1908 nco
860 1851 950 1906 ductes
963 1850 1067 1905 dicendi
1080 1859 1151 1913 stant,
1167 1849 1228 1917 quia
1240 1847 1363 1902 similiter
1375 1836 1444 1899 sco?⁴

647 1958 705 1999 sum
727 1943 854 1999 credendi
880 1941 997 1997 nondum
1020 1940 1127 1996 babent.
1149 1938 1177 1995 Si
1194 1948 1282 1993 autern
1299 1945 1439 2006 propterea

646 2046 718 2091 recte
733 2034 824 2090 fidelos
837 2043 975 2099 uocantur,
992 2033 1116 2105 quoniam
1140 2030 1218 2086 iidem
1236 2043 1282 2101 per
1296 2028 1374 2082 aaaron
1388 2041 1437 2097 go-

644 2126 770 2183 stanti'um
793 2124 1002 2195 quodammodo
1026 2123 1202 2197 proiiteotur;
1217 2137 1266 2177 cur
1290 2136 1342 2174 non
1366 2118 1439 2187 prius

645 2222 725 2277 etiam
739 2221 899 2293 poerriteotes
910 2219 1051 2285 habentur,
1062 2232 1122 2273 cum
1136 2212 1347 2286 percoruurdem
1357 2208 1439 2265 rerba

644 2311 804 2382 pestatttium
826 2309 933 2365 diabolo
947 2318 975 2364 et
990 2308 1051 2363 buic
1073 2306 1171 2362 sacculo
1194 2305 1348 2360 renuntiare
1362 2316 1440 2357 mon·

583 2398 586 2402 ’
644 2401 784 2455 strauturi
802 2400 898 2455 Totum
925 2400 975 2455 boc
997 2399 1023 2453 in
1046 2414 1094 2468 spe
1124 2396 1153 2451 tu
1175 2398 1213 2452 ri,
1227 2393 1391 2452 sacramenti
1413 2402 1440 2448 et

645 2491 743 2548 diriora
756 2495 857 2563 gratiae,
871 2508 951 2562 equam
966 2492 1094 2547 Dominus
1107 2489 1216 2548 ductavit
1229 2491 1367 2546 Ecclesiae.
1381 2487 1440 2545 ca·-

644 2593 730 2640 terum
752 2584 811 2654 quis
832 2586 935 2656 ignorat
957 2581 1028 2654 quod
1045 2585 1192 2654 baptizatus
1208 2584 1343 2653 parvulus,
1367 2583 1439 2639 eiad

646 2672 788 2733 rationales
802 2689 888 2730 annos
909 2676 1019 2730 veniens
1038 2691 1091 2729 uon
1114 2673 1268 2740 crediderit,
1294 2689 1344 2730 nec
1363 2689 1393 2730 se
1406 2674 1441 2728 ab

644 2763 743 2819 titium
764 2764 988 2831 concupiscentiis
1010 2764 1179 2830 abstinuerit,
1205 2763 1268 2818 uiuit
1283 2763 1307 2819 ei
1322 2763 1440 2833 proderit

634 2855 715 2927 ‘quod
736 2872 833 2925 parvus
852 2857 977 2924 accepit?
996 2854 1187 2937 Verumtamen
1207 2856 1229 2910 si
1246 2866 1372 2925 percepto
1387 2856 1439 2909 Ba-

552 2965 555 2969 ·
628 2949 769 3019 ptismato
792 2948 826 3003 de
842 2951 892 3004 bac
915 2950 966 3003 vita
988 2948 1168 3019 emigrarent,
1192 2949 1279 3002 soiuto
1303 2959 1378 3003 reatu
1397 2947 1442 3002 cui

645 3038 810 3109 originaliter
822 3049 879 3092 erat
899 3038 1040 3102 obnoxius,
1061 3038 1251 3108 perficietur-in
1274 3039 1319 3095 ilio
1341 3038 1441 3093 inrniue

645 3130 775 3193 ueritatis,
788 3129 857 3199 rqarod
872 3129 1124 3186 incommutabiliter
1136 3146 1247 3186 murreus
1257 3131 1283 3185 iu
1296 3142 1439 3198 autentum,

644 3218 801 3290 iustificatos
835 3220 974 3288 prasentia
1000 3218 1136 3276 creatoris
1159 3220 1299 3276 illuminat.
1328 3222 1441 3277 Peccata
1474 3296 1476 3300 Ι

645 3312 716 3367 eninr
732 3312 787 3366 soia
800 3322 925 3382 separant
937 3311 1006 3367 inter
1020 3312 1139 3368 borninos
1154 3321 1180 3367 et
1194 3312 1288 3381 Derim,
1310 3329 1370 3383 qum
1383 3313 1440 3377 sub

645 3414 744 3459 sarritur
755 3402 852 3459 Christi
866 3404 961 3474 pratia,
978 3419 1118 3477 perquem
1131 3405 1304 3462 mediatorem
1318 3407 1441 3463 reconci-

645 3495 751 3562 iiamur,
768 3510 827 3550 cum
841 3496 969 3566 justificat
982 3498 1102 3567 impium.

685 3587 797 3644 carot
815 3587 876 3643 XX.
890 3619 926 3630 -
946 3587 992 3643 26.
1013 3588 1053 3643 Ad
1066 3606 1177 3644 mensam
1191 3587 1297 3645 Domini
1307 3607 1380 3647 uento
1394 3591 1443 3647 rite

649 3676 698 3733 nisi
711 3679 851 3749 baptizatas
867 3680 972 3733 accedit.
989 3679 1135 3736 'ferrentur
1149 3690 1237 3736 autem
1253 3682 1295 3737 isti
1310 3683 1441 3738 sententia

648 3770 881 3839 Dominidioentis,
891 3771 951 3827 Nisi
960 3772 1098 3843 quirnatnr
1106 3773 1281 3846 [remicianae.
1295 3773 1442 3829 rroomdcbit

629 3855 752 3932 *reprimo
766 3863 822 3918 Dei.
842 3863 918 3932 Quod
928 3879 988 3919 cunr
1000 3874 1155 3935 exponeret,
1170 3867 1217 3933 ait,
1233 3865 1293 3922 Nisi
1304 3868 1359 3936 quir
1369 3883 1443 3923 reiro·

647 3963 688 4007 tur
712 3955 788 4027 [uerit
801 3972 832 4011 ear
845 3972 911 4026 atquc
933 3966 956 4010 ei
970 3957 1079 4028 Spiritu,
1103 3975 1153 4013 noo
1175 3957 1316 4015 intrabitis
1339 3979 1443 4034 recount

648 4045 767 4099 coriorum
781 4045 871 4116 (douo.
888 4063 926 4113 tu,
938 4049 964 4111 3,
981 4049 1020 4117 5).
1041 4049 1073 4104 Et
1087 4061 1226 4120 propterca
1237 4062 1369 4108 conarentur
1381 4068 1443 4123 par·

648 4136 717 4190 variis
738 4153 790 4193 non
817 4138 953 4208 baptizatis
975 4140 1133 4196 innocentiae
1155 4142 1250 4198 merito
1276 4146 1388 4200 salutem
1411 4162 1443 4200 ac

650 4229 729 4283 ritum
742 4239 868 4286 uternam
883 4231 1013 4299 tribuerc;
1028 4235 1076 4289 sed
1091 4234 1151 4305 qnia
1165 4234 1288 4305 baptizati
1305 4250 1358 4293 aron
1368 4249 1441 4304 suut,

648 4333 722 4374 cosa
739 4335 821 4390 regno
834 4322 962 4377 coeiontm
989 4321 1077 4378 iacere
1100 4324 1202 4379 alienus
1218 4341 1225 4378 ε
1239 4340 1306 4380 nora
1328 4326 1442 4396 quadam

648 4422 675 4466 ct
688 4413 799 4466 mirabili
816 4415 1032 4484 prrosarmptione.
1055 4415 1130 4483 quasi
1144 4415 1216 4470 satus
1229 4432 1261 4471 ac
1274 4425 1373 4472 aeteram
1390 4418 1442 4473 rita

650 4506 734 4581 possit
751 4521 811 4560 osse
834 4516 930 4575 prater
946 4504 1044 4561 Christi
1068 4507 1260 4574 iraareditatem,
1281 4518 1377 4579 praeter
1397 4527 1443 4565 re·

650 4611 732 4668 quum
755 4598 893 4653 cteiorum.
915 4597 1019 4653 Habent
1033 4597 1104 4652 enim
1128 4597 1251 4655 uidelicet
1274 4614 1327 4669 qno
1349 4600 1444 4655 coniu-

649 4689 731 4759 piaut,
746 4699 825 4758 atque
844 4688 886 4743 ubi
907 4687 1074 4755 delitescant,
1096 4689 1157 4759 quia
1180 4703 1232 4744 tion
1247 4689 1284 4745 ait
1298 4689 1442 4760 bantinus,

651 4778 682 4836 si
694 4782 750 4852 quir
765 4799 815 4836 nort
828 4789 930 4837 renatus
942 4783 1019 4855 [uerit
1033 4798 1064 4836 ea·
1083 4799 1149 4852 aqna
1161 4792 1185 4838 ei
1200 4781 1310 4855 Spiritu,
1328 4800 1381 4840 non
1394 4784 1443 4840 ba·

651 4872 723 4927 bcbit
736 4874 837 4938 ritam;
863 4873 971 4942 reduit,
996 4891 1046 4928 uon
1068 4874 1171 4928 introiit
1191 4875 1218 4930 in
1240 4892 1344 4947 reponat
1359 4874 1408 4932 Dei
1421 4877 1442 4933 ⁸.

650 4961 716 5018 Nam
731 4963 753 5018 si
767 4962 831 5017 ittud
846 4963 967 5028 dixisset,
983 4963 1054 5018 nulia
1068 4964 1129 5019 irinc
1142 4964 1272 5020 dubitatio
1285 4976 1374 5037 posset
1393 4967 1444 5023 ob·

650 5054 725 5111 oriri.
747 5054 888 5110 nutriatur
908 5070 973 5124 ergo
994 5055 1123 5111 dubitatio
1142 5056 1217 5125 :iam
1242 5056 1383 5113 bominum
1396 5075 1445 5117 au·

650 5145 764 5212 diamus,
783 5161 834 5200 non
854 5144 1020 5215 suspiciones
1038 5144 1257 5217 conjecturasque
1271 5150 1441 5218 mortalium

652 5237 792 5292 Dominum
815 5234 964 5298 audiamus,
988 5235 1106 5306 iuquam,
1131 5251 1183 5291 oon
1208 5235 1315 5309 quidem
1340 5239 1391 5296 boc
1410 5242 1444 5298 de

651 5328 824 5384 Sacramenta
847 5325 971 5381 iavacri⁸
988 5325 1131 5393 dicentem,
1154 5327 1201 5382 scd
1215 5326 1249 5384 dc
1270 5328 1445 5388 Sacramenta

650 5429 750 5477 mnatre
763 5420 774 5452 ¹
787 5433 888 5474 mensae
909 5431 975 5484 erra,
999 5433 1051 5488 quo
1064 5432 1143 5475 nemo
1161 5417 1213 5478 rite
1227 5420 1277 5475 nisi
1296 5417 1444 5492 baptizatus

650 5511 752 5568 accedit
767 5527 775 5565 :
792 5508 853 5564 ittet
863 5506 1073 5563 orondncoaeritir
1083 5504 1182 5565 earnem
1196 5527 1289 5579 mecm,
1301 5521 1325 5565 ct
1335 5513 1444 5570 &demtis

650 5604 798 5676 rorrpuinem
810 5617 904 5666 meum,
920 5610 971 5655 troo
994 5600 1114 5656 babebitis
1132 5601 1208 5657 eitam
1228 5605 1255 5657 io
1275 5601 1353 5658 rodis.
1374 5604 1443 5673 Quid

652 5694 720 5749 uitro
734 5689 902 5764 querimus?
920 5689 988 5763 Quid
1002 5690 1035 5745 ad
1050 5690 1099 5747 boc
1113 5690 1270 5762 responderi
1281 5703 1379 5764 potest,
1392 5695 1443 5751 nisi

651 5783 796 5858 pertinacia
823 5796 958 5855 pugnaces
987 5796 1085 5838 nervos
1113 5781 1242 5841 aduersus
1266 5784 1443 5842 consentiam

651 5879 798 5950 perspicuae
811 5878 931 5935 veritatis
950 5877 1087 5934 intendat?

682 6028 691 6060 ¹
708 6025 745 6074 sic
753 6027 878 6076 vatimnus
887 6025 975 6075 codex.
990 6023 1032 6075 ulii
1044 6038 1103 6074 vero
1114 6038 1170 6075 cum
1178 6024 1283 6085 exoras,
1295 6023 1411 6076 amnena

682 6090 692 6120 ¹
709 6085 775 6145 ntia,
787 6087 893 6136 nondum
900 6085 995 6136 morat
1009 6094 1036 6136 at
1046 6092 1110 6149 uss,
1119 6100 1167 6139 non
1178 6084 1272 6139 micui.

683 6150 695 6182 ⁸
710 6147 925 6211 haemorroissam
936 6148 1059 6198 colorum
1075 6158 1123 6199 atu.
1138 6162 1205 6212 nero,
1216 6156 1253 6198 er.
1265 6156 1291 6199 et
1301 6148 1376 6200 nostri
1388 6157 1441 6201 uss.

649 6214 695 6262 boc
707 6210 761 6262 loco
771 6210 873 6270 babent,
883 6208 908 6260 in
917 6223 1019 6272 raretum
1034 6209 1085 6261 nei.

683 6275 694 6305 ⁸
709 6279 776 6331 tou..
787 6272 864 6324 soracti
876 6271 984 6333 bomon
996 6272 1075 6322 addita
1087 6285 1161 6332 uoce,
1173 6285 1225 6323 roni
1231 6271 1263 6334 ti,
1271 6285 1303 6322 ox
1321 6286 1369 6324 uno
1388 6282 1441 6324 tau·

646 6344 701 6384 rum
710 6337 879 6399 marruscripto.

667 6397 682 6426 ‘
692 6399 884 6457 cyeriannensr's
895 6395 976 6447 codex
988 6395 1084 6458 orriirdr,
1097 6403 1195 6447 anneto.

1479 862 1707 979 'naurssmrn
1727 910 1756 966 s.
1777 906 1960 968 uuoosnnt

2231 914 2283 975 tet

1525 1015 1573 1074 91.
1594 1021 1636 1089 dn
1651 1037 1717 1078 rero
1736 1022 1876 1095 quisquam
1888 1023 1968 1077 etiarn
1984 1023 2036 1079 boe
2049 1023 2137 1084 dicere
2157 1014 2288 1100 audebit,

1489 1110 1559 1183 quod
1572 1111 1606 1167 ad
1621 1113 1745 1183 parvulos
1768 1112 1826 1170 bae
1839 1115 1972 1170 seriteutia
1987 1130 2040 1170 uon
2059 1118 2201 1196 pertineat,
2225 1135 2288 1192 pos·

1490 1206 1596 1279 sintque
1617 1208 1676 1265 sine
1696 1208 1898 1282 participatione
1910 1213 2031 1283 corporis
2045 1214 2127 1290 hrrjus
2137 1226 2164 1272 et
2179 1217 2289 1290 sangui·

1491 1296 1533 1351 nis
1553 1299 1580 1352 in
1593 1312 1623 1353 se
1646 1296 1746 1355 babere
1767 1300 1847 1355 vitain
1863 1297 1902 1375 (a)
1918 1320 1926 1358 :
1941 1303 2002 1374 qnia
2023 1319 2076 1359 nou
2090 1306 2138 1374 ait,
2161 1306 2211 1376 Qui
2230 1323 2286 1364 aon

1491 1386 1699 1454 manducaverit,
1721 1389 1793 1445 siout
1812 1390 1847 1446 de
1869 1390 2016 1461 baptismo,
2038 1394 2089 1461 eri
2111 1413 2162 1452 uon
2183 1408 2289 1454 renutu

1491 1480 1567 1551 suerit
1579 1498 1589 1547 ,·
1603 1479 1650 1537 sed
1671 1480 1717 1548 air,
1730 1481 1762 1537 Si
1775 1499 1825 1537 uon
1838 1484 2058 1554 manducaveritis,
2072 1489 2146 1544 reiut
2159 1503 2207 1545 eos
2220 1489 2289 1546 aiio·

1491 1584 1577 1641 quens
1586 1571 1632 1642 qui
1651 1571 1744 1627 audire
1762 1580 1789 1628 ei
1803 1573 1951 1647 intelligere
1964 1585 2095 1647 poteraut,
2110 1581 2181 1652 quod
2194 1581 2287 1653 utique

1491 1676 1543 1718 trun
1559 1664 1650 1720 valent
1664 1665 1787 1735 partiali?
1806 1666 1859 1723 Sed
1875 1669 1919 1738 qui
1942 1670 1993 1726 boc
2006 1670 2080 1738 dicit,
2103 1688 2157 1729 non
2170 1675 2285 1732 aitetrdit

1491 1756 1552 1825 quia
1562 1755 1611 1811 nisi
1619 1772 1714 1813 omues
1722 1756 1771 1812 ista
1779 1762 1911 1816 sententia
1919 1770 2018 1827 teneat,
2030 1774 2059 1819 ut
2068 1766 2246 1837 sinecorpore
2258 1782 2287 1825 et

1491 1846 1619 1916 sanquine
1640 1846 1700 1902 Filii
1719 1849 1835 1906 hominis
1855 1852 1936 1906 uitam
1962 1853 2063 1912 habere
2084 1873 2137 1912 oon
2159 1861 2287 1929 possint.

1492 1934 1588 1991 bostra
1602 1938 1681 1993 otiam
1702 1950 1766 1995 totas
1788 1940 1875 2014 major
1898 1944 1924 1998 id
1946 1956 2032 2000 curat.
2052 1948 2143 2004 Potest
2165 1952 2289 2018 enimsi

1492 2042 1544 2082 nou
1569 2028 1740 2096 uoluntatem,
1764 2031 1812 2089 sed
1835 2034 1915 2089 verba
1936 2035 2071 2106 ioqucutis
2092 2040 2226 2109 attendas,
2247 2044 2289 2100 eis

1491 2119 1556 2174 soiis
1570 2120 1655 2176 rideri
1668 2121 1778 2187 dictum,
1790 2123 1886 2194 quibus
1899 2136 1962 2183 tuuc
1975 2128 2104 2190 Dominus
2114 2132 2285 2201 loquebatur:

1491 2210 1552 2279 quia
1574 2226 1627 2266 non
1651 2212 1697 2277 ait,
1725 2214 1775 2276 Qui
1798 2229 1851 2269 non
1870 2218 2089 2286 manducaverit;
2111 2223 2169 2290 scd,
2192 2224 2225 2280 Si
2238 2242 2290 2282 oon

1492 2300 1710 2364 manducaveritis.
1733 2302 1767 2359 Et
1788 2303 1832 2377 ubi
1853 2315 1894 2362 est
1911 2308 1982 2378 quod
1994 2311 2089 2367 eodem
2106 2312 2165 2370 loco
2185 2315 2220 2371 de
2237 2325 2291 2389 nac

1492 2393 1547 2464 ipsa
1563 2410 1592 2449 re
1611 2395 1657 2462 ait,
1673 2391 1754 2451 Panis
1771 2414 1845 2469 quem
1862 2415 1908 2471 eqo
1929 2400 2109 2468 sedetorare
2125 2422 2179 2461 ntea
2193 2417 2229 2463 eet
2242 2426 2291 2479 pro

1493 2483 1580 2537 saecuii
1600 2485 1649 2538 rita
1669 2483 1758 2557 (Joon.
1777 2503 1814 2554 rr,
1829 2488 1874 2554 dt,
1890 2488 1959 2561 52ss
1978 2491 2131 2549 Secrrndunt
2145 2495 2196 2553 boc
2216 2500 2291 2555 errius

1492 2574 1574 2628 etiam
1594 2575 1627 2628 ad
1642 2590 1691 2631 nos
1709 2576 1841 2646 pertinere
1861 2579 1926 2635 ittud
1940 2581 2144 2642 Sacramentum
2160 2587 2290 2661 inteiligi-

1492 2679 1563 2729 mus,
1585 2666 1630 2736 qui
1646 2674 1708 2724 tuuc
1722 2670 1839 2725 nondum
1862 2670 1960 2732 tainus
1975 2676 2084 2744 quando
2098 2679 2147 2734 ista
2161 2680 2288 2749 dicebat:

1492 2757 1553 2827 quia
1566 2756 1575 2789 ¹
1591 2772 1643 2812 non
1657 2774 1798 2829 possumus
1811 2761 1903 2819 dicere
1916 2764 1949 2819 ad
1961 2766 2087 2822 saeculum
2101 2786 2149 2825 nos
2162 2787 2215 2829 troo
2227 2789 2290 2843 per·

1493 2850 1587 2913 tinere,
1608 2864 1656 2919 pro
1676 2850 1752 2921 cujus
1773 2853 1826 2907 uita
1846 2853 1970 2911 ctuistus
1983 2873 2058 2913 suam
2080 2875 2189 2919 caruem
2203 2862 2290 2920 dedit.

1492 2939 1557 3009 Quis
1578 2950 1668 2997 autern
1683 2944 1800 3015 auctrique
1813 2947 1904 3002 saculi
1920 2950 2166 3009 nominenominee
2184 2955 2292 3027 sigerii!-

1492 3039 1650 3100 catosesse,
1664 3034 1710 3103 qui
1732 3037 1867 3109 nascendo
1888 3038 1914 3093 in
1936 3039 1986 3096 boc
2008 3044 2135 3098 suculam
2159 3047 2293 3103 rcrriuuti

1492 3116 1569 3189 Nam,
1589 3124 1658 3181 sicut
1679 3127 1742 3181 aiibi
1763 3128 1810 3195 ait,
1835 3128 1898 3185 Filii
1921 3133 2007 3189 soecrdi
2032 3136 2111 3206 nujus
2131 3149 2292 3208 praemordet

1492 3226 1645 3285 procreatur
1658 3216 1732 3287 (Luc.
1752 3234 1797 3285 xx,
1812 3219 1871 3292 511.
1890 3223 1929 3277 Ae
1940 3239 1990 3294 per
2004 3224 2056 3282 bric
2069 3228 2149 3284 etiarn
2167 3245 2215 3299 pro
2229 3246 2292 3300 par·

1493 3308 1614 3362 ruiorum
1635 3310 1689 3364 rita
1703 3325 1765 3365 caro
1780 3311 1841 3367 data
1854 3324 1905 3379 est,
1921 3332 1980 3388 qnae
1993 3316 2054 3371 data
2070 3329 2111 3374 est
2134 3336 2183 3390 pro
2195 3324 2291 3380 emerui

1494 3398 1566 3465 rita;
1581 3399 1643 3455 etsi
1657 3416 1709 3456 oon
1726 3404 1942 3461 manducaverint
1957 3422 2066 3465 cartrem
2080 3408 2141 3465 Filii
2157 3410 2288 3481 bominis,

1494 3490 1543 3547 uec
1556 3491 1606 3563 apsa
1620 3492 1754 3549 nanuum
1766 3496 1857 3553 crau.
1902 3479 1907 3486 ’

1528 3580 1574 3638 28.
1587 3582 1704 3641 Hiucest
1724 3586 1805 3641 etiarn
1827 3586 1900 3654 illud,
1924 3588 2004 3645 Pater
2027 3593 2110 3664 ditiair
2133 3592 2243 3659 Filium,
2259 3607 2284 3652 et

1494 3670 1579 3727 emnia
1591 3674 1659 3728 dedit
1670 3675 1697 3729 in
1707 3678 1805 3730 naman·
1819 3679 1884 3748 einr.
1902 3680 1954 3747 Qui
1967 3684 2046 3738 credit
2056 3685 2082 3739 in
2095 3683 2120 3738 F
2120 3686 2202 3752 iiiuru,
2214 3688 2291 3744 bada

1494 3765 1570 3819 ritum
1580 3777 1718 3822 ceterarum:
1733 3770 1866 3838 quioniam
1880 3772 2025 3830 increduius
2034 3786 2071 3830 est
2084 3774 2166 3844 ntea,
2176 3795 2228 3834 uon
2242 3780 2290 3834 iro·

1495 3857 1653 3923 beditor'tom,
1668 3858 1713 3914 scd
1729 3860 1768 3915 ira
1789 3860 1837 3916 Dei
1857 3874 1941 3918 otonct
1961 3882 2038 3938 reaper
2059 3884 2115 3922 eunt
2129 3872 2138 3939 (
2153 3866 2233 3925 doen.
2246 3885 2287 3938 tu,

1494 3948 1539 4013 35,
1555 3949 1589 4004 ad
1602 3949 1624 4019 ).
1635 3950 1663 4003 in
1676 3965 1730 4020 quo
1742 3952 1822 4023 igitur
1835 3953 1929 4010 borum
1942 3972 2041 4027 genere
2058 3973 2187 4029 portensas
2198 3961 2284 4019 inian-

1496 4042 1558 4096 tos?
1573 4042 1598 4096 iu
1611 4057 1703 4097 eorum
1724 4044 1768 4113 qui
1783 4045 1897 4102 credunt
1919 4048 1944 4102 in
1959 4048 2067 4115 Filium,
2081 4066 2115 4106 an
2143 4053 2169 4107 in
2194 4068 2288 4110 eorum

1495 4134 1538 4202 qui
1553 4142 1614 4188 suut
1629 4134 1756 4190 increduli
1772 4135 1860 4192 Filio?
1872 4135 1900 4191 in
1916 4147 2021 4207 neutro,
2045 4142 2084 4196 ait
2095 4143 2209 4214 aliquis;
2220 4148 2283 4217 quia
2300 4133 2303 4138 ⁸

1496 4237 1555 4277 cum
1568 4223 1655 4279 adbuc
1669 4223 1780 4281 credere
1792 4241 1844 4280 raon
1860 4239 1980 4305 possunt,
1992 4245 2041 4285 nce
2053 4232 2182 4287 increduli
2194 4234 2284 4305 depu-

1496 4313 1567 4369 tandi
1585 4323 1656 4368 sunt.
1671 4313 1727 4369 Nou
1756 4315 1808 4372 boc
1833 4317 1956 4373 iudicat⁸
1980 4320 2159 4377 ecclesiastiea
2174 4326 2279 4393 reputa,

1495 4418 1555 4473 quaa
1577 4401 1726 4473 baptizatos
1748 4404 1863 4462 inientes
1884 4407 2003 4464 iideiiuut
2030 4427 2142 4467 numero
2156 4412 2289 4484 adiungit.

1496 4493 1581 4549 Porto
1594 4494 1617 4548 si
1636 4494 1679 4549 isti
1697 4496 1742 4565 qui
1754 4496 1933 4566 baptizantur,
1959 4508 2070 4572 propter
2083 4502 2208 4563 virtutem
2221 4505 2292 4561 eelo-

1496 4586 1698 4658 brationemque
1721 4590 1787 4644 taud
1809 4589 1985 4659 Sacrameuti,
2006 4597 2128 4666 quamvis
2141 4599 2294 4656 succerda

1495 4687 1633 4749 aequeore
1650 4694 1704 4735 non
1719 4690 1799 4752 aqant
1820 4681 1894 4755 quod
1913 4684 1947 4741 ad
1969 4687 2134 4745 credendum
2159 4692 2294 4750 conitor·

1528 4855 1843 4923 ¹taomnibusttss,pui.

1495 4916 1624 5029 ”ameum
1644 4916 1671 4970 io
1685 4930 1779 4970 omar.
1799 4927 1828 4972 at
1846 4925 2013 4987 mmatpn,
2028 4927 2099 4990 Juxta
2114 4927 2249 4994 enimam
2270 4931 2296 4984 to

1528 5039 1539 5072 ⁸
1553 5041 1590 5090 sic
1601 5047 1653 5090 ttss.
1666 5040 1727 5092 aaut
1739 5055 1807 5103 vero,
1814 5036 1924 5105 iudicat.

1526 5099 1564 5162 (a)
1580 5107 1644 5152 ttaoc
1660 5104 1808 5154 sementem
1826 5107 1859 5155 ab
1877 5107 2009 5168 armnoiioe
2029 5109 2108 5169 sede,
2124 5125 2180 5162 mm
2195 5111 2230 5165 de
2251 5115 2297 5169 bac

1497 5163 1549 5224 ipsa
1560 5174 1589 5212 re
1599 5171 1725 5227 ageretur,
1733 5166 1862 5216 adbdaitam
1872 5175 1955 5217 oonua
1963 5176 1993 5218 re
2036 5171 2104 5221 iaoos
2114 5174 2199 5234 fuisse,
2211 5178 2297 5231 sta-ibit

1499 5225 2003 5297 euwainusepistdbdpdt’auiiuummn.
2041 5232 2298 5289 crettadatnaitaiua·

1496 5297 1550 5334 rum
1560 5290 1715 5358 inamoenum
1724 5300 1784 5351 papa
1802 5291 1826 5339 ia
1834 5289 1934 5353 ernistob
1944 5291 1974 5340 ad
1986 5300 2068 5344 erues
2078 5295 2206 5348 ttiicritani
2217 5303 2297 5351 coni·

1496 5345 1596 5411 diique
1614 5352 1872 5414 anteranqusttuianas
1889 5361 1927 5402 est
1944 5352 1996 5404 tea
2010 5358 2088 5406 veria
2099 5361 2297 5424 mnooeadiquae

1495 5407 1544 5458 buc
1553 5415 1673 5471 spedarrr,
1685 5411 1808 5462 mautulit
1818 5423 1850 5461 uu
1861 5415 1964 5464 'ustinus
1975 5416 1999 5464 iu
2015 5414 2104 5466 iibnun
2117 5419 2296 5475 emorraeum

1495 5429 2109 5544 winoimeebmuoorum,n.btnartcrerceiastus
2117 5493 2178 5554 papa
2187 5491 2298 5544 pestem

1495 5534 1684 5594 gusarorointum
1691 5532 1777 5584 eadem
1787 5547 1818 5585 ex
1829 5540 1954 5595 sententia
1961 5537 2111 5602 Pebgbooe,
2118 5546 2240 5605 episeopis
2251 5560 2297 5608 pru

1496 5593 1873 5661 ricmamscrtuemedargun,
1882 5603 2093 5662 eaqueneminem
2099 5611 2231 5666 exceptum
2238 5620 2297 5658 essu

1495 5653 1586 5728 docuit
1603 5655 1744 5717 Fuigentius
1757 5670 1854 5720 por-roa
1870 5660 1991 5711 eomodo
2005 5662 2106 5713 decano
2119 5672 2220 5738 rogatus
2236 5672 2296 5731 qmd

1497 5717 1684 5790 carnamanduar
1703 5718 1737 5767 de
1755 5719 1834 5771 salute
1849 5723 1949 5784 juvenis
1961 5724 2094 5788 leemps,
2118 5741 2161 5788 qru
2183 5728 2296 5780 ineante

1496 5785 1576 5827 morte
1585 5779 1728 5840 baptizatus,
1737 5780 1803 5841 prim
1813 5778 1964 5844 decesserat,
1976 5798 2049 5846 quam
2059 5789 2230 5839 nuruuisuua
2242 5805 2297 5852 pur-

1495 5839 1612 5900 oepisset,
1623 5840 1730 5889 ostemiit
1741 5847 1768 5890 et
1779 5855 1811 5892 ex
1823 5843 1906 5894 multis·
1915 5845 2042 5908 scripturae
2055 5847 2122 5908 iocis,
2136 5858 2162 5900 ot
2174 5863 2205 5899 cx
2219 5857 2297 5915 Augu

1495 5901 1552 5950 stim
1567 5912 1683 5950 smnmae
1700 5901 1732 5949 ed
1749 5899 1863 5965 irritantes,
1879 5912 1960 5957 «tunc
1970 5920 2111 5972 unumquen
2137 5925 2171 5961 ue
2188 5911 2296 5964 bdelium

1500 5962 1632 6034 «conteris
1646 5964 1819 6026 sanguinisque
1832 5967 1945 6017 bominici
1964 5972 2105 6045 participem
2114 5924 2180 6044 wari,
2200 5979 2296 6038 quaudo

1500 6028 2297 6161 :attaminandoitutaibtiobtinus:

1500 6158 1611 6208 «panem
1634 6145 1701 6196 iilum
1722 6150 1834 6200 eoruedat
1849 6161 1876 6201 et
1893 6153 1997 6200 mireum
2012 6155 2088 6214 tritaet,
2099 6159 2132 6206 de
2145 6158 2192 6209 boc
2205 6164 2297 6210 saecuto

1500 6209 1547 6257 «in
1559 6208 1653 6257 unimte
1663 6213 1771 6272 corporis
1781 6211 1865 6263 cbristo
1883 6215 2029 6264 constitutus
2047 6219 2171 6269 abscedat
2185 6238 2197 6266 a
2209 6229 2295 6272 tonet-r

1497 6267 1539 6378 ltib'
1555 6269 1572 6317 δ
1589 6269 1621 6319 de
1633 6277 1786 6347 teccatorum
1807 6276 1905 6336 ueritis,
1925 6288 1948 6333 n.
1966 6276 2016 6337 id,
2039 6287 2211 6335 attrectatum
2224 6284 2254 6335 td
2277 6306 2297 6336 r.

1508 6343 1561 6382 oao.
1605 6343 1618 6354 ’·
