5592 7350
609 890 646 944 rs
1330 881 1522 937 nar-rino.
2217 889 2251 945 ῃ

610 1020 682 1065 tum
705 1000 849 1062 Ecclesia
871 998 1022 1059 universa
1044 994 1207 1076 Pelagium
1226 1012 1264 1056 ac
1286 993 1467 1055 Ctelestium
1491 993 1699 1065 ilannmrent,
1722 1013 1846 1057 necnon
1871 994 1987 1059 Zosimi
2011 998 2253 1063 subscriberent

607 1080 792 1159 epistolam.
807 1079 856 1139 lili
870 1096 945 1138 vere
960 1078 988 1137 id
1005 1095 1039 1137 se
1051 1076 1190 1138 tacturos
1205 1080 1375 1152 negarunt,
1391 1076 1513 1135 causati
1524 1075 1678 1143 videlicet,
1693 1074 1738 1134 ias
1754 1093 1816 1135 nen
1833 1079 2253 1146 esseabscntesacinaudi·

610 1168 671 1232 tos,
682 1160 806 1236 quique
822 1159 939 1217 libellis
950 1157 1017 1217 suis
1029 1172 1155 1216 errores
1169 1154 1229 1214 sibi
1241 1153 1407 1229 impositos
1417 1154 1694 1230 prescripsissent,
1703 1154 1811 1213 inlami
1825 1157 1982 1217 sententia
1994 1157 2122 1218 afficere
2132 1158 2251 1236 (lusce,

568 1230 580 1290 l
611 1233 1217 1375 Appendporteiqllacderelulianus
1231 1231 1472 1308 deditepistelas
1484 1233 1521 1291 ad
1532 1232 1782 1293 Zosimumduas
1796 1234 2161 1317 (Inseqtlperisimpers.
2178 1257 2253 1297 con-

610 1317 831 1380 tralationem
849 1316 872 1374 ii
896 1360 903 1374 .
922 1316 949 1387 1,
969 1312 1458 1392 cap.17),quarumaltera,quae
1471 1313 1750 1389 ejusahdieatiene
1763 1314 1853 1389 prior
1867 1321 2012 1391 apparet,
2030 1316 2082 1375 ille
2099 1317 2166 1392 ipse
2186 1318 2253 1375 t'or-

612 1398 693 1457 sitan
710 1397 837 1457 libellus
854 1395 924 1455 hdci
940 1399 999 1459 est,
1016 1393 1070 1468 qui
1088 1397 1198 1452 nestra
1213 1397 1304 1451 mtalc
1318 1408 1357 1449 ex
1374 1390 1552 1449 Veronensi
1571 1392 1678 1451 codice
1692 1393 1819 1468 prodire
1835 1395 1940 1471 erupit,
1958 1395 2170 1471 plurimorum
2185 1397 2250 1470 epi·

609 1493 796 1553 scoparum,
819 1492 933 1550 nempe
951 1473 1087 1531 istorum
1103 1469 1277 1531 octodecim
1296 1470 1351 1546 qui
1368 1487 1403 1527 sc
1417 1468 1546 1528 iuliane
1561 1469 1810 1547 conjunxerant,
1829 1473 1959 1532 norrrine
1974 1474 2112 1550 scriptus
2132 1475 2250 1553 (infru,

609 1554 753 1634 append.
771 1551 1050 1632 percommissis
1070 1551 1172 1609 tribus
1199 1549 1344 1626 partibus
1368 1546 1440 1607 fidei
1461 1547 1617 1624 professio
1640 1566 1703 1608 non
1722 1551 1858 1609 multum
1874 1568 1893 1611 a
1911 1552 2081 1630 Pelagiaua
2098 1558 2129 1611 et
2144 1554 2253 1612 Cir-le-

610 1639 716 1695 stiana
734 1650 833 1709 supra
849 1630 1032 1691 memoratis
1048 1628 1234 1705 discrepans
1255 1626 1462 1687 continetur:
1479 1626 1620 1687 latemur
1640 1633 1747 1687 tamen
1763 1647 1820 1704 per
1836 1629 1934 1690 hdam
1949 1648 2059 1691 omnes
2077 1632 2178 1704 mori;
2196 1633 2251 1691 sed

610 1716 778 1791 peccatum
798 1711 974 1788 originale,
990 1706 1076 1785 qued
1096 1707 1155 1784 ipsi
1174 1706 1320 1767 naturale
1336 1706 1489 1775 vocitant,
1507 1706 1692 1783 planissime
1709 1706 1868 1783 rejiciunt.
1885 1709 2050 1788 Pelagium
2066 1728 2197 1787 quoque
2213 1727 2251 1770 ac.

609 1792 794 1853 Coelestium
810 1789 937 1850 abunde
952 1787 1045 1846 tidem
1057 1803 1162 1853 suam,
1178 1785 1304 1863 rejectis
1318 1784 1375 1861 qui
1392 1785 1452 1845 sibi
1469 1785 1549 1844 laiso
1562 1785 1811 1862 imponebantur
1824 1788 2001 1859 erroribus,
2039 1792 2170 1849 robasse
2183 1791 2252 1850 exi·

610 1871 754 1931 stimant.
773 1869 810 1928 ln
826 1867 978 1928 extremis
994 1866 1152 1942 partibus,
1174 1866 1228 1924 ubi
1244 1863 1404 1923 rationem
1427 1864 1574 1936 reddunt,
1592 1882 1650 1924 cur
1672 1864 1902 1927 haeresiarchas
1919 1867 1989 1927 illos
2007 1807 2161 1929 ditmnare
2186 1887 2253 1928 ne-

611 1952 690 2014 lunt,
708 1948 794 2025 quod
811 1947 957 2007 videlicet
972 1945 1070 2005 auditi
1089 1944 1147 2021 ipsi
1166 1961 1229 2003 nen
1246 1942 1401 2012 fuissent,
1419 1942 1502 2003 hane
1517 1944 1548 2002 in
1563 1963 1629 2003 rem
1645 1942 1757 2003 iisdem
1772 1944 1862 2016 locis,
1879 1948 1999 2023 quibus
2013 1951 2088 2008 ante
2104 1949 2250 2008 Zosimus

611 2030 643 2088 in
660 2029 848 2097 Africanos,
870 2029 1060 2095 abutuntur,
1077 2030 1234 2100 tanquam
1253 2021 1315 2082 hoc
1329 2026 1424 2098 pacto
1438 2027 1593 2084 mutatam
1609 2023 1639 2083 ci
1659 2023 1851 2083 sententiam
1871 2026 2117 2102 exprobrantes.
2134 2027 2251 2088 llicunt

610 2125 662 2174 se,
688 2107 814 2166 tametsi
834 2110 865 2164 ct
885 2103 1027 2163 muneris
1044 2102 1094 2163 sui
1119 2106 1150 2162 et
1164 2101 1347 2162 christianae
1370 2101 1535 2162 charitatis
1560 2101 1612 2173 sit,
1636 2118 1718 2179 ques
1740 2119 1813 2163 reos
1830 2122 1901 2165 esse
1925 2122 1988 2164 nen
2004 2105 2167 2178 viderent,
2190 2106 2250 2166 hes

609 2186 693 2245 tueri
707 2186 807 2256 vclie3
824 2188 931 2244 tamen
948 2182 1079 2253 medios,
1094 2181 1187 2241 sicuti
1202 2180 1429 2257 promiserant,
1445 2197 1588 2249 manere,
1603 2184 1638 2239 ut
1651 2180 1779 2240 eosdem
1794 2199 1898 2259 neque
1911 2183 2072 2245 inauditos
2085 2185 2250 2257 damnent,

611 2281 716 2341 neque
731 2267 881 2324 absentes
897 2260 1077 2322 delendam.
1092 2259 1287 2326 Pontificem,
1303 2259 1330 2318 si
1344 2258 1509 2335 quidpiam
1523 2260 1555 2318 in
1569 2259 1618 2318 his
1631 2276 1703 2336 quar
1717 2259 1756 2320 de
1769 2259 1914 2323 doctrina
1926 2280 1986 2325 sua
1999 2267 2029 2325 ot
2044 2263 2104 2325 lide
2119 2263 2159 2324 ad
2174 2283 2250 2324 eum

610 2344 766 2412 scribunt,
794 2344 901 2403 minus
926 2341 1051 2418 prebet,
1070 2339 1101 2397 id
1119 2338 1178 2398 sibi
1201 2337 1382 2416 significare
1405 2355 1499 2415 pesse
1519 2338 1651 2399 dieunt:
1676 2343 1801 2399 atvero
1820 2340 1847 2399 si
1868 2341 1987 2420 injuria
2008 2347 2198 2422 urgeantur,
2216 2361 2252 2403 se

611 2424 763 2484 statuisse
780 2421 875 2481 nullis
889 2418 1114 2480 vexationibus
1150 2417 1363 2477 uantumlibet
1376 2417 1524 2478 violentis
1541 2418 1653 2478 cedere
1668 2436 1675 2475 :
1691 2433 1728 2478 ac
1743 2423 1898 2496 praeterea
1912 2420 1951 2482 ad
1967 2421 2121 2499 plenariae
2135 2421 2250 2501 synodi

608 2502 763 2580 judicium
779 2517 814 2560 se
829 2515 1018 2576 provocare,
1034 2435 1178 2556 Pentigci
1194 2496 1358 2557 declarant
1376 2494 1501 2574 (loia).

650 2581 796 2641 Zosimus
812 2596 907 2656 porro
924 2576 1123 2655 professione
1139 2574 1212 2635 iidei
1234 2592 1365 2651 prorsus
1382 2575 1554 2654 Pelagiana
1569 2573 1820 2653 haudquaquam
1839 2582 2007 2639 contentus
2026 2597 2097 2641 esse
2112 2584 2249 2657 poterat.

609 2662 814 2736 Quapropter
827 2663 953 2718 constat
969 2656 1133 2715 lulianum
1148 2654 1283 2733 ejusque
1298 2653 1403 2714 socios
1418 2654 1635 2715 ecclesiastica
1650 2655 1808 2716 sententia
1825 2657 1866 2718 ab
1880 2657 1991 2717 eodem
2005 2658 2122 2720 dictata
2137 2660 2252 2737 ponti-

610 2740 679 2807 hce,
697 2756 794 2815 quem
813 2736 931 2796 idcirce
953 2735 1073 2795 loliani
1087 2733 1308 2795 damnatorem
1324 2733 1460 2793 vocabat
1474 2734 1672 2811 Augustinus
1690 2733 1806 2814 (Infra,
1827 2744 1937 2795 contre
1953 2737 2129 2806 Jrrlienum,
2145 2738 2199 2799 lib.
2220 2741 2249 2812 l,

610 2837 645 2877 n.
660 2817 722 2895 ¹3),
742 2816 893 2894 degrada
908 2815 1128 2893 dignitateque
1147 2812 1285 2890 dejectos
1300 2811 1410 2872 luisse.
1426 2813 1538 2873 liciata
1558 2811 1617 2872 luit
1631 2813 1664 2871 in
1681 2813 1807 2877 tabulas
1823 2813 1889 2875 hmo
1904 2816 2080 2887 sententia3
2097 2818 2252 2893 quando-

610 2897 739 2973 quidem
764 2896 795 2953 in
817 2894 976 2971 Ephesios
998 2894 1121 2971 synodo
1138 2898 1210 2953 acta
1231 2891 1441 2968 depositionis
1466 2891 1602 2969 Pelagii,
1625 2891 1780 2969 Coeleslii,
1803 2893 1944 2965 iuliani,
1967 2895 2116 2967 Persidii,
2140 2897 2250 2971 Fieri,

571 3012 574 3016 .
610 2974 808 3044 llarcelliui,
827 2973 950 3033 Orontii
967 2979 998 3032 et
1013 2972 1187 3040 seriorum,
1205 2970 1285 3030 lecta
1301 2973 1332 3029 et
1345 2968 1534 3031 confirmata
1549 2970 1637 3031 tuere
1654 2970 1771 3051 (Intro,
1787 2972 1928 3051 Append.
1942 2982 2033 3051 perte
2046 2973 2089 3053 Ξ).

652 3057 725 3114 Post
740 3053 823 3113 bane
833 3052 941 3123 etiam,
954 3051 999 3111 uti
1016 3051 1107 3110 nobis
1125 3049 1259 3119 videtur,
1277 3049 1576 3110 condemnationem
1589 3066 1681 3110 suam
1693 3050 1841 3113 Julianus
1852 3052 2021 3129 epistolam
2035 3054 2143 3123 aliam,
2157 3054 2251 3134 cujus

610 3139 763 3209 excerpta
781 3132 886 3211 legere
899 3136 947 3191 est
960 3128 1045 3208 apud
1060 3130 1290 3199 llercatorem,
1316 3128 1443 3189 Zosimo
1466 3128 1595 3207 scripsit
1619 3127 1728 3208 (ldie.)
1745 3151 1752 3188 ε
1770 3132 1824 3191 ubi
1846 3131 2003 3207 quosdam
2024 3150 2065 3193 ex
2085 3135 2250 3196 erroribus

610 3213 643 3271 in
658 3211 806 3273 Coetestie
818 3210 990 3279 damnatis,
1004 3208 1109 3284 speeie
1122 3212 1216 3268 tenus
1228 3208 1398 3296 reprpbat;
1412 3223 1494 3285 ques
1511 3212 1621 3284 aperte
1636 3211 1748 3285 postca
1762 3210 1876 3271 docere
1895 3227 1959 3269 non
1973 3215 2021 3271 est
2034 3211 2165 3273 veritus.
2182 3215 2252 3274 An-

610 3290 789 3369 tequemio
805 3307 919 3349 manus
938 3287 1097 3348 Pontificis
1113 3286 1249 3364 epistola
1261 3285 1327 3347 haee
1341 3286 1535 3363 perveniret,
1550 3304 1607 3363 per
1620 3291 1719 3348 totam
1738 3307 1818 3365 pene
1836 3288 1961 3349 ltaliam
1982 3292 2213 3352 nonnullorum
2232 3311 2253 3357 a

610 3371 741 3431 Juliano
754 3369 960 3446 deceptorum
975 3365 1079 3427 studio
1094 3365 1283 3426 circumlata
1298 3370 1377 3433 erat,
1403 3368 1435 3425 et
1454 3382 1527 3426 cum
1551 3366 1719 3441 permultis
1736 3373 1889 3444 tanquam
1910 3369 2074 3447 egregium
2092 3370 2251 3447 quoddam

610 3467 691 3527 opus
707 3449 955 3509 communicata.
971 3446 1073 3506 Aliam
1090 3462 1220 3522 quoquo
1233 3444 1316 3503 idem
1335 3442 1497 3516 lulianus,
1515 3444 1741 3505 confirmandis
1757 3446 1795 3505 iis
1811 3447 1866 3523 qui
1882 3447 1955 3507 Pela
1979 3447 2128 3508 ianorum
2144 3456 2250 3527 partes

610 3531 829 3598 sectabantur,
847 3528 979 3587 hemam
997 3526 1057 3585 suh
1073 3524 1149 3585 anni
1163 3522 1473 3601 quadringentesimi
1490 3522 1604 3583 decimi
1622 3524 1697 3582 noni
1710 3525 1833 3585 exitum
1846 3524 1942 3585 misit.
1957 3465 2027 3587 illie
2041 3527 2252 3604 profitebatur

611 3627 646 3667 se
659 3626 732 3667 com
747 3606 944 3675 Manichaeis',
961 3604 1063 3676 idest,
1078 3603 1262 3671 Catholicis,
1284 3606 1351 3662 tum
1373 3602 1525 3680 temperis
1546 3620 1611 3663 nen
1635 3604 1873 3664 communicare
1897 3602 2021 3743 qlnsro,
2043 3614 2155 3666 contra
2173 3606 2252 3668 duos

611 3686 776 3766 Epictetus
794 3686 1041 3764 Peioqiormrum.
1054 3702 1086 3744 n.
1101 3682 1144 3763 b).
1161 3684 1198 3743 Et
1213 3683 1319 3760 reipsa
1334 3681 1502 3742 discidium
1517 3685 1558 3743 ab
1578 3683 1624 3743 eis
1642 3700 1715 3744 cum
1734 3683 1877 3745 Ecclesia
1909 3690 2014 3745 actum
2034 3689 2172 3747 testatur
2186 3688 2252 3749 Au·

612 3767 760 3845 gostinus
775 3765 885 3844 (Seres.
901 3765 969 3833 181,
985 3782 1018 3824 n.
1030 3763 1073 3842 3).
1085 3763 1110 3823 li
1124 3763 1326 3841 presbyteros
1345 3777 1422 3822 suos
1435 3767 1533 3839 atque
1547 3763 1714 3840 episcopos
1726 3763 1961 3841 aliquantisper
1974 3763 2158 3826 habuerunt
2172 3786 2179 3826 ε
2196 3784 2253 3828 re-

613 3863 684 3905 rum
697 3863 769 3915 cum
784 3861 822 3905 ea
834 3844 929 3904 tactio
945 3861 1071 3920 semper
1086 3842 1190 3903 tenuis
1205 3841 1377 3903 admodum
1394 3839 1588 3919 infirmaque
1604 3840 1711 3913 luerit,
1727 3842 1828 3903 sacris
1844 3841 1964 3903 aedibus
1981 3842 2013 3902 in
2030 3861 2111 3921 quas
2127 3863 2252 3908 cenve-

614 3924 719 3983 nirent
740 3923 1006 3985 destituebantur.
1029 3922 1189 3995 Quocirca
1204 3937 1316 3981 eorum
1333 3919 1479 3999 plerique
1493 3937 1557 3980 non
1572 3918 1763 3981 dubitabant
1783 3921 1814 3980 in
1838 3921 1990 3983 ecclesias
2012 3921 2251 3985 Catholieerum

569 4023 576 4047 ·
616 4003 733 4073 venire,
749 4007 780 4062 et
793 4020 858 4062 una
873 4001 1132 4062 communionem
1146 3999 1292 4076 accipere
1305 3998 1422 4079 (Infra.
1437 3999 1579 4078 Append.
1595 4009 1685 4077 porte
1701 3999 1753 4079 m:
1771 4000 1822 4061 isti
1839 4003 1944 4061 tamen
1959 4005 1989 4062 et
2002 4003 2124 4063 ceteris
2140 4003 2252 4065 lactio-

614 4083 662 4142 nis
675 4100 741 4143 sum
754 4081 880 4141 horro'ri
893 4084 996 4150 erant,
1012 4084 1044 4139 et
1058 4078 1160 4138 sicubi
1172 4078 1496 4155 deprehendebantur
1511 4096 1529 4139 a
1542 4078 1726 4150 Catholicis,
1743 4079 1962 4157 puniebantur
1974 4081 2189 4143 severissime.

651 4162 717 4221 Etsi
733 4166 840 4221 autem
855 4158 978 4220 iaetiosi
996 4175 1029 4218 se
1043 4175 1116 4217 cum
1130 4156 1316 4228 Catholicis,
1331 4173 1413 4234 ques
1426 4157 1619 4219 Manichaees
1633 4159 1856 4237 perinjurium
1870 4159 2093 4230 nominabant,
2109 4179 2251 4222 commu·

614 4241 720 4301 nicare
745 4240 830 4299 nolle
851 4239 1011 4318 jactarent
1035 4235 1151 4315 (Infra,
1175 4244 1286 4297 contro
1301 4236 1378 4295 duos
1397 4235 1562 4314 Epistolas
1577 4236 1830 4314 Peleqienerum.
1851 4255 1884 4296 n.
1901 4234 1952 4315 bd)
1971 4256 1978 4295 :
1998 4238 2121 4299 nullam
2143 4245 2251 4302 tamen

615 4336 743 4396 operam
757 4325 814 4380 aut
828 4316 1019 4378 industriam
1032 4316 1278 4393 praetermisere,
1292 4320 1328 4374 ut
1342 4315 1685 4376 excommunicationis
1705 4333 1832 4393 poenam
1854 4333 1873 4377 a
1898 4334 1931 4377 se
1952 4316 2029 4393 ipsis
2052 4325 2250 4380 amoverent.

614 4398 651 4457 lli
667 4415 746 4458 sane
767 4396 808 4457 ad
828 4397 1054 4474 imperatorem
1075 4394 1254 4455 Honorium
1271 4392 1395 4465 adiere,
1419 4409 1520 4471 aque
1536 4393 1658 4473 judices
1674 4395 1926 4468 ecclesiastices,
1950 4396 2005 4472 qui
2033 4397 2196 4476 negotium
2211 4399 2250 4460 ad

614 4495 748 4537 examen
764 4479 964 4544 revocarent,
981 4474 1198 4552 postularunt,
1213 4473 1336 4534 causati
1353 4491 1387 4534 se
1403 4489 1460 4550 per
1472 4472 1580 4533 dolum
1595 4478 1627 4534 et
1642 4473 1785 4534 iraudcm
1800 4473 2040 4536 condemnatos.
2060 4475 2182 4537 Verum
2206 4477 2252 4537 il-

615 4556 716 4614 lorum
733 4555 914 4615 molitiones
929 4553 1075 4614 Valerius
1089 4569 1195 4613 comes
1209 4553 1400 4614 auctoritate
1416 4569 1475 4612 sua
1490 4551 1594 4632 iregit,
1609 4554 1795 4631 obstititque
1811 4572 1850 4614 ne
1862 4557 1987 4630 tempus
2003 4570 2041 4615 ac
2059 4555 2150 4617 loeus
2169 4574 2252 4617 exa-

614 4634 770 4694 minanda
789 4650 900 4693 rursus
913 4649 1025 4693 eorum
1039 4649 1144 4694 causeo
1157 4634 1198 4691 ab
1213 4631 1411 4708 imperatore
1428 4632 1650 4710 assignaretur
1666 4632 1781 4712 (Infra,
1797 4632 1909 4709 Operis
1922 4633 2043 4712 imperf.
2061 4642 2170 4693 contre
2183 4635 2251 4695 Ju-

613 4711 742 4776 lionum.
759 4711 815 4774 lib.
828 4712 856 4783 1,
871 4729 939 4790 cop.
955 4712 1017 4789 10),
1034 4713 1079 4771 hc
1099 4712 1212 4770 merito
1229 4709 1357 4787 quidem
1374 4711 1549 4779 Honorius,
1567 4728 1639 4770 cum
1654 4711 1692 4770 de
1710 4713 1845 4788 antiqua
1857 4711 2015 4772 catholica
2031 4710 2090 4771 tide
2110 4711 2250 4774 dubitari

614 4794 721 4863 nollet,
736 4809 943 4870 nequaquam
961 4807 1060 4850 novas
1075 4789 1322 4867 disceptationes
1340 4789 1410 4849 iidei
1425 4789 1563 4848 inimicis
1578 4790 1797 4850 concedendas
1811 4807 1881 4850 csse
1895 4796 1983 4848 ratris
1996 4794 2054 4858 cst,
2070 4808 2180 4851 verum
2194 4809 2249 4853 ces

614 4872 716 4950 legum
730 4871 836 4948 potius
851 4887 889 4930 ae.
901 4868 1078 4946 disciplina
1092 4869 1262 4928 severitate
1273 4869 1477 4929 coercendos.
1494 4869 1598 4944 Atque
1615 4867 1657 4927 ita
1669 4868 1818 4928 Ecclesiae
1834 4868 2015 4928 auctoritati
2028 4869 2248 4947 suamjuuxit,

612 4957 641 5008 et
662 4950 829 5011 lulianum
852 4949 1011 5025 aliosque,
1034 4949 1151 5025 quibus
1168 4948 1387 5024 episcopatum
1412 4947 1557 5007 'desimus
1573 4945 1747 5016 ademerat,
1767 4946 1938 5025 ejiciendos
1953 4964 1994 5008 ex
2016 4948 2109 5010 ltalia
2124 4955 2250 5013 curavit

614 5029 727 5106 [Infra.
745 5027 886 5107 Append.
901 5036 991 5105 purte
1006 5026 1050 5106 2).
1072 5027 1142 5100 Quo
1164 5031 1307 5103 tempore
1327 5026 1357 5085 id
1378 5025 1496 5087 frictum
1520 5025 1633 5097 luerit,
1661 5027 1802 5085 nendum
1827 5025 1949 5104 liquide
1967 5035 2124 5104 apparet:
2144 5048 2249 5108 neque

613 5106 689 5167 ierte
704 5108 839 5186 contigit
852 5112 926 5168 ante
944 5123 1064 5166 annum
1080 5105 1433 5183 quadringentesimum
1451 5104 1610 5165 decimum
1632 5123 1773 5176 nonum,
1796 5122 1861 5184 quo
1884 5105 2061 5182 imperator
2082 5109 2248 5170 sanctione

614 5204 692 5246 nora
709 5187 880 5265 prepositis
895 5185 1105 5246 abdicationis
1121 5189 1218 5262 atque
1234 5183 1338 5244 exsilii
1353 5184 1455 5260 posuis
1470 5185 1637 5244 universos
1653 5185 1809 5244 antistites
1825 5183 1863 5245 ad
1882 5187 2155 5263 comprobandam
2169 5190 2249 5248 sub-

613 5266 839 5342 scriptionibus
852 5265 919 5326 suis
935 5264 1172 5325 darnuatienenr
1189 5263 1476 5324 haeresiarcharum
1493 5265 1666 5323 astrinxit:
1685 5263 1771 5340 quod
1795 5263 1870 5323 dicit
1889 5261 1908 5324 a
1930 5283 1965 5324 se
1984 5267 2193 5326 constitutum
2209 5267 2248 5326 ad

613 5345 824 5419 quorumdam
846 5346 1071 5423 episcoporum
1092 5343 1301 5420 pertinaciam
1324 5341 1561 5420 corrigendam,
1586 5342 1641 5419 qui
1666 5359 1781 5418 pravas
1805 5360 1918 5402 eorum
1941 5342 2174 5420 disputationes
2197 5347 2247 5404 rei

614 5425 707 5484 tacite
722 5441 884 5485 censensu
897 5427 1059 5496 astruunt,
1075 5422 1125 5483 vel
1141 5423 1268 5500 publica
1282 5421 1523 5500 oppugnatione
1542 5439 1605 5480 noa
1624 5420 1794 5481 destruunt
1809 5421 1929 5501 (Epist.
1947 5422 2018 5495 201,
2038 5423 2249 5502 interstrepo<

613 5503 787 5574 sturiones).

650 5582 804 5661 Negatam
819 5581 880 5642 sibi
896 5581 1020 5643 consilii
1047 5580 1171 5658 copiam
1190 5581 1325 5640 multum
1349 5579 1455 5657 questi
1480 5583 1555 5638 sunt
1573 5577 1735 5656 Pelagiani
1758 5598 1765 5636 ε
1787 5596 1922 5658 eamque
1943 5579 2187 5660 denegationem
2214 5597 2248 5643 m

615 5659 752 5722 rictoriae
764 5677 831 5722 suae
845 5666 1070 5739 argumentum
1092 5658 1218 5720 trahere
1239 5661 1413 5720 voluerunt
1428 5657 1543 5738 (Infra,
1561 5666 1673 5717 contro
1687 5658 1860 5726 lulianum,
1878 5658 1931 5718 lib.
1943 5658 1972 5728 3,
1988 5679 2020 5718 n.
2035 5664 2080 5738 5).
2098 5661 2247 5723 Julianus

613 5745 695 5800 certe
707 5739 913 5800 diffidentiam
927 5739 1098 5800 Catholicis
1112 5737 1251 5816 quodam
1262 5739 1356 5799 medo
1372 5735 1632 5807 insultabundus,
1649 5738 1690 5796 ob
1703 5742 1883 5798 recusatam
1899 5738 1957 5797 sibi
1970 5738 2103 5816 suisque
2115 5740 2248 5802 audien·

614 5817 699 5889 tiam,
715 5819 896 5896 objectabat
912 5818 1025 5898 (Infra,
1043 5827 1153 5878 contro
1165 5817 1242 5877 dues
1257 5817 1421 5896 Epistulas
1431 5815 1682 5894 Pelopioeorum.
1702 5832 1735 5874 u.
1749 5813 1813 5893 li).
1836 5815 2010 5893 Respondit
2031 5820 2246 5897 Augustinus,

614 5913 723 5957 eorum
738 5914 869 5959 eausam
884 5900 925 5959 ab
938 5898 1095 5975 episeopis
1111 5898 1303 5974 competenti
1321 5897 1430 5958 habito
1447 5895 1563 5956 'udicio
1576 5895 1703 5956 abunde
1718 5894 1906 5967 discussam,
1919 5896 1983 5955 alio
1998 5899 2148 5958 examine
2161 5900 2249 5962 haud

613 5974 752 6055 indigere
769 5975 877 6057 (leid,
891 5995 924 6037 n.
940 5975 996 6049 3123
1012 5986 1040 6036 et
1056 5985 1164 6036 contre
1177 5976 1351 6046 lulianum,
1368 5974 1421 6036 lib.
1438 5915 1468 6045 d,
1486 5992 1518 6034 n.
1534 5971 1583 6051 bl:
1601 5972 1715 6035 deinde
1739 5977 1883 6050 apertam
1908 5975 2002 6035 nimis
2028 5995 2099 6037 esse
2115 5977 2246 6040 haeresis

613 6053 790 6135 Pelagianae
803 6056 992 6133 perniciem;
1006 6061 1038 6117 et
1052 6056 1189 6116 lraercses
1202 6056 1373 6133 plerasque
1393 6055 1465 6115 sine
1479 6053 1677 6132 generalium
1691 6051 1887 6130 synodorum
1901 6057 2133 6119 convocatione
2149 6057 2249 6120 luisse

612 6134 777 6196 damnatas
792 6155 799 6193 ε
812 6142 844 6195 at
856 6137 942 6213 ipsos
958 6137 1069 6197 orbern
1084 6135 1288 6206 catholicum,
1299 6153 1400 6211 qoem
1420 6138 1603 6210 pervertere
1627 6135 1802 6208 nequeant,
1828 6133 1937 6194 conari
1958 6135 2071 6195 saltem
2100 6153 2250 6196 commo--

613 6231 702 6283 rere:
718 6232 841 6274 necnon
857 6232 923 6292 qua
940 6215 1091 6292 superbia
1108 6215 1235 6285 velunt,
1259 6232 1322 6272 non
1357 6213 1389 6272 in
1424 6213 1505 6281 Deo,
1530 6211 1584 6270 sed
1609 6211 1642 6269 in
1671 6229 1704 6271 se
1729 6211 1872 6289 gloriari,
1891 6213 1974 6274 hanc
1999 6215 2095 6277 etiam
2118 6223 2248 6293 captare

612 6294 759 6372 gloriam,
773 6299 808 6353 ut
822 6301 952 6372 propter
967 6294 1038 6354 ilios
1067 6292 1207 6353 Orientis
1236 6297 1267 6352 et
1289 6291 1469 6352 Occidentis
1493 6290 1635 6371 synodus
1663 6298 1875 6386 cengpegctur
1896 6290 2017 6375 (inire,
2044 6302 2161 6354 centra
2180 6293 2262 6350 dum

612 6373 775 6454 Epictetus
782 6372 1072 6452 Pelagianorumm.
1086 6371 1154 6454 dij:
1167 6373 1284 6433 similes
1300 6372 1359 6434 hae
1373 6370 1404 6432 in
1419 6390 1453 6434 re
1468 6371 1731 6452 liuuirniunistis,
1744 6393 1852 6456 quise
1866 6373 1910 6439 ud
1921 6369 2272 6455 ageneamtnesrtun-

745 6474 1018 6579 terrendus.
1198 6567 1202 6574 ¹
1406 6543 1417 6548 ,
1504 6498 1508 6505 ·
1964 6474 2111 6542 (noua
