5592 7350
579 922 628 978 :82
911 947 913 951 ·
984 916 1119 974 cottrita
1139 914 1307 974 JUleNUll
1328 914 1559 984 resistentib,
1579 917 1607 973 S.
1628 915 1811 975 aucusriitt

575 1037 670 1091 lendis.
687 1035 762 1093 Unde
784 1034 830 1090 tibi
852 1033 956 1088 duobus
967 1031 1102 1102 prioribus
1114 1031 1190 1088 libris
1202 1030 1241 1087 sic
1259 1045 1302 1085 me
1324 1043 1367 1082 re-

574 1127 714 1198 spondisse
725 1125 849 1189 arbitror,
866 1132 896 1179 ut
908 1138 922 1175 a
934 1122 1007 1177 nullo
1020 1122 1136 1192 amplius
1149 1126 1308 1193 requiratur.

610 1217 636 1272 2.
652 1217 802 1286 Exaggeras
817 1230 895 1285 quam
910 1214 944 1268 sit
959 1230 969 1265 ι
987 1211 1258 1283 dilliciiiepaucisque
1270 1224 1368 1265 conve-

573 1310 648 1365 nicus
672 1308 784 1364 eruditis
797 1317 947 1363 sanctarum
967 1304 1086 1377 cognitio
1108 1303 1284 1360 Litterarum:
1301 1322 1310 1356 i
1329 1301 1368 1355 vi·

573 1399 679 1465 delicet,
698 1417 708 1452 ι
724 1408 751 1453 ut
763 1399 831 1453 Deus
844 1398 991 1463 lrnminum,
1007 1396 1201 1453 sieutuniversi
1216 1394 1366 1459 eonditor¹,

571 1490 730 1559 etjustuset
744 1505 824 1544 verax
849 1504 880 1542 ac
901 1490 974 1558 pius,
992 1487 1062 1543 idem
1077 1488 1087 1520 ¹
1102 1486 1235 1554 Quorum
1258 1501 1367 1541 suorum

572 1580 599 1635 in
615 1579 736 1635 homines
759 1579 909 1635 euntrrlator
927 1580 1073 1648 probetur;
1097 1578 1158 1648 quia
1178 1593 1229 1632 una
1245 1585 1295 1640 est,
1314 1594 1323 1627 r
1339 1584 1369 1630 ut

573 1668 674 1733 lateris,
692 1689 701 1723 r
720 1670 820 1741 optima
834 1685 915 1725 causa
925 1668 1074 1724 studiorum
1088 1668 1229 1733 bonorum,
1243 1674 1271 1721 ut
1283 1666 1369 1720 hono-

574 1772 647 1818 retur
661 1763 740 1817 licus.
755 1780 765 1814 i
780 1761 865 1829 Quem
880 1769 968 1815 tamen
994 1759 1033 1815 sic
1054 1759 1182 1825 honoras,
1197 1768 1226 1814 ut
1242 1757 1366 1828 parvulo·

573 1870 630 1907 rmn
644 1853 814 1910 liberatorem
825 1867 906 1925 neges
930 1867 977 1922 per
992 1850 1128 1906 Christum
1153 1850 1257 1916 iesum,
1275 1849 1365 1914 idest,

572 1945 748 2010 salvatorem,
771 1942 848 2014 cujus
869 1957 918 1998 eos
929 1941 1093 2011 ilaptismate
1105 1942 1145 1996 sie
1155 1941 1225 1995 ablui
1241 1939 1329 1995 dicitis
1344 1939 1365 2005 ⁸,

573 2048 602 2093 ut
616 2052 669 2092 non
685 2042 885 2105 consequantur
905 2034 1028 2096 salutem,
1045 2041 1170 2102 tunquam
1194 2031 1299 2086 medico
1313 2045 1366 2085 non

573 2129 708 2199 indigeant
721 2124 982 2192 Cbrist03humame
997 2124 1108 2194 originis
1125 2138 1219 2192 venam
1236 2123 1367 2193 sagaciter

574 2219 747 2290 inspiciente,
760 2225 786 2272 ct
795 2231 843 2272 ens
855 2229 934 2271 sanos
949 2214 1137 2285 pronuntiante
1148 2213 1266 2269 iuliano.
1279 2213 1366 2282 Quen·

573 2323 600 2365 to
614 2311 709 2368 melius
725 2311 788 2365 nibil
806 2310 916 2364 omnino
938 2306 1095 2371 didicisses,
1119 2321 1198 2377 qnam
1217 2320 1265 2376 per
1288 2305 1366 2359 istam

574 2403 648 2458 velat
663 2401 801 2458 scientiam
816 2399 900 2471 legis,
916 2399 1008 2469 inqua
1027 2406 1053 2452 te
1067 2394 1184 2467 turgidus
1204 2396 1298 2465 jactas,
1314 2409 1367 2450 non

573 2510 636 2550 sane
655 2494 722 2549 dirce
741 2492 787 2548 bei
810 2492 885 2562 lege,
909 2490 956 2546 sed
971 2500 1059 2545 vestra
1072 2490 1160 2560 potins
1185 2489 1312 2554 vanitate,
1332 2486 1366 2542 ad

575 2586 641 2642 lianc
655 2585 765 2657 impiam
778 2582 1012 2654 praesumptionem
1026 2580 1159 2635 inimicam
1175 2579 1234 2634 srdei
1248 2578 1368 2633 elrristia·

573 2693 614 2731 nm
625 2686 651 2731 cl
663 2686 713 2731 tum
728 2677 824 2729 arrianae
840 2672 1017 2743 pervenisses.
1106 2715 1107 2719 ,

609 2768 635 2822 5.
662 2789 671 2818 r
690 2766 836 2831 seruientia,
853 2783 863 2816 r
880 2761 978 2835 inquis,
993 2770 1102 2818 «restra
1117 2768 1171 2816 tarn
1194 2758 1323 2815 dclormis
1341 2768 1368 2814 ct

573 2873 639 2912 vana
655 2865 705 2919 est,
719 2872 779 2927 que
800 2864 824 2911 et
845 2855 900 2910 ileo
914 2853 1099 2923 iniquitatem,
1113 2860 1141 2907 et
1156 2850 1261 2906 diabolo
1276 2850 1369 2904 eondi-

574 2952 672 3005 tiouern
685 2948 836 3013 bonrlnum,
858 2956 885 3002 et
899 2954 1009 3016 peccato
1028 2944 1223 3007 substantiam,
1254 2950 1280 2997 et
1301 2958 1367 2996 con·

573 3041 712 3098 scientiam
728 3039 785 3095 sine
796 3037 908 3094 seientia
923 3035 1041 3107 parruiis
1052 3044 1165 3091 conatur
1176 3032 1339 3089 adscribere.
1355 3050 1365 3085 a

574 3132 695 3188 Breviter
715 3128 885 3200 respondeo:
899 3125 1038 3183 Sententia
1055 3134 1145 3180 nostra
1168 3138 1218 3180 nee
1241 3119 1368 3178 deformis

469 3206 470 3209 Ἴ
572 3235 629 3290 est;
644 3224 706 3296 qnia
716 3222 867 3294 speciosum
886 3219 971 3275 lorma
984 3232 1038 3289 prae
1051 3216 1113 3273 liliis
1124 3216 1260 3272 hominum
1276 3214 1369 3270 Salva·

574 3330 658 3373 torem
675 3314 800 3386 praedicat
819 3311 939 3367 omnium
961 3308 1100 3366 homiuum
1117 3304 1204 3382 (Paul.
1230 3320 1305 3369 surr,
1320 3305 1367 3376 3),

573 3427 604 3466 ac
617 3425 663 3480 per
676 3409 728 3463 ime
747 3407 826 3463 etiam
842 3403 1012 3475 parvulorum
1028 3416 1098 3459 :nec
1117 3415 1183 3456 vana
1205 3408 1265 3464 est;
1286 3396 1369 3469 qrrae‘

573 3518 626 3555 non
645 3500 752 3565 trustra,
769 3495 815 3552 sed
832 3493 1003 3569 precedente
1016 3500 1126 3564 peccate
1147 3490 1213 3547 dicit
1231 3488 1369 3543 bominem

573 3592 681 3647 ranimti
690 3590 803 3645 similem
813 3590 921 3654 laetum,
932 3587 1007 3657 cujus
1015 3586 1072 3642 dies
1080 3584 1147 3641 sieut
1157 3584 1368 3654 umbrapraeter·

574 3691 638 3739 eunt
657 3681 741 3749 (Psoi.
764 3695 857 3744 exurit,
869 3679 899 3750 l)
909 3696 915 3731 :
927 3692 975 3733 nec
989 3679 1044 3733 Deo
1054 3677 1180 3733 adscribit
1191 3675 1367 3746 iniquitatem,

574 3774 620 3829 sed
628 3771 883 3845 potiuseeqnitatem3
893 3768 954 3841 quia
963 3783 1015 3824 non
1024 3769 1123 3838 injuste
1135 3776 1173 3823 tot
1184 3768 1302 3823 citantis
1313 3782 1369 3821 ma·

575 3865 685 3933 lisque
693 3862 841 3933 sepissime
850 3859 996 3926 cernimus,
1005 3859 1084 3914 etiam
1093 3858 1367 3928 parvuluspieetitur:

576 3953 738 4010 neediaboio
754 3949 933 4007 conditionem
941 3947 1089 4015 bominum,
1099 3947 1146 4002 sed
1157 3946 1368 4015 bumanaeorigi·

575 4043 859 4114 nisdepravationem;
875 4055 925 4096 nec
937 4047 1046 4112 peceato
1057 4037 1232 4095 substantiam
1244 4037 1265 4104 ⁸,
1280 4036 1326 4092 sed
1342 4037 1368 4092 iu

578 4136 672 4205 primis
686 4132 837 4188 bominibus
851 4141 951 4198 actum,
976 4130 1003 4186 in
1029 4145 1122 4185 eorum
1136 4144 1200 4185 vero
1216 4128 1369 4198 posteritate

575 4227 747 4297 contigium:
761 4238 810 4281 nee
824 4222 943 4295 parvulis
957 4221 1148 4277 conscientiam
1173 4220 1232 4275 sine
1246 4219 1367 4285 seleutia,

575 4322 601 4376 in
616 4321 712 4390 quibus
724 4333 774 4374 nee
787 4316 898 4374 scientia
913 4324 972 4383 est,
991 4329 1041 4370 nee
1056 4312 1236 4378 eonscientia;
1256 4310 1303 4366 sed
1318 4310 1371 4365 sei-

574 4414 611 4468 vit
626 4411 670 4467 iile
684 4409 746 4482 quid
766 4407 861 4463 lecerit
881 4406 906 4460 in
928 4418 981 4476 quo
1008 4418 1103 4458 omnes
1126 4409 1320 4472 peecaverunt,
1342 4412 1371 4456 et

572 4502 669 4574 singuli
684 4500 782 4554 malum
797 4497 860 4552 inde
881 4502 1031 4551 traxerunt.

610 4596 637 4652 i.
650 4591 836 4661 irrautcmqui
848 4590 858 4622 ⁸
870 4587 1065 4645 multitudinem
1074 4585 1368 4657 praestruisidiotarum,

574 4702 641 4758 quos
656 4684 775 4757 appellas
786 4702 796 4736 ι
808 4681 953 4752 simplices,
965 4680 1022 4750 qni,
1036 4680 1095 4735 aliis
1103 4679 1225 4748 occupati
1237 4678 1368 4747 negotiis,

576 4776 641 4832 niirii
654 4775 687 4831 de
700 4772 851 4831 eruditione
870 4779 1015 4840 ceperunt,
1027 4770 1083 4825 sola
1098 4778 1187 4823 tamen
1204 4767 1256 4823 lide
1270 4767 1303 4822 ad
1316 4768 1369 4822 Ec·

575 4869 683 4926 cicsiam
698 4865 795 4921 Cirristi
810 4863 949 4934 pervenire
963 4870 1100 4928 curarunt,
1125 4876 1158 4916 nc
1180 4859 1257 4915 lacile
1272 4860 1370 4915 obscu-

577 4962 614 5017 ris
627 4959 816 5031 quaestionibus
828 4964 989 5021 terreantur,
1003 4954 1050 5010 sed
1064 4953 1205 5009 credentes
1226 4953 1308 5008 ileum
1325 4967 1372 5008 ve·

577 5067 636 5106 rum
645 5044 1037 5110 conditoremessebotninum,
1052 5043 1251 5099 indubitanteri
1264 5057 1371 5113 qunque

578 5147 686 5196 teneant
700 5138 760 5208 quia
776 5137 834 5207 pins
849 5144 908 5201 est,
922 5134 982 5205 qnia
996 5148 1076 5190 verax
1088 5176 1095 5199 ,
1109 5135 1170 5203 quia
1177 5133 1280 5203 justue;
1292 5143 1371 5201 atquae

578 5232 646 5287 lianc
661 5227 864 5285 estimationem
877 5224 910 5280 de
929 5224 973 5279 iila
985 5223 1116 5278 Trinitate
1127 5231 1274 5286 servantes,
1294 5222 1371 5293 quid-

577 5326 641 5397 quid
654 5322 787 5379 audierint
807 5319 868 5373 lmic
883 5316 1028 5372 convenire
1042 5316 1200 5382 sententia,
1215 5315 1371 5384 amplexen-

578 5426 713 5486 iuratque
727 5410 878 5469 collaudent
893 5427 899 5462 z
917 5423 967 5464 nec
980 5408 1031 5462 boc
1052 5407 1091 5461 cis
1107 5406 1158 5460 ulia
1172 5407 1211 5460 vis
1231 5421 1372 5476 argumen-

579 5508 686 5564 tationis
700 5505 816 5570 eveiiat,
830 5500 876 5557 sed
888 5500 1057 5556 detestentur
1067 5513 1174 5553 omnem
1185 5497 1371 5552 auctoritatem

579 5612 659 5672 atque
668 5613 774 5654 ornnem
786 5595 940 5651 societatem
965 5591 1098 5648 contraria
1111 5580 1271 5660 persuadere
1286 5589 1372 5642 niten-

612 5757 667 5805 iste
678 5753 790 5818 plerique
802 5759 855 5801 tiss.
869 5749 912 5800 alii
926 5761 981 5799 eum
1001 5756 1052 5797 Αιιι.
1065 5755 1091 5797 et
1102 5751 1149 5803 tr,
1167 5750 1193 5793 ut
1216 5751 1278 5814 neue
1295 5741 1372 5814 laonii·

579 5828 636 5868 nunt
646 5815 709 5867 sieut
726 5813 891 5866 uniuersorum
902 5809 1020 5863 conditor.
1044 5814 1110 5868 ter..
1123 5813 1149 5860 ut
1161 5813 1226 5858 boue
1236 5812 1299 5858 creat
1318 5818 1373 5856 am·

580 5866 1076 5942 versitatisconditer;onrisso,dmrrinum.

614 5941 625 5971 ¹
636 5935 793 5989 nimocensis
801 5944 841 5985 nis.
850 5942 982 6005 correctus,
992 5940 1035 5984 rto.

617 6000 705 6058 'ratiti
718 5998 788 6049 dicis.
802 6006 865 6056 uss,
878 5995 967 6046 dicatvs.

523 6051 535 6070 ⁶
613 6062 623 6090 ⁶
637 6061 701 6131 apud
713 6060 851 6121 tov.,quie.
865 6065 889 6106 in
902 6058 973 6106 editis
982 6056 1036 6106 aliis
1047 6065 1074 6106 et
1085 6061 1150 6111 tiss,
1162 6065 1225 6117 quer.

614 6123 624 6153 ⁸
637 6128 677 6169 rire
688 6128 724 6170 tr.
736 6122 810 6176 addit,
820 6119 971 6190 deputemur.
984 6125 1048 6173 ιον..
1062 6119 1169 6190 deperiat.
1185 6126 1234 6164 sm.
1245 6126 1300 6163 eum
1312 6125 1373 6162 nou·

583 6183 657 6237 uirilis
668 6189 731 6239 uss,
744 6182 957 6244 deperdentes
971 6193 985 6229 a
1003 6178 1144 6229 melioribus
1159 6176 1334 6238 uaauscriptis,
1347 6181 1375 6226 ut

584 6243 749 6300 evrtraudiatur,
763 6241 887 6291 adscribit.

616 6306 801 6353 *lovanienses
810 6309 990 6364 expunxerant.
1002 6300 1052 6362 etri.

605 6370 679 6418 'iarn
694 6376 721 6416 ut
731 6366 801 6430 deig.
815 6372 880 6422 tiss..
890 6361 1033 6417 indemitate.

2171 924 2218 979 ist

1423 1037 1493 1089 tcm:
1513 1046 1522 1081 r
1541 1030 1562 1084 si
1580 1028 1638 1085 liae
1653 1030 1709 1099 ipsa
1733 1038 1776 1084 tria
1798 1028 1878 1084 verba
1903 1029 2073 1095 consideras,
2088 1032 2219 1088 adversor

1423 1129 1448 1174 te
1471 1121 1529 1175 illos
1552 1121 1722 1176 firmissimos
1745 1120 1844 1175 reddis.
1860 1120 1953 1192 lieqrre
1975 1123 2047 1178 enirn
2061 1123 2113 1177 alia
2136 1139 2218 1180 eausa

1422 1219 1461 1265 cst
1472 1253 1479 1276 ,
1491 1226 1539 1264 cur
1550 1213 1693 1266 ueritatem
1709 1221 1823 1265 vestram
1836 1211 1984 1268 detestetur
1998 1213 2079 1269 etiam
2095 1215 2218 1270 meriritu-

1421 1301 1456 1356 dn
1470 1300 1614 1357 christiana
1632 1304 1652 1369 ¹,
1675 1318 1690 1357 a
1715 1303 1792 1371 crrjvrs
1816 1302 1891 1358 velut
1913 1303 2037 1374 imperito
2062 1305 2166 1375 judicio
2185 1305 2218 1362 ad

1422 1409 1520 1463 paucos
1532 1404 1645 1461 vestros,
1663 1409 1730 1466 quos
1744 1393 1829 1449 rideri
1851 1395 1927 1465 cupis
1953 1396 2180 1467 prudentissimos
2191 1406 2218 1453 et

1420 1484 1606 1550 doctissimos,
1622 1500 1771 1555 provocas;
1789 1485 1838 1541 nisi
1851 1487 1913 1558 quia
1929 1487 2012 1544 ὓειιιιι
2033 1500 2062 1545 et
2076 1489 2215 1545 bominum

1421 1577 1607 1644 conditorcm,
1622 1588 1649 1633 et
1662 1578 1673 1610 ¹
1685 1578 1865 1647 justissimum
1890 1580 2029 1651 cogitant,
2056 1590 2084 1637 el
2107 1597 2217 1638 suorum

1420 1677 1510 1725 tantos
1538 1670 1673 1725 cruciatus
1700 1672 1870 1741 conspiciunt
1895 1672 2082 1741 parvulorum,
2108 1683 2140 1728 ut
2169 1673 2218 1728 snb

1422 1758 1478 1815 Deo
1500 1770 1621 1816 creatore
1641 1761 1743 1832 optimo
1765 1771 1845 1832 atique
1865 1761 2014 1832 justissimo
2040 1762 2116 1819 nullo
2138 1764 2218 1819 modo

1421 1852 1508 1924 imago
1523 1852 1580 1922 ejus
1592 1854 1617 1907 in
1633 1853 1677 1907 iiia
1692 1861 1771 1908 aetate
1784 1861 1855 1908 muta
1870 1854 1939 1908 mala
1958 1862 2106 1923 poteretur,
2122 1855 2145 1910 si
2161 1868 2213 1910 nou

1419 1954 1492 1999 esset
1505 1944 1634 2014 originale
1657 1951 1806 2012 peceatum.
1830 1943 1948 2012 Quorum
1971 1943 1993 1999 si
2008 1944 2151 2015 quisquam
2171 1960 2218 2016 ge·

1419 2044 1493 2091 stans
1509 2035 1647 2105 parvulum
1669 2034 1767 2100 lilium,
1783 2044 1808 2091 te
1818 2036 1878 2092 sine
1891 2036 2010 2110 elamore
2023 2036 2174 2105 invidioso,
2189 2046 2217 2094 ct

1419 2128 1446 2182 in
1462 2137 1537 2198 parte
1555 2128 1602 2184 ubi
1617 2128 1706 2183 nullus
1719 2128 1839 2193 audiret,
1860 2129 2035 2199 compellaret
2052 2143 2085 2185 ae
2103 2128 2215 2193 diceret,

1393 2262 1396 2267 .
1420 2218 1477 2290 Ego
1490 2234 1519 2275 ca
1535 2228 1639 2285 mente,
1655 2217 1847 2289 intelligentia,
1863 2219 1985 2284 ratione,
1999 2204 2092 2291 inqua
2106 2234 2165 2275 sura
2179 2220 2217 2274 la·

1418 2319 1477 2367 ctus
1487 2309 1519 2364 ad
1534 2310 1676 2381 imaginem
1694 2311 1756 2374 Dei;
1773 2318 1875 2365 tantum
1890 2324 1952 2364 amo
1974 2325 2086 2382 regnum
2100 2308 2149 2367 Dei
2162 2349 2171 2376 ,
2186 2318 2217 2365 ut

1419 2398 1535 2455 bominis
1554 2416 1678 2471 magnam
1700 2400 1818 2470 judicem
1842 2414 1960 2471 poenam,
1978 2400 2001 2455 sl
2021 2414 2054 2456 eo
2074 2416 2213 2473 nunqnam

1419 2492 1503 2564 possit
1515 2490 1625 2546 intrare.
1640 2491 1714 2547 itane
1731 2505 1796 2546 vero
1816 2500 1844 2546 tu
1859 2507 1912 2547 nen
1927 2490 2009 2548 bomo
2021 2491 2055 2548 de
2070 2492 2149 2548 turbu
2164 2492 2215 2548 im·

1419 2581 1579 2651 peritorum,
1593 2581 1639 2637 sed
1657 2583 1728 2638 mter
1746 2596 1845 2653 paucos
1859 2582 2083 2653 prudentissimos
2094 2585 2172 2657 regni
2185 2584 2216 2641 ii

1420 2671 1470 2726 lius
1482 2682 1593 2738 amator,
1611 2680 1684 2728 tanto
1701 2673 1793 2744 utique
1812 2673 1949 2730 ardentior
1968 2684 2071 2746 quanto
2092 2675 2216 2747 magiste

1418 2762 1624 2834 flagrantissima
1638 2780 1783 2835 paucorum
1806 2766 1919 2822 societas
1942 2766 1968 2821 in
1992 2766 2060 2822 iliud
2080 2767 2214 2832 amarit,

1420 2869 1469 2910 nec
1482 2855 1542 2910 iacit
1553 2855 1615 2912 inde
1629 2865 1782 2925 torpescere
1795 2855 1915 2929 frigidior
1924 2857 2085 2922 multitudo,
2103 2872 2216 2928 respon·

1419 2961 1499 3001 surus
1520 2961 1550 3002 es
1571 2947 1672 3005 bomini
1692 2959 1771 3020 atque
1795 2949 1924 3017 dicturus,
1942 2950 1999 3006 lion
2015 2951 2104 3006 solum
2121 2965 2215 3023 ιιιιμι

1420 3050 1472 3091 ιιοιι
1487 3045 1538 3105 est,
1549 3037 1597 3095 sed
1624 3040 1695 3095 nullia
1710 3040 1820 3097 omnino
1841 3056 1919 3112 poena
1943 3050 1986 3097 est
2005 3042 2133 3112 imaginis
2158 3041 2215 3104 uei.

1420 3141 1554 3197 nunquam
1568 3142 1648 3199 pesse
1669 3130 1769 3187 intrare
1793 3132 1819 3187 in
1841 3147 1951 3203 regnum
1969 3131 2039 3188 ileii
2059 3132 2217 3203 tuaequae

1419 3233 1470 3274 nee
1480 3220 1524 3274 uni
1540 3220 1660 3285 homini,
1676 3223 1753 3293 cujus
1763 3237 1813 3278 nec
1826 3223 1879 3278 rim
1891 3237 1941 3278 nec
1960 3223 2148 3279 testimenium
2161 3220 2217 3279 lor·

1420 3307 1551 3377 midabis,
1563 3310 1617 3367 boe
1630 3309 1721 3368 dicere
1737 3311 1859 3368 audebis.
1876 3312 1915 3368 Te
1929 3312 2017 3383 itaque
2030 3314 2090 3370 sire
2102 3328 2216 3385 respon·

1419 3400 1502 3458 dente
1515 3401 1665 3471 quodlibet,
1688 3403 1744 3458 sive
1766 3402 1848 3473 (quod
1874 3403 1957 3474 magis
1975 3419 1990 3457 a
2009 3412 2038 3457 te
2061 3404 2183 3475 exigeret
2195 3404 2216 3459 si

1420 3508 1473 3549 non
1486 3493 1648 3559 eluristiana,
1663 3504 1736 3551 certe
1752 3496 1867 3552 humana
1880 3496 2053 3565 verecundia)
2069 3497 2216 3564 reticente,

1421 3584 1552 3656 ingereret
1572 3586 1724 3655 aspectibus
1747 3585 1798 3643 tuis
1825 3588 1964 3656 parrutnrn
1990 3601 2087 3650 suum,
2103 3587 2214 3643 dicens:

1420 3677 1510 3732 iustus
1522 3685 1563 3732 est
1586 3677 1674 3744 Deus;
1701 3677 1765 3749 quid
1789 3678 1851 3734 mali
1873 3687 1924 3745 est,
1950 3678 2020 3749 quod
2044 3679 2215 3735 innocentem

1420 3767 1490 3824 bane
1503 3769 1561 3838 ejus
1575 3769 1715 3839 imaginem
1729 3770 1852 3841 probibet
1864 3771 1963 3828 intrare
1974 3772 1999 3825 in
2011 3788 2128 3844 regnum
2144 3773 2214 3844 ejus:

1421 3861 1442 3915 si
1463 3876 1515 3914 nnn
1531 3860 1582 3914 boe
1603 3870 1644 3916 est
1662 3871 1800 3932 peecatum
1813 3904 1821 3928 ,
1834 3863 1903 3933 quod
1918 3880 1966 3933 per
1981 3880 2064 3918 ιιιιιιιιι
2077 3865 2212 3920 hominem

1421 3950 1527 4005 intravit
1542 3950 1569 4005 in
1589 3951 1716 4006 muudum
1732 3951 1819 4023 (Rom.
1833 3969 1861 4018 v,
1887 3954 1951 4024 lii?
1969 3954 2037 4008 Puto
2050 3954 2126 4024 quod
2147 3955 2215 4010 nulia

1420 4040 1467 4095 tibi
1483 4041 1568 4097 aderit
1594 4042 1739 4111 sapientia,
1763 4060 1814 4114 qm
1837 4044 1883 4098 tibi
1909 4043 2024 4099 videaris
2046 4045 2093 4100 iilo
2109 4045 2214 4100 indocto

1422 4131 1530 4187 bomine
1544 4132 1663 4196 docilem
1678 4132 1725 4188 sed
1749 4133 1801 4188 sia
1823 4143 1850 4188 te
1874 4135 2018 4190 recesserit
2039 4135 2213 4205 impudentia,

1421 4222 1467 4276 ilio
1483 4221 1581 4277 inlantc
1592 4223 1743 4278 remanebis
1759 4223 1895 4278 infamior.

1458 4308 1571 4367 CAPUT
1594 4311 1626 4366 il.
1648 4341 1685 4355 -
1705 4312 1732 4368 5.
1755 4313 1807 4369 Sed
1827 4314 1957 4383 prooemio
1982 4314 2141 4383 terminato,
2166 4329 2215 4387 quo

1422 4403 1560 4474 imperitus
1573 4403 1722 4459 admonitos
1740 4405 1886 4469 removisti,
1901 4414 1928 4460 ct
1943 4420 2091 4474 paucorum
2108 4409 2154 4464 tibi
2171 4424 2216 4462 ao·

1421 4510 1473 4551 res.
1483 4495 1679 4551 eruditissimas
1693 4495 1866 4566 preparasti,
1883 4495 1946 4564 quid
1970 4496 2163 4566 disputationis
2171 4513 2215 4568 ag·

1421 4585 1545 4657 grediare
1559 4585 1706 4641 videamus.
1730 4584 1827 4640 Nescio
1842 4585 1906 4655 quid
1930 4586 2001 4641 cuim
2025 4587 2096 4642 satis
2114 4597 2215 4642 acutum

1423 4679 1469 4733 tibi
1479 4679 1552 4732 veuit
1566 4678 1591 4731 in
1607 4688 1741 4741 mentem,
1763 4676 1833 4748 qnod
1849 4689 1875 4734 te
1893 4677 1921 4733 in
1940 4678 2061 4734 secundo
2085 4680 2155 4736 libro
2174 4687 2215 4733 tuo

1423 4767 1533 4838 lugeret,
1548 4782 1609 4822 eum
1624 4766 1658 4822 de
1669 4767 1796 4822 membris
1809 4766 1960 4837 pudendis,
1977 4783 2038 4838 quas
2050 4779 2114 4839 post
2127 4781 2217 4841 peeca-

1423 4867 1479 4913 tum
1504 4859 1626 4914 rationali
1649 4859 1845 4915 verecundante
1866 4869 1960 4916 natura
1976 4861 2154 4918 bmilneormn
2173 4861 2216 4917 ad-

1423 4960 1515 5021 operta
1527 4957 1590 5005 sunt
1600 4950 1715 5021 tegmine
1730 4949 1864 5016 loliorum,
1878 4951 2107 5021 multudixissoe3
2122 4952 2216 5009 trustra

1423 5041 1539 5098 relutarc
1553 5040 1746 5112 conatusquod
1771 5057 1821 5112 ego
1838 5042 1976 5110 dixeram,
1997 5060 2007 5095 ι
2026 5042 2083 5100 Cur
2101 5059 2215 5115 ergoet

1424 5135 1476 5190 iilis
1490 5134 1616 5189 membris
1627 5133 1749 5190 conlusio
1763 5144 1822 5206 post
1847 5146 2004 5205 peceatum,
2027 5137 2082 5192 nisi
2094 5137 2156 5207 quia
2170 5151 2214 5192 er·

1424 5225 1492 5281 stitit
1502 5225 1553 5280 iilic
1567 5224 1692 5280 indecens
1703 5236 1791 5280 motus
1807 5225 1873 5298 dile
1881 5225 1986 5297 Nuptiis
1996 5235 2019 5280 et
2033 5225 2216 5298 Concupiscen-

1425 5318 1470 5383 tie,
1485 5317 1528 5371 tlt.
1552 5316 1578 5383 l,
1594 5333 1620 5369 n.
1647 5317 1692 5388 5ll
1720 5316 1787 5385 Quid
1806 5316 1885 5387 igitur
1901 5318 2073 5389 cucogitasti,
2093 5318 2165 5390 quod
2185 5318 2216 5372 ita

1425 5408 1473 5463 tibi
1489 5407 1595 5478 placuit,
1611 5415 1638 5462 ut
1659 5422 1709 5463 nce
1724 5407 1799 5462 [irrito
1814 5407 1968 5475 volumine,
1993 5407 2038 5462 ubi
2055 5407 2126 5463 banc
2144 5422 2213 5478 qne·

1425 5499 1538 5554 stionem
1551 5506 1605 5552 tam
1626 5498 1750 5552 diuturna
1776 5497 1937 5568 loquacitate
1952 5498 2078 5563 versasti,
2099 5497 2157 5566 jaro
2171 5497 2216 5550 boc

1425 5602 1533 5664 paliares
1553 5592 1749 5646 oriritteudum?
1770 5591 1904 5661 Scriptum
1929 5605 1990 5648 esse
2010 5590 2098 5657 dicis,
2111 5589 2217 5660 Elium·

1426 5695 1484 5739 rvrrt
1496 5684 1543 5739 ribi
1566 5686 1712 5738 aestinreutu
1726 5682 1802 5756 (Gen.
1816 5699 1857 5748 rur,
1870 5685 1910 5754 t),
1932 5684 2067 5754 aliamque
2087 5684 2216 5752 interpr&

1426 5778 1553 5832 tationem
1577 5775 1676 5831 habere
1690 5780 1885 5830 commemoras
1900 5775 2057 5845 perizomate
2072 5782 2123 5829 :et
2146 5772 2214 5827 resti·

1426 5878 1511 5922 menta
1522 5864 1645 5936 perhibes
1660 5883 1670 5918 ι
1686 5866 1768 5920 totius
1782 5865 1901 5934 eorporis
1912 5864 2099 5919 indumentum
2113 5861 2217 5931 intelligi

1427 5972 1521 6028 posse,
1535 5954 1605 6026 quod
1618 5955 1650 6009 ad
1667 5953 1777 6024 pudoris
1795 5955 1910 6010 retertur
1926 5954 2056 6009 osticium.
2080 5972 2091 6008 a
2108 5953 2158 6011 Ubi
2171 5951 2203 6006 nri

1366 6051 1368 6054 ‘
1427 6063 1472 6102 ror
1485 6047 1564 6100 istum
1586 6044 1760 6112 interpretem
1782 6060 1861 6115 qoem
1882 6045 1989 6114 legisti,
2019 6044 2043 6099 si
2065 6043 2216 6114 Pelagium

1428 6156 1480 6194 urm
1508 6135 1570 6200 luit,
1586 6149 1618 6190 ex
1644 6136 1769 6205 eoquod
1792 6151 1893 6207 grecus
1918 6136 1956 6190 ait
1979 6136 2155 6206 perizomata,
2177 6147 2215 6186 vr·

1461 6298 1469 6327 ¹
1482 6289 1575 6350 ,aliquot
1584 6294 1649 6347 tiss,
1660 6284 1859 6338 christianorum.

1462 6361 1470 6389 ι
1482 6347 1619 6411 tarpeiatira
1630 6348 1756 6409 particula.
1765 6356 1797 6412 et,
1811 6360 1896 6401 «musa
1908 6353 1946 6402 inc
1957 6355 2022 6413 apri
2034 6362 2091 6404 tras.
