5592 7350
505 942 560 998 mr

507 1061 582 1120 surit,
599 1053 645 1124 qui
665 1052 733 1109 benc
748 1052 832 1107 tibrrn
853 1058 957 1106 utentes
976 1051 1087 1107 arbitrio
1102 1064 1240 1108 merentur
1253 1053 1305 1108 [lo-

510 1148 573 1203 mini
590 1146 723 1216 gratiam,
738 1154 765 1200 ct
776 1145 834 1216 ejus
852 1144 976 1200 mandata
997 1144 1161 1199 custodiunt.
1178 1164 1187 1197 ι
1203 1144 1305 1215 Nempe

512 1237 680 1293 manitesmm
691 1244 743 1307 est,
754 1251 815 1291 eum
827 1236 917 1291 dicere
926 1236 1038 1307 gratiam
1049 1235 1194 1290 secundom
1211 1236 1304 1290 rnerita

509 1329 576 1397 dari,
587 1330 813 1400 quamlibeteam,
830 1330 872 1384 sel
886 1328 1059 1399 qualemlibet
1070 1329 1304 1399 signiticetsquam

508 1429 597 1475 umen
618 1431 710 1491 aperte
730 1436 782 1476 non
802 1422 935 1491 exprimit.
954 1420 1022 1474 Nam
1041 1436 1100 1475 ιιιιιι
1114 1435 1161 1476 oos
1177 1435 1303 1477 retuttne·

508 1513 608 1568 nudos
620 1513 696 1580 dicit,
711 1513 755 1584 qui
768 1513 836 1568 bene
851 1522 961 1567 utuntur
974 1512 1057 1567 libero
1070 1511 1192 1579 arbitrio,
1204 1519 1231 1567 ot
1242 1511 1302 1567 ideo

509 1607 608 1661 mereri
632 1607 735 1662 Domini
758 1605 1020 1677 gratiam,debitum
1042 1604 1082 1660 eis
1099 1603 1173 1660 reddi
1193 1603 1301 1659 latetur.

506 1698 557 1759 libi
571 1710 615 1757 est
626 1716 691 1773 ergo
705 1700 770 1755 illud
784 1699 922 1771 Apostoli,
935 1696 1075 1767 laetificati
1095 1698 1174 1768 qratia
1189 1713 1235 1767 per
1244 1713 1302 1764 qm—

505 1794 569 1847 tiem
587 1794 670 1866 ipsius
690 1773 840 1863 (liomsru,
856 1789 923 1861 stit
936 1788 986 1845 Ubi
1011 1795 1052 1845 est
1074 1796 1102 1843 et
1115 1787 1195 1854 illud,
1213 1786 1302 1842 Gratia

506 1884 570 1938 selei
590 1884 653 1953 sueti
672 1882 751 1937 estis?
765 1882 798 1936 Et
820 1896 854 1935 ne
870 1888 992 1951 putarent
1005 1895 1053 1950 per
1066 1893 1166 1949 opera,
1181 1878 1300 1943 addidit,

506 1990 550 2044 per
563 1973 653 2043 fidere.
667 1972 771 2027 Rursus
783 1987 818 2027 ne
832 1971 916 2041 ipsam
930 1970 1008 2025 ddem
1022 1969 1081 2024 sine
1096 1968 1143 2023 bei
1153 1969 1238 2039 gratia
1251 1968 1300 2022 sibi

506 2071 633 2134 putarent
646 2077 706 2118 esse
715 2061 900 2128 tribuendam,
913 2060 946 2113 Et
957 2060 1023 2124 dec,
1038 2059 1139 2129 inquit,
1154 2075 1205 2112 uon
1214 2074 1246 2113 es
1256 2075 1301 2112 uo·

506 2156 552 2218 bis,
567 2153 614 2207 sed
632 2152 682 2206 Dei
695 2152 790 2206 donum
803 2160 839 2205 est
853 2150 960 2222 (Epirus
976 2166 1006 2213 tt,
1023 2149 1063 2219 8).
1078 2148 1179 2218 Nempe
1192 2164 1256 2218 crgo
1270 2148 1300 2203 il·

507 2244 550 2301 lnd
565 2243 640 2299 unde
652 2243 745 2313 incipit
754 2257 834 2297 omine
847 2240 918 2312 equod
932 2240 1028 2295 merito
1041 2240 1163 2307 accipere
1175 2238 1299 2302 dieinurr,

505 2341 561 2393 sine
580 2337 680 2393 merito
698 2334 858 2405 accipimus,
877 2333 971 2397 idest,
985 2333 1070 2402 ipsam
1092 2330 1182 2386 sidem.
1203 2331 1256 2385 Aut
1277 2331 1300 2385 si

506 2440 618 2501 negatur
627 2429 700 2493 dari;
716 2426 777 2497 quid
791 2424 916 2496 estquod
932 2424 1097 2491 dictumest,
1114 2422 1187 2478 Sicut
1199 2424 1300 2476 utricul-

507 2539 551 2593 ιιι
563 2520 632 2575 Deus
646 2518 755 2589 pertitus
766 2525 803 2571 est
821 2531 964 2570 mensurum
974 2514 1034 2583 fidei
1048 2511 1135 2587 (dour.
1149 2527 1196 2577 ιιι,
1208 2512 1235 2583 3)
1247 2512 1259 2565 l
1273 2512 1299 2566 Si

506 2623 593 2667 autern
609 2613 650 2667 sic
663 2610 762 2665 dicitur
775 2607 831 2661 dari
844 2648 850 2671 ,
863 2615 893 2660 ut
908 2605 1034 2661 reddatur
1049 2603 1169 2667 meritis,
1183 2617 1236 2656 non
1252 2602 1300 2655 dar·

506 2717 583 2760 netur
596 2720 604 2768 ;
618 2703 682 2773 quid
695 2711 737 2756 est
750 2699 820 2769 quod
837 2700 932 2754 iterum
946 2697 1021 2761 dicit,
1041 2694 1118 2750 Vobis
1131 2695 1252 2749 deitatum
1265 2701 1300 2748 rat

506 2812 551 2865 pro
565 2794 679 2858 Cirristo,
692 2808 742 2844 noa
755 2790 837 2845 solum
850 2798 877 2842 ut
889 2788 996 2841 credatis
1010 2788 1036 2840 ιἰι
1048 2802 1116 2851 retur,
1128 2801 1213 2840 uersum
1225 2788 1299 2838 etiarm

508 2891 550 2942 ιιι
561 2887 696 2958 patiemini
709 2901 755 2954 pro
769 2900 798 2938 eo
813 2882 943 2953 (Plailipp.
959 2896 978 2945 ι,
990 2879 1055 2948 eol?
1069 2878 1215 2946 Utrunrque
1227 2878 1297 2932 enim

507 2983 633 3036 duriatum
649 2994 709 3033 esse
720 2985 831 3032 testatus
841 2984 892 3040 est,
905 2983 933 3030 et
945 2972 1015 3044 quod
1025 2972 1110 3028 credit
1118 2973 1144 3025 in
1152 2971 1297 3039 Christum,

508 3084 530 3125 rt
544 3071 617 3142 quod
634 3071 736 3139 patitur
747 3068 860 3138 quisque
871 3064 1044 3135 proCbristo.
1058 3063 1102 3117 lsti
1113 3072 1200 3118 autent
1213 3062 1299 3117 libero

508 3163 618 3217 arbitrio
637 3161 677 3216 sic
696 3160 830 3229 applicant
853 3157 947 3222 dalem,
961 3166 990 3210 ιιι
1006 3155 1068 3211 lidei
1088 3154 1298 3210 uidelicetreddi

508 3252 636 3316 uideatur,
653 3266 704 3304 iton
714 3247 847 3320 gratuita,
861 3245 909 3301 sed
921 3244 1009 3300 debita
1022 3245 1105 3315 gratia
1122 3262 1130 3299 ι
1145 3259 1177 3299 ιι
1188 3259 1237 3314 per
1248 3244 1299 3298 boc

507 3345 557 3415 jam
567 3358 618 3398 nec
631 3341 725 3412 gratia,
740 3340 800 3410 quia
813 3338 863 3393 nisi
877 3339 1001 3408 gratuita,
1016 3352 1069 3392 non
1081 3344 1122 3391 est
1132 3337 1226 3405 gratia.

538 3433 655 3489 cuent
673 3430 783 3487 xxxtt.
796 3461 832 3472 -
847 3431 891 3485 53.
902 3429 954 3485 Sed
969 3430 1003 3484 ab
1016 3429 1057 3483 luis
1067 3428 1163 3483 litteris
1175 3427 1298 3498 Pelagius

514 3522 538 3577 nl
552 3522 614 3578 fidei
627 3537 683 3576 sum
696 3522 793 3576 librum
809 3520 846 3593 (a)
863 3520 918 3574 uult
933 3521 1048 3575 transire
1060 3520 1206 3585 lectorem,
1222 3518 1299 3588 carius

514 3613 580 3668 sultis
592 3615 603 3645 ¹
616 3612 898 3668 commemorationem
911 3610 972 3667 iecit
985 3628 991 3665 :
1005 3610 1032 3664 in
1045 3625 1099 3681 quo
1111 3625 1141 3664 ea
1156 3609 1298 3681 dequibus

514 3721 559 3759 uin
572 3704 802 3774 interrogabatur,
817 3703 898 3757 nauita
913 3702 1048 3758 disseruit.
1063 3701 1116 3758 Sed
1131 3717 1180 3757 nos
1194 3700 1227 3757 de
1240 3701 1299 3772 qad-

514 3797 554 3851 bus
570 3798 676 3867 agimus
694 3810 754 3850 eum
770 3795 838 3859 illis,
851 3795 907 3865 ipsa
928 3794 1075 3849 rideamus.
1096 3791 1163 3849 Cum
1179 3794 1249 3848 enim
1263 3794 1298 3849 ab

514 3889 607 3941 unitate
627 3886 767 3941 Trinitatis
787 3885 923 3956 usquead
945 3887 1167 3941 resurrectionem
1197 3886 1296 3951 earrris,

513 3979 574 4047 qued
585 3978 622 4033 ab
636 3977 683 4032 illo
697 3992 777 4033 nemo
786 3978 938 4047 quaerebat,
954 3978 1161 4048 disputationem
1171 3986 1297 4049 quantam

513 4068 587 4123 nteit
602 4068 792 4123 terminasset:
811 4086 821 4120 ι
839 4068 871 4121 m
883 4067 1029 4137 baptisma,
1049 4085 1059 4120 ι
1076 4068 1170 4138 inquit,
1189 4083 1296 4123 tonum

514 4166 639 4224 tenemus,
652 4157 724 4230 quod
733 4158 825 4213 iisdem
832 4157 996 4213 Sacramenti
1009 4159 1131 4214 nerbisin
1143 4157 1296 4227 infantibus,

513 4252 601 4320 quibus
624 4251 705 4306 etiam
725 4251 751 4304 in
772 4251 917 4320 naajnribus
929 4292 936 4316 ,
949 4251 1063 4307 dicimus
1078 4266 1138 4308 esse
1156 4253 1297 4309 celebran-

513 4340 578 4397 dum.
597 4361 608 4395 ι
626 4341 684 4397 lloc
695 4350 769 4397 certe
785 4357 831 4396 ros
845 4352 871 4396 et
884 4358 898 4395 a
910 4351 1040 4411 praesente
1054 4342 1160 4398 audisse
1173 4333 1296 4401 dicistis:

513 4432 551 4487 scd
571 4432 636 4502 quid
652 4432 779 4502 prodest,
796 4432 867 4503 quod
891 4432 992 4487 eisdem
1016 4434 1103 4488 verbis
1119 4435 1144 4487 ia
1165 4437 1295 4503 pervadis,

512 4525 599 4593 quibus
613 4532 641 4579 et
660 4524 688 4578 in
705 4524 867 4594 majoribus,
879 4523 1009 4579 celebrari
1029 4525 1094 4579 dicit
1107 4525 1234 4595 Baptismi
1254 4543 1298 4581 sa-

513 4624 688 4680 canentum,
703 4629 765 4670 cum
780 4630 824 4670 res
845 4616 968 4683 atrabis,
985 4630 1038 4670 non
1052 4617 1109 4671 sola
1126 4617 1206 4672 uerba
1226 4635 1298 4689 qum-

514 4707 616 4762 ranturt
628 4707 694 4763 Plus
705 4718 748 4763 est
761 4707 832 4778 quod
845 4707 920 4763 vobis
933 4723 980 4765 ore
992 4711 1099 4779 proprio
1108 4709 1297 4780 interroganti-

514 4795 712 4868 busrespondit,
727 4801 764 4854 uti
776 4801 902 4867 scribitis,
916 4820 926 4852 t
941 4801 1055 4855 instantes
1069 4802 1095 4854 in
1111 4803 1297 4858 rendssiouem

513 4902 675 4959 peecatorum
687 4895 826 4963 percipere
836 4895 1011 4965 baptismum.
1032 4916 1041 4949 ι
1058 4896 1115 4951 Non
1129 4898 1201 4952 enim
1217 4908 1243 4954 ct
1255 4899 1298 4955 bic

511 4983 585 5046 «lixit,
601 4984 628 5037 in
640 4984 729 5040 verbis
744 4986 910 5041 remissionis
922 4996 1109 5056 peccatorum3
1126 4988 1174 5044 sed
1187 5004 1234 5046 eos
1249 4991 1296 5046 ba·

513 5074 599 5139 ptiuari
612 5075 638 5129 in
650 5075 734 5145 ipsam
746 5077 931 5133 mnrissiouem
946 5079 1133 5136 enniessuscst
1146 5099 1153 5135 ι
1168 5090 1196 5138 ιι
1209 5091 1296 5139 ιιιιιιιι

512 5167 530 5216 si
541 5165 572 5218 ab
584 5179 617 5220 eo
630 5169 800 5241 quaereretis,
813 5169 876 5240 quid
891 5172 991 5240 peceati
1003 5172 1041 5226 eis
1051 5173 1175 5229 credatur
1186 5176 1295 5243 remitti,

514 5269 558 5309 nnat
572 5272 619 5311 ens
633 5258 733 5329 aliquid
751 5259 849 5315 babere
864 5263 1047 5318 coartenderet.

506 5380 509 5385 .
543 5343 653 5402 CAPUT
673 5346 792 5403 xxxtlt.
811 5379 849 5389 -
867 5351 911 5406 56.
928 5353 992 5420 Qatis
1011 5354 1150 5420 erederet,
1176 5347 1231 5411 sub'
1249 5357 1298 5412 imo

515 5435 581 5500 «quaest
604 5436 746 5521 rutaniicsta
763 5439 934 5497 cotriessinnc
954 5459 1060 5499 sensum
1085 5427 1168 5501 latere
1191 5458 1297 5502 coutan-

516 5528 653 5597 rismum
670 5547 731 5586 euru
753 5535 895 5590 Caelestius
913 5537 1082 5605 aperuisset?
1096 5539 1147 5605 Qui
1165 5540 1190 5593 in
1206 5541 1297 5596 libello

517 5629 567 5686 mo,
576 5638 654 5692 quem
669 5623 762 5679 Romae
775 5628 859 5696 gestis
872 5628 1060 5683 ecclesiasticis
1073 5630 1206 5701 allegavit,
1222 5648 1297 5701 ‹quarr-

518 5710 617 5769 mloset
629 5715 757 5784 baptizari
774 5718 799 5770 in
815 5718 1000 5775 remissionem
1021 5733 1190 5791 peccatorum
1206 5743 1216 5778 ι
1231 5740 1296 5779 caira·

521 5798 592 5859 [essm
606 5815 662 5872 est,
680 5819 707 5863 et
720 5812 827 5880 negauit
843 5830 852 5862 a
871 5812 953 5866 ullum
970 5812 1068 5868 babere
1087 5816 1215 5887 originale
1233 5832 1297 5886 qaee-

520 5901 602 5950 tttum.
618 5916 628 5949 ι
643 5898 697 5952 Sed
714 5914 784 5955 notre
803 5917 855 5957 uon
876 5903 909 5958 dc
923 5904 1084 5973 baptismate
1105 5908 1295 5976 paruulorum,

522 5982 598 6043 lotide
616 5988 751 6060 adjutorio
766 5992 857 6062 gratie
872 5995 977 6064 potius,
991 5996 1070 6050 etiam
1088 6003 1112 6052 in
1132 5999 1222 6053 libelln
1236 5999 1297 6057 ddei

546 6096 553 6130 ¹
562 6104 583 6149 ln
589 6109 653 6178 less,
660 6118 744 6180 cerum
754 6107 827 6158 etium
837 6107 962 6173 pmisadni
971 6124 1015 6176 pro
1025 6125 1068 6173 re,·
1078 6115 1208 6168 tenuissima
1217 6127 1224 6175 ,·
1232 6115 1296 6178 ‹ptriul

523 6166 682 6227 ttrrepetuur
692 6183 717 6218 ιιι
729 6183 818 6232 gram

546 6221 608 6276 'tm
621 6235 657 6278 ιι.
670 6236 696 6279 ιι
708 6239 771 6291 uss,
783 6232 859 6284 nobis.

547 6280 632 6349 'terte
645 6292 739 6342 credet.

545 6342 575 6408 it)
590 6353 735 6423 exbibemus
745 6354 816 6421 inira,
829 6358 935 6420 appeml.
950 6367 1017 6420 puae
1030 6359 1052 6408 ι’.

1095 937 1195 998 ttuett
1214 940 1257 997 bb
1275 938 1403 999 obstita
1424 941 1572 1004 ettttts'tl.

2102 954 2154 1012 bid

1361 1068 1427 1121 sum,
1443 1073 1522 1127 quem
1537 1059 1648 1115 domam
1663 1057 1751 1129 misit,
1766 1062 1829 1133 quid
1840 1061 1960 1136 Pelagius
1981 1069 2096 1122 senserit
2112 1079 2153 1123 at·

1359 1143 1511 1203 tendamus.
1534 1150 1699 1217 «Liberum,
1715 1171 1724 1205 ι
1742 1154 1845 1224 irrrptit,
1863 1174 1873 1209 ι
1890 1158 1928 1212 sie
1942 1157 2152 1214 confitemurar·

1358 1235 1485 1306 bitrium,
1500 1250 1529 1295 ut
1546 1241 1667 1298 dieamus
1686 1259 1736 1300 nos
1755 1246 1874 1317 indigere
1893 1249 1940 1303 Dei
1957 1264 2064 1318 semper
2077 1251 2152 1305 artai-

1357 1326 1405 1383 lio.
1421 1347 1430 1381 ι
1447 1330 1516 1387 Ειιι
1529 1333 1624 1389 iterum
1633 1337 1786 1408 quaerimus,
1799 1340 1958 1408 quoansilin
1971 1356 2019 1394 nos
2031 1340 2151 1410 indigere

1356 1416 1472 1475 fateatur
1486 1432 1535 1478 :et
1555 1426 1650 1479 iterum
1671 1426 1819 1483 invenimus
1838 1429 2008 1500 ambiguum,
2024 1431 2150 1500 qnoniam

1357 1519 1445 1579 potest
1458 1516 1632 1585 respondere,
1649 1518 1732 1589 legem
1747 1535 1775 1575 sc
1787 1521 1875 1576 dicere
1885 1522 2066 1578 doctrinamve
2075 1522 2150 1577 cluri-

1355 1603 1480 1671 stianam,
1497 1613 1556 1675 qua'
1564 1610 1692 1663 naturalis
1706 1610 1749 1664 illa
1761 1612 2079 1684 possibilitasadjuvetur.
2093 1613 2149 1670 Nos

1354 1706 1444 1752 atatem
1462 1699 1534 1754 illam
1552 1702 1664 1771 gratiam
1684 1703 1710 1756 iu
1730 1719 1824 1759 eorum
1845 1704 2014 1761 confessione
2036 1706 2150 1776 requiri·

1355 1802 1416 1843 mus
1428 1830 1435 1851 ,
1447 1788 1482 1845 de
1498 1805 1549 1861 qua
1567 1792 1632 1847 dicit
1647 1794 1811 1863 Apostolus,
1829 1793 1890 1849 Non
1912 1795 1978 1849 eadm
1991 1794 2060 1849 dedit
2077 1794 2149 1849 noim

1355 1878 1426 1933 Deus
1434 1881 1551 1950 spiritum
1564 1883 1678 1946 timoris,
1692 1886 1737 1938 sed
1752 1886 1850 1939 uirtutis
1865 1895 1888 1939 et
1902 1886 2031 1941 alteritatis
2046 1896 2069 1941 et
2086 1903 2149 1940 con·

1355 1970 1467 2023 tinentioe
1482 1971 1515 2041 (ll
1531 1970 1597 2025 Tim.
1612 1989 1631 2041 ι,
1648 1973 1686 2043 t).
1702 1973 1759 2029 Non
1775 1982 1816 2029 est
1833 1983 1921 2030 autem
1939 1991 2106 2047 consequeus
2120 1985 2150 2033 ιιι

1354 2060 1398 2128 qni
1420 2060 1499 2116 babet
1515 2060 1614 2116 donum
1635 2063 1771 2128 scientim,
1790 2079 1843 2133 quo
1862 2065 1967 2120 nouerit
1985 2066 2049 2136 quid
2069 2081 2148 2137 agere

1353 2146 1461 2212 debeat,
1475 2149 1571 2205 lrabeat
1583 2152 1661 2205 etiam
1676 2152 1823 2218 charitatis,
1838 2163 1867 2207 nt
1880 2163 1952 2225 agat.

1388 2238 1501 2296 cabod
1516 2241 1682 2297 xxxiv.·-
1694 2243 1738 2298 37.
1755 2244 1817 2299 lllos
1827 2245 1918 2310 etiam,
1931 2260 1998 2315 quos
2010 2245 2036 2299 in
2046 2244 2146 2302 eisdem

1353 2330 1467 2396 litteris,
1481 2348 1546 2402 quas
1560 2334 1633 2389 urisit
1648 2333 1682 2388 ad
1694 2345 1793 2391 sanctus
1808 2337 1943 2391 memorie
1959 2352 2053 2407 papam
2068 2337 2147 2393 luno·

1353 2423 1488 2488 centirrm,
1504 2423 1587 2480 libros
1606 2441 1669 2480 suos
1684 2427 1725 2480 vel
1740 2427 1838 2497 scripta
1851 2438 2062 2493 contrrreaunmt,
2077 2431 2139 2496 legi,

1353 2523 1451 2581 pra-ter
1470 2528 1547 2567 aunam
1566 2506 1706 2584 epistolam
1717 2560 1724 2581 ,
1736 2532 1814 2587 qnam
1828 2533 1858 2574 se
1872 2518 1979 2573 breuem
1995 2521 2099 2575 misisse
2113 2520 2146 2575 ad

1352 2612 1473 2658 sanctium
1494 2602 1679 2659 Constantium
1698 2609 1851 2676 episcopum
1870 2608 1954 2662 dicit:
1977 2624 2026 2664 noc
2047 2610 2145 2666 alicubi

1352 2694 1425 2763 parturi
1441 2696 1574 2765 reperire,
1592 2696 1660 2752 banc
1673 2712 1733 2751 eum
1748 2695 1858 2768 gratiam
1873 2700 2011 2767 conlitcri,
2026 2715 2077 2771 qua
2092 2715 2146 2758 non

1352 2788 1438 2841 solinu
1462 2788 1622 2855 possibilitas
1641 2790 1769 2845 naturalis
1793 2790 1936 2846 rotundatis
1959 2801 1987 2847 et
2010 2792 2144 2857 aetionis,

1352 2893 1430 2947 quam
1445 2878 1509 2932 dicit
1521 2895 1569 2934 tros
1582 2879 1680 2936 babere
1698 2882 1802 2936 etiamsi
1823 2898 1874 2938 nec
1892 2884 2013 2937 noluimus
2028 2899 2077 2939 nee
2090 2886 2147 2955 agi·

1352 2985 1413 3024 murs
1427 2971 1524 3025 launum
1538 3014 1545 3035 ,
1561 2973 1607 3026 sed
1621 2974 1678 3041 ipsa
1694 2974 1774 3029 etiam
1788 2974 1909 3029 ιιιΙιιιιιιι
1923 2985 1950 3031 ιι
1964 2977 2034 3031 actio
2046 2977 2146 3032 submi·

1351 3060 1509 3118 nistratione
1524 3065 1608 3118 sancti
1624 3063 1738 3134 Spiritus
1749 3065 1899 3135 adjurantur,

1388 3150 1501 3209 cttrbr
1520 3152 1629 3209 XXXV.
1642 3184 1680 3195 -
1692 3156 1736 3211 58.
1755 3174 1765 3208 ι
1782 3157 1892 3226 legant,
1908 3176 1918 3210 ι
1935 3158 2028 3228 inquit,
2046 3178 2057 3212 t
2075 3160 2145 3215 illam

1351 3244 1502 3312 ep'stolam,
1516 3261 1594 3316 quana
1609 3246 1642 3300 ad
1655 3259 1776 3303 sanetum
1790 3250 1876 3303 uirum
1891 3250 2029 3305 l’aulinum
2040 3253 2146 3321 episco-

1351 3350 1414 3406 pum
1431 3345 1492 3390 ante
1504 3336 1645 3391 duodecim
1660 3336 1715 3393 iere
1727 3353 1812 3393 anrros
1827 3340 2002 3409 scripsimus,
2017 3357 2076 3409 qrue
2091 3351 2145 3395 tru-

1350 3427 1437 3481 centis
1449 3426 1516 3481 iture
1530 3426 1731 3505 uersibusnilril
1751 3428 1823 3482 aliud
1839 3444 1917 3497 quana
1933 3430 1978 3483 Dei
1994 3431 2104 3499 gratiam
2118 3438 2145 3485 ιι

1350 3519 1478 3576 ouxilium
1493 3517 1644 3582 confitetur,
1659 3534 1761 3589 nosque
1774 3520 1837 3573 nibil
1851 3521 1961 3575 omnino
1979 3522 2042 3576 boni
2056 3522 2144 3579 iacere

1351 3622 1431 3678 posse
1446 3609 1503 3665 sine
1518 3609 1583 3665 Deo.
1600 3629 1609 3662 ι
1622 3610 1696 3666 Ηιιιι
1708 3626 1772 3683 ergo
1789 3612 1928 3683 epistolam
1941 3613 2003 3683 legi,
2018 3623 2044 3668 et
2056 3614 2145 3670 lumeni

1350 3714 1413 3757 com
1433 3717 1501 3771 pene
1519 3718 1568 3772 per
1581 3712 1662 3758 totam
1676 3719 1729 3758 non
1743 3705 1889 3768 irnumrari,
1905 3705 1955 3760 nisi
1971 3706 1997 3759 in
2020 3705 2145 3764 breuitate

1350 3799 1379 3846 et
1388 3792 1683 3862 possibilitatenatnrae,
1693 3801 1720 3848 et
1730 3809 1797 3864 pene
1808 3794 1843 3849 ibi
1859 3803 1960 3849 tantum
1974 3796 2018 3850 bei
2032 3798 2145 3866 gratiam

1351 3883 1514 3938 constituere
1526 3902 1533 3937 ε
1548 3884 1720 3940 christianam
1734 3901 1798 3940 sero
1812 3887 1923 3954 gratiam
1934 3895 2005 3941 ιιιιιι
2016 3887 2146 3943 brevitate

1350 3972 1408 4028 sola
1432 3975 1547 4029 nominis
1568 3977 1824 4032 commemoratione
1849 3978 2011 4049 perstringit,
2033 3987 2062 4032 ut
2080 3980 2145 4034 nimi

1351 4065 1422 4120 aliud
1437 4065 1568 4129 uideatur,
1584 4082 1664 4136 quam
1680 4082 1738 4121 eam
1751 4076 1840 4123 tacere
1853 4069 1983 4122 timuisse.
1995 4068 2091 4124 Utrum
2107 4079 2146 4123 m·

1351 4172 1413 4211 men
1425 4172 1483 4211 eant
1498 4157 1524 4210 in
1538 4157 1697 4212 remissione
1708 4167 1875 4226 peccaturum
1891 4159 1954 4213 velit
1965 4159 2074 4230 intelli-gi
2090 4203 2096 4225 ,
2110 4176 2144 4213 an

1351 4248 1431 4302 etiam
1448 4249 1473 4302 in
1495 4247 1614 4303 doctriua
1633 4249 1749 4314 curisti,
1766 4249 1809 4304 nm
1826 4258 1868 4304 cst
1886 4259 1913 4305 et
1933 4252 2146 4304 conuersationis

1351 4338 1409 4407 eius
1430 4339 1597 4408 exemplum,
1613 4339 1683 4409 quod
1702 4339 1808 4408 aliquod
1827 4354 1935 4394 suonam
1955 4339 2144 4410 opusculorum

1351 4429 1418 4484 loeis
1432 4429 1504 4496 iacit,
1518 4447 1552 4485 an
1563 4432 1655 4486 credat
1669 4432 1775 4502 aliquod
1791 4431 1951 4500 adjutorium
1969 4431 2142 4501 llcneagcndi

1351 4521 1503 4590 atljuuctum
1526 4531 1627 4578 naturae
1641 4532 1721 4593 atque
1738 4524 1865 4579 doctrinm
1884 4541 1931 4594 per
1942 4524 2141 4594 inspirationem

1352 4610 1564 4681 flagrantissimae
1575 4627 1602 4669 ct
1612 4615 1825 4669 lurrrinnsissimau
1840 4616 1988 4683 charitatis,
1999 4631 2052 4670 uon
2062 4631 2144 4684 appa-

1352 4711 1392 4756 ret
1406 4703 1525 4757 onririno.

1386 4792 1500 4850 cabtm
1521 4793 1640 4850 xxxvl.
1651 4796 1741 4850 -59,
1757 4814 1766 4846 ι
1781 4796 1882 4865 Legunt
1897 4796 1994 4860 etiam,
2013 4814 2022 4847 ι
2040 4797 2141 4866 inquit,

1354 4903 1364 4936 t
1381 4885 1414 4938 ad
1429 4893 1549 4939 sanetum
1572 4884 1756 4941 Constantium
1778 4887 1949 4956 episcopum,
1963 4888 2007 4941 nlu
2028 4888 2144 4942 lrrcuitrr

1351 4975 1467 5044 quidem,
1480 4975 1527 5030 sed
1543 4975 1620 5044 plane
1634 4976 1718 5030 libero
1730 4976 1846 5029 bominis
1857 4976 1966 5031 arbitrio
1976 4976 2021 5032 Dei
2032 4978 2143 5047 gratiam

1351 5068 1532 5138 auxiliumque
1545 5068 1681 5138 conjunxi.
1698 5089 1708 5122 ι
1726 5069 1800 5124 llam
1814 5071 1967 5139 epistulam,
1980 5081 2010 5124 ut
2022 5073 2144 5142 superius

1351 5159 1405 5215 disi
1417 5159 1491 5232 (Cup.
1508 5161 1543 5216 5t
1554 5202 1561 5224 ,
1574 5177 1601 5214 n.
1618 5160 1675 5233 57),
1688 5177 1740 5216 nnn
1756 5161 1807 5231 legi
1824 5180 1830 5214 :
1847 5162 1893 5217 sed
1907 5163 1928 5217 si
1943 5172 2049 5218 nonest
2063 5164 2144 5218 dissi·

1352 5250 1422 5304 milis
1434 5252 1549 5317 caeteris,
1565 5267 1624 5321 qma
1638 5251 1700 5306 urilai
1715 5261 1776 5305 nuta
1787 5262 1989 5321 cotnrarcmorat,
2004 5268 2055 5308 uon
2066 5254 2146 5309 balret

1352 5344 1431 5398 etiam
1448 5343 1504 5413 ipsa
1517 5343 1588 5413 quod
1601 5345 1755 5413 querimus.

1385 5433 1498 5489 camm
1518 5434 1694 5490 xxmm-
1708 5436 1773 5490 lb«
1792 5435 1892 5506 Legant
1905 5436 1995 5498 etiam,
2013 5454 2021 5486 ι
2039 5437 2143 5506 inquit,

1354 5545 1364 5577 t
1381 5541 1459 5596 qnam
1475 5526 1623 5580 adsacrum
1639 5526 1737 5582 Clrristi
1757 5527 1887 5597 ringittem
1908 5527 2102 5582 detractriadem
2118 5530 2143 5582 iu

1351 5618 1460 5675 Oriente
1474 5620 1683 5689 conscripsimus
1695 5618 1746 5692 (a),
1758 5629 1785 5675 et
1799 5619 1934 5674 invenient
1948 5634 1997 5674 nos
2013 5621 2047 5673 ita
2059 5619 2145 5673 boiari-

1351 5709 1393 5764 nis
1407 5708 1515 5765 laudare
1532 5721 1671 5776 naturam,
1686 5719 1715 5764 ut
1728 5709 1774 5763 liei
1791 5724 1898 5778 semper
1909 5709 2002 5778 gratiae
2015 5707 2144 5764 addamus

1351 5798 1489 5852 aarailium.
1507 5818 1516 5850 ι
1531 5798 1611 5856 lstam
1624 5815 1689 5856 saue
1701 5800 1751 5871 legi
1763 5839 1770 5864 ,
1783 5798 1902 5868 mihique
1916 5813 1983 5867 pene
2002 5814 2144 5868 persuase-

1350 5897 1402 5954 rat,
1419 5887 1568 5944 lraneillum
1579 5892 1701 5961 gratiam,
1711 5889 1803 5959 dequo
1815 5888 1927 5958 quaestio
1939 5898 1990 5951 est,
2005 5889 2125 5944 cnuliteri
2138 5907 2144 5945 .·

1350 5980 1472 6048 quamuis
1486 5980 1514 6034 in
1527 5981 1617 6036 multis
1631 5981 1688 6048 ejus
1701 5979 1821 6050 opusculi
1833 5978 1899 6033 locis
1908 5978 1958 6033 sibi
1970 5978 2026 6047 ipsc
2040 5990 2146 6033 eerraira-

1351 6068 1441 6124 dicere
1452 6068 1587 6124 videretur
1603 6087 1610 6125 :
1625 6068 1673 6125 sed
1688 6083 1748 6124 eum
1760 6068 1788 6123 in
1802 6064 1897 6124 manus
1910 6083 1985 6124 meas
1998 6077 2026 6123 et
2038 6070 2089 6124 alia
2100 6085 2145 6125 re·

1351 6159 1464 6224 nissum,
1488 6175 1548 6229 quae
1572 6161 1708 6230 posterius
1733 6160 1866 6231 latiusque
1890 6162 2063 6232 conseripsi13
2089 6162 2141 6217 ridi

1351 6248 1575 6321 quemadmodum
1589 6253 1705 6323 potuerit
1717 6253 1795 6310 etiam
1805 6253 1857 6308 illie
1869 6255 1980 6324 gratiam
1992 6256 2140 6310 ιιιιιιίιιιιι.

1383 6363 1420 6425 (τι)
1439 6364 1487 6415 tid.
1501 6365 1561 6415 lrane
1577 6360 1703 6430 epistulam
1715 6368 1739 6417 iu
1754 6365 1889 6430 ,tppcndce
1902 6368 1960 6419 toni
1972 6366 1996 6416 ἒ.
