5592 7350
571 919 601 977 ῃ
1068 858 1074 876 “
1300 903 1494 976 errarem).
2181 908 2214 960 ss

572 1038 658 1107 carri,
673 1048 773 1125 quam
785 1028 905 1107 quibas
919 1024 1020 1086 eidem
1035 1022 1188 1083 iuteresse
1201 1037 1265 1078 nien
1282 1018 1427 1086 licuerat,
1446 1019 1485 1079 ad
1497 1016 1770 1078 'subscribendum
1792 1016 1995 1085 rainelmum
2013 1036 2052 1078 ne
2072 1015 2103 1075 in
2120 1035 2210 1109 quo-

572 1129 671 1188 quam
687 1125 832 1189 ipsorum
846 1107 898 1169 rel
916 1101 1136 1183 negligentiae,
1152 1100 1201 1160 vel
1216 1097 1502 1169 dissimulationis,
1519 1103 1577 1159 aut
1595 1096 1730 1157 nceultrc
1747 1094 1914 1174 cujusdam
1935 1097 2159 1174 propensionis
2177 1101 2211 1158 in

574 1190 720 1250 lraeresim
735 1185 877 1264 suspicio
888 1183 956 1244 nlla
971 1181 1119 1242 resideat.
1914 1254 1917 1260 .
2042 1254 2048 1267 ι

613 1268 729 1329 Eadem
740 1283 840 1344 porro
853 1262 990 1340 epistola
1002 1261 1043 1322 ab
1056 1261 1252 1335 Imperatore
1263 1255 1574 1333 similiterinscripta
1588 1259 1637 1316 est
1649 1254 1846 1333 Augustino,
1863 1272 1984 1331 quippe
1998 1273 2049 1315 cm
2066 1254 2206 1316 honores

575 1346 704 1406 minime
715 1345 781 1406 sedi
793 1339 1065 1419 suoeHipponensi
1076 1336 1197 1397 debitos
1208 1336 1340 1414 propria
1350 1335 1452 1395 virtus
1466 1335 1641 1412 promerita
1651 1333 1765 1396 iuerat.
1782 1334 1819 1392 Et
1833 1351 1911 1394 sane
1922 1334 1981 1410 ipsi
1999 1335 2115 1410 potiori
2125 1333 2212 1413 iure,

574 1443 670 1501 quam
689 1424 742 1484 alii
760 1423 924 1499 cuiqnam,
939 1419 969 1478 id
981 1417 1143 1486 convenit,
1156 1414 1241 1493 quod
1253 1415 1313 1474 bac
1323 1415 1459 1491 epistola
1475 1413 1642 1491 profitetur
1656 1413 1819 1472 Honorius
1832 1434 1839 1471 :
1854 1412 1895 1471 In
1906 1430 1980 1490 quo,
1993 1414 2049 1484 ait,
2061 1413 2090 1473 id
2100 1415 2214 1474 estPc·

576 1504 658 1568 lireio
674 1501 855 1564 damnando
870 1503 899 1560 el
915 1497 1075 1567 Coelestio,
1091 1503 1196 1556 secuto
1207 1502 1249 1553 est
1265 1492 1706 1571 clementianostrajudicium
1719 1491 1907 1553 Sanctitatis
1925 1499 1999 1558 tue,
2013 1510 2073 1571 quo
2089 1500 2213 1554 constat

574 1573 624 1639 eus'
645 1581 682 1641 ab
709 1580 866 1641 uniuersis
881 1578 972 1658 justa
997 1576 1154 1636 sententie
1178 1573 1409 1634 examinatione
1424 1591 1485 1632 esse
1504 1571 1666 1631 dmnnutos
1686 1572 1800 1649 (Infra,
1817 1569 1958 1649 Append.
1972 1571 2121 1650 periei).
2146 1572 2212 1633 Etsi
2232 1631 2235 1638 ,

574 1661 657 1718 enim
670 1659 895 1721 Africanorum
908 1656 1087 1717 antistitum
1103 1654 1199 1715 ardor
1209 1669 1362 1731 magnum
1379 1654 1578 1712 momentum
1588 1649 1627 1711 ad
1640 1650 1804 1711 victoriam
1817 1650 1854 1710 de
1868 1650 2047 1728 Pelagianis
2056 1652 2097 1713 ab
2108 1651 2215 1713 liceto·

573 1739 619 1797 sia
635 1743 828 1815 reportatam
838 1735 1025 1808 contulerit;
1040 1734 1109 1814 ejus
1122 1739 1228 1795 tamm
1242 1731 1405 1810 praecipua
1423 1731 1495 1794 laus
1519 1730 1658 1791 debetur
1679 1729 1852 1807 diligentie
1869 1729 2076 1806 scientisque
2100 1731 2211 1809 Augu·

573 1817 660 1890 stini,
671 1817 785 1895 dequo
797 1818 936 1893 Prosper
951 1833 958 1872 :

1036 1932 1113 1988 laius
1125 1948 1189 2003 ergo
1202 1933 1270 1987 inter
1283 1940 1405 2014 cunctos,
1416 1933 1461 2057 pai
1474 1932 1507 2015 de
1520 1948 1598 2015 grege
1608 1939 1700 1987 sancto

1034 2006 1140 2058 insanas
1157 2004 1282 2073 pepulere
1296 2002 1376 2066 ieras,
1388 2018 1414 2057 m
1436 2010 1518 2057 nstrm
1532 2018 1628 2072 nrayor,

957 2066 961 2074 ⁵
1031 2074 1114 2144 blajus
1127 2090 1211 2143 opuS,
1226 2083 1307 2128 tutum
1321 2073 1489 2143 praestantius
1500 2074 1593 2129 imbuit
1605 2074 1707 2129 orbern.
1747 2056 1839 2147 (litu).

612 2191 671 2251 Hic
690 2189 744 2251 ille
766 2188 916 2260 antistes,
932 2186 1005 2262 jure
1024 2187 1139 2247 merito
1163 2186 1325 2262 praecipua
1350 2184 1456 2263 portio
1477 2184 1604 2244 Domini
1629 2184 1832 2248 sacerdotum
1853 2184 1975 2259 dictus,
1998 2183 2090 2263 cujus
2112 2184 2209 2246 ductu

574 2268 731 2331 catholica
748 2268 834 2329 acies
847 2266 993 2327 inimicos
1005 2265 1116 2345 gratie
1128 2265 1185 2325 Dei
1201 2263 1275 2324 vicit
1288 2307 1296 2336 ,
1311 2263 1343 2323 in
1358 2281 1499 2340 quorum
1512 2263 1673 2326 excidium
1688 2281 1787 2326 unam
1802 2269 1993 2325 cunctorum
2011 2264 2212 2325 sacerdotum

574 2365 672 2408 rnanu
687 2349 878 2408 sententiam
889 2344 1017 2421 scripsit
1032 2343 1154 2421 (ibid).
1172 2343 1211 2403 lit
1243 2342 1304 2403 hoc
1330 2341 1459 2419 quidem
1488 2360 1586 2403 sensu
1608 2343 1786 2421 gloriosum
1802 2342 1882 2403 illud
1896 2344 2017 2404 crimen
2030 2344 2212 2423 Augustino

570 2428 722 2488 lolianus
735 2426 965 2502 exprobrabat,
975 2440 1048 2484 eam
1063 2428 1157 2499 eaput
1173 2422 1382 2498 horamque
1397 2422 1430 2480 in
1445 2421 1634 2500 Pelagianos
1648 2426 1720 2484 acta
1732 2424 1941 2500 querebatur,
1957 2428 2126 2487 elcausanr
2136 2439 2213 2487 ma-

572 2508 679 2566 lorum
694 2506 857 2566 exstitisse
872 2502 995 2583 (Infra,
1015 2500 1125 2579 Operis
1139 2500 1259 2580 imperf.
1277 2509 1387 2560 contra
1399 2499 1565 2561 lulianum
1577 2499 1632 2560 lib.
1649 2500 1679 2572 2,
1696 2518 1764 2580 cap.
1782 2499 1869 2581 lul).
2221 2546 2228 2560 ,

611 2585 662 2645 Ob
677 2588 742 2644 tam
757 2583 883 2661 insigne
896 2580 1067 2660 Augustini
1083 2580 1117 2640 in
1141 2579 1317 2640 Ecclesiam
1333 2580 1495 2650 meritum,
1508 2579 1725 2657 Hieronymus
1750 2583 1822 2658 post
1839 2581 1979 2641 devictos
1995 2579 2123 2640 eosdem
2140 2580 2213 2641 lie·-

573 2665 688 2724 roticos
705 2663 767 2740 ipsi
782 2663 926 2723 scribens
942 2661 1003 2721 sub
1017 2676 1139 2722 annum
1151 2659 1231 2719 torte
1243 2656 1594 2736 quadringentesimum
1612 2657 1770 2719 decimum
1786 2663 1947 2731 octavum,
1964 2663 2100 2720 testatur
2116 2677 2210 2720 vene·

573 2744 732 2804 rationem
741 2743 773 2802 in
787 2756 970 2803 cumsuam
982 2743 1013 2799 et
1026 2738 1241 2809 dilectionem,
1254 2753 1327 2814 quae
1338 2736 1406 2813 jam
1416 2741 1490 2797 ante
1504 2736 1600 2814 plane
1612 2737 1777 2799 cumulata
1790 2737 1971 2811 videbatur,
1988 2741 2078 2798 tanto
2091 2738 2211 2798 nihilo·

573 2822 681 2880 minus
698 2825 826 2882 aucum
843 2837 913 2880 esse
927 2817 1078 2891 cumulo,
1100 2821 1136 2877 ut
1150 2835 1189 2878 ne
1208 2831 1306 2875 unam
1320 2814 1449 2892 quidem
1468 2815 1582 2877 boram
1599 2815 1669 2876 sine
1682 2815 1769 2876 illiu's
1784 2816 1948 2878 mentione
1963 2816 2081 2878 durare
2095 2817 2208 2894 possit.

572 2902 655 2961 Tum
669 2916 724 2961 cas
738 2944 746 2971 ‚
760 2915 841 2976 quas
857 2898 965 2959 liomre
980 2912 1077 2974 passa
1095 2895 1200 2957 iuerat
1216 2894 1287 2955 lidoi
1309 2910 1428 2965 causa,
1450 2893 1651 2955 difficultates
1668 2894 1780 2973 procul
1804 2894 1901 2955 dnbio
1915 2894 2081 2967 indicans,
2103 2895 2209 2962 addit,

573 2980 680 3057 ipsum
695 2983 808 3039 contra
823 2976 936 3037 ssantes
953 2978 1064 3036 ventos
1079 2974 1194 3036 ardore
1209 2972 1281 3033 tidei
1292 2973 1480 3050 perstitisse.
1497 2972 1638 3035 'landem
1654 2973 1821 3053 subjungit
1838 2974 1991 3034 eximiam
2005 2974 2094 3036 illam
2107 2976 2210 3035 sancti

574 3058 634 3121 riri
653 3056 871 3118 laudationem
888 3054 1014 3115 :Macte
1031 3054 1164 3122 uirtute,
1176 3053 1212 3113 in
1228 3050 1299 3113 orbe
1314 3050 1488 3113 celebraris.
1512 3050 1666 3114 Catholici
1680 3060 1709 3112 te
1727 3051 1920 3113 conditorem
1932 3053 2068 3132 antique
2083 3071 2210 3114 rursum

574 3137 647 3216 fidei
660 3146 851 3197 tenerentur
864 3142 955 3212 atque
972 3133 1169 3210 suspicimur
1184 3140 1212 3191 et
1226 3131 1310 3211 quod
1320 3132 1445 3210 signum
1457 3130 1587 3210 majoris
1598 3130 1708 3211 glorie
1719 3138 1773 3201 est,
1790 3149 1891 3193 omnes
1900 3131 2037 3194 heretici
2058 3131 2213 3193 detestan-

575 3226 628 3275 tur
645 3215 655 3293 (
664 3214 770 3292 Epist.
785 3212 855 3285 195,
870 3212 952 3274 iuter
965 3211 1211 3290 Augustinionas
1223 3209 1245 3289 ).

615 3295 683 3354 Hac
701 3294 731 3352 in
750 3311 785 3353 rc
798 3309 877 3355 sane
893 3291 1026 3370 Alypius
1040 3291 1150 3369 glorian
1173 3288 1344 3369 Augustini
1359 3288 1518 3367 particeps
1541 3289 1619 3363 luit,
1634 3289 1797 3351 aluliano
1815 3309 1872 3369 per
1891 3290 2043 3352 in'uriam
2059 3291 2212 3370 appella-

577 3379 627 3433 tas
659 3372 796 3431 l'ernulo
819 3379 1018 3449 peccatorum
1035 3368 1102 3448 ejus
1116 3367 1237 3449 (Infra,
1253 3367 1365 3446 Operis
1389 3367 1513 3447 imperf.
1529 3377 1640 3428 eontra
1653 3368 1819 3429 lulianum
1843 3368 1899 3430 lib.
1921 3311 1956 3442 i,
1972 3387 2040 3447 cop.
2051 3371 2101 3450 7).
2127 3371 2210 3431 Hinc

576 3468 664 3510 anno
678 3449 997 3529 quadringentesimo
1022 3447 1145 3509 decimo
1160 3464 1246 3508 nono
1259 3447 1293 3507 in
1308 3446 1445 3523 epistola
1464 3446 1596 3522 utrique
1617 3446 1771 3524 inscripta
1787 3446 1870 3508 idem
1889 3447 2105 3528 Hieronymus
2121 3469 2128 3507 :
2144 3450 2211 3509 Ye-

577 3539 663 3597 stem,
678 3531 734 3600 ait,
750 3529 862 3589 invoco
877 3528 985 3595 Deum,
1002 3526 1122 3607 quodsi
1135 3534 1240 3604 posset
1254 3525 1333 3605 pieri,
1348 3524 1515 3603 assumptis
1529 3527 1589 3587 atis
1604 3524 1762 3593 colurnbe,
1775 3526 1887 3586 uestris
1901 3526 2092 3606 amplexibus
2107 3528 2214 3606 impli-⁴

578 3626 675 3676 rerer,
693 3624 811 3685 semper
824 3606 946 3687 quidem
953 3623 1016 3685 pro
1031 3605 1140 3667 merito
1155 3605 1310 3666 virtutum
1329 3611 1512 3670 vestrarum,
1528 3603 1581 3665 sed
1598 3622 1683 3664 nrrnc
1695 3604 1827 3664 monime
1841 3608 1916 3686 quia
1931 3602 2169 3685 cooperantibus
2181 3615 2213 3667 et·

578 3687 759 3749 auctoribus
773 3686 863 3749 uobis
877 3686 999 3746 heresis
1009 3685 1195 3748 celestiana
1215 3684 1352 3763 'epulata
1364 3693 1420 3745 est.
1435 3683 1574 3756 Eisdem,
1589 3684 1622 3745 in
1637 3684 1700 3745 line
1712 3727 1721 3756 ,
1735 3684 1876 3757 Albinae,
1890 3685 2035 3758 Piniani,
2049 3686 2209 3759 Melaniae,

581 3777 611 3826 et
627 3768 731 3827 eante
743 3766 882 3845 junioris
898 3765 1027 3826 nomine
1041 3764 1176 3827 salutem
1194 3704 1270 3826 ebrit
1285 3763 1414 3843 (Epist.
1427 3762 1499 3835 202,
1516 3764 1599 3824 inter
1612 3763 1878 3843 Auqrrstinionos)
1897 3764 1999 3827 :hanc
2013 3769 2121 3827 autem
2135 3765 2212 3844 epi-

581 3849 693 3907 stolam
712 3843 918 3924 Hieronymi,
933 3845 989 3922 qui
1003 3846 1099 3905 subse
1123 3849 1220 3907 ueute
1233 3860 1321 3907 anno
1337 3842 1488 3922 migravit
1504 3843 1545 3905 ad
1563 3859 1716 3921 superos,
1731 3843 1888 3909 nltimam,
1898 3843 1990 3906 nohis
2006 3849 2129 3906 restare
2146 3862 2211 3923 pu-

582 3931 647 3986 tant
662 3924 851 4004 (Baronius,
865 3922 905 3982 nri
917 3941 1034 3983 annum
1045 3862 1136 4002 ffib

621 4005 706 4063 lntcr
730 4003 808 4063 illud
832 4007 956 4079 tempus
979 4001 1188 4079 questionem
1203 4001 1391 4080 perplexam
1409 4002 1449 4064 de
1464 4001 1647 4062 animarum
1668 4001 1813 4093 origine,
1829 4019 1928 4080 quam
1949 4003 2211 4083 abHieronymo

582 4082 734 4159 explicari
750 4081 810 4142 sibi
827 4079 1027 4159 Augustinus
1050 4081 1246 4172 expetierat,
1265 4098 1336 4141 cum
1360 4085 1478 4142 temere
1500 4080 1700 4142 tractandam
1723 4099 1755 4141 rn
1771 4098 1806 4142 se
1827 4081 2001 4159 recepisset
2024 4083 2212 4143 Vincentius

583 4161 708 4232 lictor,
721 4160 852 4238 juvenis
873 4177 914 4221 ex
931 4159 1126 4221 Mauritania
1141 4158 1359 4232 Cesarcensi,
1378 4159 1544 4221 catholicae
1568 4158 1721 4220 doctrinm
1748 4159 1838 4220 rudis
1853 4165 1950 4238 atque
1966 4179 2095 4239 expers,
2115 4161 2147 4221 in
2161 4179 2212 4222 er·

582 4257 670 4299 rores
687 4238 875 4317 Pelagianos
893 4238 1049 4315 quosdam
1063 4241 1094 4298 et
1108 4238 1147 4297 iis
1162 4236 1286 4316 pejores
1302 4238 1444 4316 impegit.
1459 4238 1539 4297 Nam
1552 4236 1637 4298 inter
1647 4238 1712 4299 alia
1725 4237 1861 4311 dicebat,
1877 4239 1969 4314 Quod
1983 4244 2214 4303 animameruc-

584 4319 625 4375 rit
640 4337 701 4377 esse
713 4317 887 4395 peccatrice,
902 4326 972 4376 onte
987 4334 1073 4378 omne
1082 4325 1254 4395 peccatum.
1270 4316 1508 4387 Contendebat,
1526 4317 1666 4396 Infantes
1684 4325 1846 4396 antequam
1869 4317 2089 4396 baptizentur,
2114 4328 2212 4380 morte

579 4404 765 4472 precentor,
778 4395 938 4474 peruenire
958 4394 1103 4472 possead
1122 4395 1323 4474 originalium
1340 4395 1569 4473 indulgentiam
1583 4404 1792 4473 peccatoram.
1813 4398 1985 4467 Praetcrea,
2001 4398 2088 4473 Quos
2102 4398 2215 4459 Domi-

584 4474 884 4552 uuspredestinaoit
897 4474 937 4534 ad
946 4475 1152 4553 Baptismsun,
1168 4474 1439 4553 predestinationi
1454 4473 1520 4552 ejus
1532 4475 1611 4553 eripi
1624 4493 1723 4553 posse,
1739 4484 1768 4535 et
1781 4483 1852 4534 ante
1867 4475 2005 4556 defungi,
2021 4495 2112 4556 quam
2126 4477 2160 4537 in
2171 4477 2215 4538 eis

585 4554 690 4630 suerit,
705 4554 789 4632 quod
803 4553 1005 4631 Omnipotens
1019 4553 1265 4632 predestinavit,
1286 4551 1456 4631 inspiciam.
1471 4553 1516 4612 Ad
1532 4553 1619 4625 baec,
1634 4553 1763 4631 Aliquos
1778 4572 1883 4614 eorum
1896 4557 1951 4634 qui
1967 4557 2032 4616 sine
2050 4556 2213 4634 Bnptismo

585 4630 702 4692 t'lrristi
721 4652 759 4692 ee
769 4631 825 4692 lrac'
840 4634 905 4694 uita
917 4631 1146 4711 emigraverint,
1163 4631 1363 4693 interirrrnou
1377 4632 1423 4693 ire
1438 4632 1471 4692 in
1486 4648 1629 4708 regnum,
1645 4633 1741 4693 sedin
1754 4633 1952 4710 paradisum:
1967 4641 2075 4712 posteo
2092 4651 2163 4693 nero
2180 4636 2215 4695 in
2268 4703 2273 4713 ,

585 4710 1191 4850 '5⁸“r0n‘ti0m'1ngrinm’gg“iam“d
1205 4710 1293 4789 repru'
1315 4711 1459 4771 celorum
1471 4709 1690 4771 beatitudinem
1702 4711 1862 4790 peruenire
1881 4711 2001 4792 (iissre,
2016 4713 2053 4773 de
2063 4712 2216 4773 Animoet

587 4807 650 4847 eus
690 4808 804 4857 resne,
834 4809 976 4859 ωηο.
1013 4807 1064 4850 ·.

596 4806 785 4929 Ῑνίοῑοοθοηι
802 4868 1000 4947 Augustinus
1017 4791 1077 4929 srib
1101 4868 1197 4947 hujus
1214 4868 1289 4928 anisi
1308 4867 1616 4946 quadringentesimi
1631 4867 1743 4930 decimi
1760 4870 1836 4929 noni
1858 4869 1953 4931 linem
1970 4876 2110 4947 quatuor
2124 4870 2214 4931 libris

587 4945 745 5008 refutarit.
760 4949 805 5008 Ae
829 4949 949 5008 erranti
966 4947 1095 5024 quidem
1115 4947 1239 5026 jurcrri,
1266 4948 1414 5024 quamvis
1429 4948 1512 5008 idem
1525 4947 1665 5008 deterius
1681 4953 1808 5025 saperet
1822 4965 1919 5026 quam
1942 4951 2087 5028 Pelagim
2102 4949 2211 5029 (ibid,

556 5068 561 5073 .
587 5023 639 5083 tib.
654 5025 684 5095 3,
700 5044 731 5085 n.
748 5025 822 5105 re),
841 5025 870 5085 id
888 5027 1082 5102 patrocinari
1101 5044 1196 5104 posse
1219 5025 1308 5096 vidit,
1323 5027 1410 5105 quod
1427 5027 1459 5086 in
1476 5026 1581 5104 operis
1597 5027 1647 5087 sui
1663 5028 1797 5087 exordio
1810 5028 1952 5090 modeste
1970 5034 2067 5106 alque
2080 5029 2216 5089 humili-

589 5107 634 5162 ter
648 5103 870 5180 profitebatur,
883 5104 1098 5183 injudicando
1112 5105 1150 5166 de
1167 5122 1226 5165 suo
1237 5123 1346 5181 opere,
1369 5122 1435 5165 non
1456 5105 1585 5166 credere
1602 5124 1637 5166 se
1663 5106 1736 5178 sibi,
1753 5125 1813 5167 nec
1834 5109 1998 5184 propriam
2022 5108 2213 5169 sententiam

588 5183 680 5252 tueri,
692 5183 718 5243 si
728 5183 946 5260 improbabilis
957 5183 1264 5261 deprehendendam
1277 5183 1330 5243 sed
1347 5184 1407 5244 sibi
1422 5184 1508 5245 cordi
1525 5202 1606 5255 csse,
1622 5187 1751 5263 proprio
1769 5185 1890 5264 judicio
1902 5187 2064 5261 darrrnato,
2080 5188 2216 5250 meliora

589 5264 618 5318 et
633 5264 758 5324 seriora
771 5262 886 5323 sectari
903 5261 1017 5341 (ibid,
1038 5262 1135 5333 litu,
1151 5280 1182 5321 n.
1199 5262 1270 5342 22).
1287 5263 1332 5322 Ea
1346 5280 1443 5340 porro
1463 5262 1637 5334 modestia,
1653 5281 1751 5340 quam
1775 5265 1934 5326 sinceram
1956 5266 2052 5327 luisse
2079 5271 2217 5327 eventus

589 5341 825 5416 comprobavit,
842 5342 958 5402 bonam
975 5342 1007 5400 in
1019 5358 1058 5401 en
1074 5346 1212 5402 mentem
1227 5343 1416 5412 annotabam
1432 5343 1575 5403 acsimul
1598 5342 1750 5414 iaciebat,
1768 5347 1802 5402 ut
1822 5345 1984 5421 opinando
1999 5345 2070 5405 tidci
2081 5345 2217 5409 advorsa

590 5419 770 5485 eatlrolicm,
790 5424 976 5485 nontamen
996 5436 1016 5480 a
1037 5419 1097 5480 [ide
1124 5420 1282 5480 catholica
1309 5420 1479 5481 recederet.
1507 5421 1571 5480 istc
1594 5422 1708 5499 quippe
1731 5422 1862 5490 arctinus,
1883 5424 1987 5500 inquit
2002 5424 2215 5499 Augustinus,

572 5497 676 5556 -rtinm
690 5499 724 5558 in
737 5498 895 5577 dictisper
909 5498 1120 5575 ignorantiam
1132 5517 1196 5558 non
1207 5498 1465 5578 catholicis,ipso
1480 5508 1522 5558 est
1536 5501 1740 5561 correctionis
1756 5502 2020 5579 premeditatione
2042 5521 2079 5560 ac
2096 5520 2218 5581 prepa-

590 5578 708 5635 ratione
734 5576 906 5638 catltolieus
933 5576 1048 5654 (ibid,
1075 5576 1180 5647 uua,
1202 5597 1234 5637 n.
1261 5578 1329 5656 ⁶23).
1352 5579 1555 5655 Quapropter
1575 5578 1751 5657 juvenilem
1781 5580 1909 5656 quidem
1934 5582 2152 5660 arrogantiam
2179 5600 2217 5644 ea

592 5654 799 5723 reuerentia,
814 5672 879 5731 qua
892 5673 950 5732 par
963 5655 1022 5715 luit
1035 5655 1159 5717 delendi
1176 5657 1279 5725 tidem,
1298 5658 1441 5718 coercuit
1455 5660 1729 5719 sanctuslloctor:
1747 5659 1800 5719 sed
1816 5659 1941 5719 interim
1952 5667 2057 5719 tanum
2075 5661 2215 5720 leuitatis

590 5739 744 5805 quantum
758 5734 858 5805 licuit,
872 5732 1023 5795 adbibere
1035 5737 1160 5797 curavit
1176 5736 1281 5812 :quod
1295 5736 1445 5796 nimirum
1459 5736 1610 5814 juvenem
1623 5755 1688 5797 non
1702 5754 1905 5814 praepropere
1919 5736 2151 5809 detestandum,
2163 5742 2217 5798 sed

590 5810 874 5873 adhucdoeendum
886 5819 1030 5889 putaret;
1046 5832 1104 5874 nec
1114 5813 1271 5884 damnari,
1286 5815 1346 5874 sed<
1355 5815 1519 5876 emendari
1535 5821 1676 5893 cuperet.
1695 5817 1805 5892 Neque
1821 5816 1963 5893 proiecto
1979 5834 2050 5894 spes
2067 5836 2141 5878 eum
2164 5821 2216 5877 ic·-

592 5887 683 6027 iqplit3
701 5909 998 6032 ηοιιῐιιιροοέροιιειιιέ]6
1015 5892 1136 5970 accepit
1155 5909 1174 5953 a
1196 5892 1344 5965 l'ictorc,
1365 5912 1431 5972 quo
1451 5913 1485 5955 se
1505 5894 1531 5954 is
1550 5895 1677 5955 demum
1696 5912 1823 5956 errores
1854 5894 2010 5973 abjecisse
2037 5900 2216 5957 testabatur

635 5979 742 6030 straet.
771 5988 781 6030 r
806 6014 814 6031 .
877 5989 911 6029 ca
937 6014 944 6030 .
969 5969 975 5985 ’
1020 6015 1027 6029 .

592 5966 601 6044 ί
627 6048 817 6110 Prodierunt
829 5989 956 6109 ci’rcitbr
968 5970 1044 6110 aubi
1060 6049 1200 6128 eiusdem
1217 6050 1523 6150 quadringentesimi
1539 6051 1651 6112 decimi
1667 6051 1742 6110 noni
1763 6050 1860 6112 finem
1877 6070 1949 6113 curn
1968 6053 2110 6130 epistole
2126 6053 2218 6113 Pela·

612 6125 757 6189 ianorum
768 6128 851 6197 duce,
862 6143 928 6189 nna
940 6129 1084 6202 llomam,
1100 6130 1201 6192 altera
1211 6130 1473 6192 (ilressalonicam
1484 6131 1592 6202 missa,
1602 6129 1801 6190 turntaliani
1815 6139 1928 6192 eontra
1940 6132 2059 6191 librum
2072 6133 2212 6208 primunr

610 6206 759 6285 eiinptiis
778 6213 808 6269 et
822 6206 1090 6289 Concupiscentia
1103 6209 1267 6270 volumina
1283 6215 1435 6285 quatuor.
1450 6209 1525 6270 Haec
1538 6209 1701 6270 volumina
1717 6208 1836 6286 duplici
1851 6227 1960 6288 opero,
1976 6227 2043 6270 uno
2058 6209 2097 6269 ad
2117 6208 2217 6268 Vale-

591 6283 684 6357 rium,
698 6288 763 6348 alio
775 6287 814 6348 ad
828 6286 997 6348 Claudium
1010 6286 1146 6359 directn;
1165 6287 1236 6348 illas
1249 6295 1357 6350 autem
1371 6288 1523 6366 epistolas
1539 6289 1628 6351 libris
1644 6288 1682 6350 ad
1696 6289 1897 6353 Boniiacium
1908 6288 2052 6368 seriptis,
2062 6282 2229 6364 exuensne..

590 6368 716 6428 modum
731 6365 946 6429 contestarerit
957 6366 1167 6447 Augustinus,
1179 6366 1247 6448 iam
1263 6368 1567 6432 narraturisumus.
