5592 7350
619 947 670 1001 tttlt

620 1064 719 1130 luptate
741 1067 910 1115 cerretum.
933 1057 996 1109 dicit
1017 1057 1105 1110 subire
1127 1056 1276 1123 contagium
1299 1052 1409 1106 defucto·

620 1154 702 1207 rum?
725 1151 790 1205 Attali
812 1164 874 1218 crgo
895 1149 928 1201 tle
949 1149 1045 1217 nuptiis
1066 1148 1198 1202 Ambrosii
1214 1145 1370 1201 sententiam
1385 1146 1410 1196 in

620 1245 747 1315 Apologia
772 1243 854 1296 sancti
879 1242 967 1294 batto.
986 1261 993 1291 t
1012 1242 1130 1304 flottam,
1150 1260 1158 1292 t
1176 1241 1258 1309 inquit
1271 1280 1277 1301 ,
1292 1256 1301 1289 ι
1319 1240 1412 1302 cottju-

619 1339 708 1407 giam,
731 1345 819 1389 sanct-t
834 1334 937 1403 copula.
954 1333 1005 1386 Sed
1023 1343 1109 1386 tanten
1125 1333 1168 1399 qni
1183 1330 1280 1384 hahent
1294 1344 1411 1393 uxores,

621 1429 656 1481 ita
677 1428 729 1480 sint
750 1438 782 1479 ac
803 1424 824 1477 si
848 1440 898 1477 nan
916 1423 1043 1476 lutltcntes
1058 1440 1064 1474 :
1080 1422 1136 1490 ipse
1149 1430 1188 1475 cst
1203 1422 1295 1473 thenis
1311 1420 1413 1472 incoin-

620 1519 761 1585 quinatus;
788 1524 815 1568 ct
837 1529 915 1568 nemo
938 1513 1050 1567 alterum
1068 1513 1188 1565 haudare
1202 1509 1282 1564 dehet
1296 1528 1344 1571 co,
1362 1508 1412 1561 nisi

621 1605 689 1661 htrte
712 1606 744 1660 ad
768 1615 889 1675 tempus,
914 1614 942 1658 ut
955 1614 1050 1657 vacent
1061 1603 1174 1656 orationi
1189 1602 1209 1669 ti
1224 1601 1281 1653 Cor.
1298 1616 1342 1660 tn,
1357 1598 1411 1664 29,

621 1699 661 1767 tt).
678 1697 777 1751 Tamen
793 1695 937 1750 secundum
952 1695 1127 1764 Apostolum,
1142 1708 1195 1746 nen
1210 1702 1285 1744 uacat
1299 1690 1413 1744 urationi

620 1791 681 1861 quis
698 1803 731 1843 co
749 1798 880 1856 tempore,
894 1802 947 1857 qno
959 1800 1033 1839 usum
1046 1786 1053 1816 ¹
1067 1798 1203 1852 corporeae
1215 1781 1286 1835 illius
1298 1795 1416 1834 cenven-

623 1879 703 1933 tionis
716 1872 837 1933 excreett
855 1876 927 1947 (Cep.
944 1874 1000 1946 fl).
1014 1874 1082 1929 tludi
1095 1881 1122 1928 et
1135 1874 1244 1927 alteram
1258 1873 1285 1925 in
1301 1872 1369 1925 libro
1381 1871 1415 1925 dc

622 1970 792 2041 Philosophia
810 1988 815 2023 :
834 1989 843 2022 t
861 1970 952 2032 buna,
971 1987 981 2020 t
999 1968 1102 2037 inquit,
1121 1986 1130 2019 t
1149 1965 1325 2028 continentia,
1340 1978 1431 2035 qnae--

623 2063 684 2117 dam
697 2061 770 2115 uelut
783 2058 892 2130 crepido
903 2057 1017 2127 pietatis.
1031 2056 1179 2125 Natnqnein
1192 2054 1343 2125 praecipitus
1355 2053 1417 2106 vitre

624 2151 703 2223 hujus
718 2150 862 2206 labentium
878 2148 970 2203 statuit
984 2147 1114 2216 vestigia;
1130 2145 1290 2216 specttlatrtx
1302 2144 1415 2209 sedula,

623 2258 657 2299 ne
682 2242 744 2312 qnid
771 2239 881 2310 obrepat
903 2239 1035 2293 illicitum.
1064 2237 1149 2292 blater
1176 2245 1264 2291 antem
1291 2236 1416 2290 uitiorum

623 2335 743 2390 omnium
770 2332 982 2397 incontinentia,
997 2346 1056 2401 qum
1070 2331 1149 2384 ctiam
1163 2329 1233 2383 iieita
1247 2330 1325 2383 vertit
1338 2329 1364 2382 in
1377 2327 1416 2381 vi·

625 2428 690 2480 tium
715 2424 831 2493 ideoque
841 2422 985 2492 Aptostelus
997 2438 1049 2476 nun
1060 2421 1145 2475 sulum
1157 2437 1170 2472 a
1185 2419 1359 2474 fornicatione
1369 2423 1417 2473 nos

624 2518 843 2583 retraltit‚rcrum
858 2515 938 2569 etiam
954 2513 980 2568 itt
993 2513 1056 2583 ipsis
1069 2511 1198 2582 eottjttgiis
1210 2510 1316 2564 modum
1325 2524 1418 2578 quent-

626 2610 688 2664 dam
711 2609 806 2673 docet,
829 2616 855 2661 et
874 2616 993 2674 tempore
1014 2604 1162 2677 proscribit
1179 2601 1272 2656 orandi
1285 2620 1294 2653 t
1308 2600 1339 2669 (l
1356 2598 1418 2655 Cor.

552 2726 554 2731 2
625 2703 683 2773 ιιι).
704 2719 715 2754 ι
729 2701 909 2769 intemperans
922 2696 993 2752 enim
1008 2697 1034 2750 in
1048 2695 1185 2765 cunjugio,
1201 2693 1263 2765 quid
1276 2692 1348 2748 aliud
1360 2694 1412 2749 nisi

626 2791 732 2863 quidam
756 2790 861 2844 adulter
879 2788 971 2843 uxoris
989 2786 1048 2842 esti
1063 2805 1074 2838 t
1090 2786 1183 2841 Cernis
1195 2785 1418 2855 quemadmodum

626 2884 691 2939 velit
707 2883 786 2936 etiam
809 2882 878 2935 iuter
902 2895 931 2934 se
953 2879 1009 2948 ipsa
1029 2893 1091 2933 rere
1104 2877 1215 2932 honesta
1230 2879 1240 2909 ¹
1254 2891 1313 2931 esse
1324 2879 1420 2947 conju·

626 2974 699 3045 gitti
726 2972 806 3026 Vides
830 2970 1054 3042 quemadmodum
1078 2969 1175 3033 dicat,
1200 2968 1418 3022 incontinentiam

626 3065 706 3120 etiarn
728 3062 798 3117 licita
816 3070 919 3115 vertere
938 3060 964 3114 in
979 3059 1087 3122 vitium,
1104 3058 1146 3112 tibi
1159 3067 1186 3112 et
1200 3059 1298 3112 licitum
1310 3060 1420 3112 demun-

626 3164 693 3211 strat
715 3167 775 3209 esse
796 3152 977 3217 connubium,
1000 3164 1027 3205 et
1046 3150 1073 3205 in
1095 3151 1152 3219 ipso
1166 3165 1219 3203 non
1235 3150 1291 3203 vult
1305 3149 1419 3205 itteonti·

626 3247 743 3303 nentium
765 3244 865 3300 foedare
886 3242 956 3314 quod
976 3243 1075 3298 licitum
1096 3251 1139 3297 est
1157 3242 1188 3294 'i
1209 3242 1332 3297 adverus
1353 3258 1421 3313 quo-

628 3337 709 3393 modo
720 3336 869 3405 intelligere
884 3334 1021 3389 nobiscum
1034 3333 1150 3395 debeas,
1165 3332 1191 3387 in
1203 3348 1257 3402 quo
1269 3332 1362 3387 morbo
1373 3333 1421 3387 de·

626 3429 717 3485 siderii
739 3427 853 3482 uoluerit
874 3426 1017 3497 Apostolus
1037 3441 1253 3496 unttmqncmquc
1275 3441 1322 3480 vas
1343 3442 1420 3481 sunm

629 3520 784 3592 possidere,
799 3520 868 3574 sicut
882 3527 973 3587 gentes
987 3533 1047 3588 quae
1060 3518 1182 3587 ignorant
1198 3519 1279 3571 licum
1295 3516 1315 3590 (Ι
1330 3516 1419 3572 Thera,

627 3613 693 3679 tt·,f,
703 3611 732 3682 5)
742 3611 754 3664 i
763 3609 822 3664 Tibi
834 3618 922 3663 autent
931 3607 1011 3661 libido
1024 3607 1136 3661 nonnisi
1149 3616 1246 3678 preter
1259 3622 1367 3661 atrorem
1380 3611 1417 3660 ti-

627 3707 705 3760 detur
721 3706 780 3759 esse
793 3702 942 3770 culpabilis.
957 3698 1026 3768 Quid
1039 3714 1102 3768 ergo
1116 3699 1150 3753 de
1165 3698 1306 3753 Ambrosio
1318 3699 1421 3768 judica-

628 3796 683 3860 bis,
697 3794 742 3865 qui
755 3794 976 3861 intemperantem
991 3791 1018 3843 in
1028 3789 1152 3859 conjugio
1165 3788 1314 3844 adulterum
1328 3807 1421 3859 quent·

630 3889 691 3940 dam
710 3884 826 3955 appellat
844 3883 936 3936 ttxuris
946 3881 958 3933 l
970 3881 1045 3935 Tune
1057 3880 1153 3935 melius
1166 3882 1271 3948 nuptias
1285 3882 1399 3935 honoras
1412 3923 1419 3946 ,

629 3978 762 4049 inquibus
774 3975 875 4030 libidini
888 3974 1130 4030 licentiosissimum
1142 3973 1256 4041 spatium
1268 3973 1401 4042 prebuisti
1412 3990 1420 4036 ;

629 4086 662 4125 ne
683 4067 804 4123 furmssis
823 4066 923 4120 offensa
942 4063 1110 4119 defensorem
1133 4063 1184 4118 sibi
1203 4064 1283 4118 alium
1297 4065 1419 4134 provide-
1443 4083 1448 4093 ·

628 4173 669 4216 ret
678 4162 691 4214 i
701 4160 793 4230 Neque
806 4158 892 4223 enim,
907 4157 976 4227 quod
992 4171 1042 4226 ego
1055 4155 1263 4211 commemoravi
1276 4156 1420 4210 seeundum

628 4255 733 4307 reniam
752 4250 909 4320 conjugibus
929 4248 1078 4304 concedere
1090 4248 1245 4318 Apostolum
1261 4246 1315 4319 (ubi
1330 4248 1420 4317 procul

628 4343 709 4397 dubio
729 4348 851 4404 notatur,
870 4339 920 4394 etsi
934 4338 1097 4409 ignoscitur,
1111 4336 1220 4409 culpa),
1234 4338 1327 4393 saltent
1341 4337 1422 4392 verbo

630 4443 706 4489 tenus
728 4433 859 4500 attingere
880 4429 1005 4494 voluisti;
1026 4436 1072 4482 aut
1087 4427 1158 4497 quod
1170 4427 1204 4480 ab
1218 4427 1264 4481 illo
1278 4441 1377 4497 opere,
1394 4437 1423 4480 nt

629 4524 742 4579 orationi
757 4530 851 4576 vacent
862 4562 868 4587 ,
880 4535 986 4574 cessare
996 4519 1124 4588 continges
1137 4518 1318 4572 admonentur
1328 4518 1350 4586 (Ι
1361 4518 1421 4571 Cor.

629 4632 682 4682 ιιι,
700 4616 734 4681 6,
749 4612 797 4685 5),
813 4612 883 4683 quod
899 4628 948 4682 ego
964 4620 1047 4666 totum
1063 4610 1286 4674 commemorati,
1300 4626 1379 4665 ausus
1393 4625 1423 4666 es

630 4709 656 4764 io
678 4718 721 4762 tua
742 4705 917 4777 responsione
944 4703 1070 4760 refricare
1087 4721 1093 4756 :
1109 4703 1208 4770 credo,
1225 4702 1371 4758 formidans
1388 4720 1423 4760 ns

630 4810 673 4856 tua
687 4799 821 4855 videretur
834 4797 1007 4868 prevaricata
1019 4795 1151 4861 defensio,
1168 4796 1191 4850 si
1203 4804 1230 4851 et
1244 4804 1269 4850 te
1279 4796 1424 4851 confitente

630 4900 781 4962 appareret,
795 4889 866 4960 quod
883 4904 929 4959 per
944 4887 1091 4953 libidinem,
1104 4888 1147 4941 eui
1160 4897 1185 4940 te
1199 4887 1357 4955 patrocinari
1371 4901 1423 4940 non

630 4982 728 5052 pudet,
745 4980 823 5034 etiam
843 4977 984 5048 conjugum
1005 4977 1178 5047 impediretur
1197 4976 1292 5031 oratio.
1313 4974 1349 5029 lta
1362 4990 1423 5030 cunt

631 5070 696 5126 ntilti
719 5083 766 5139 pro
781 5068 824 5122 illa
838 5067 1001 5137 respondere
1014 5080 1141 5137 cuperes,
1157 5065 1203 5120 scd
1218 5066 1344 5135 apostolo
1358 5066 1424 5119 resi-

630 5171 703 5219 stere
716 5177 769 5218 non
781 5157 911 5224 auderes,
924 5173 974 5215 nee
987 5160 1013 5213 in
1025 5160 1103 5213 aliam
1118 5159 1286 5227 sententiam,
1300 5158 1368 5214 sieut
1381 5174 1425 5214 so-

631 5257 708 5322 letis,
722 5254 809 5324 ipsum
824 5252 999 5324 apostolieum
1012 5249 1189 5305 testimonium
1203 5249 1361 5320 detorquere
1375 5264 1424 5318 po-

632 5351 728 5407 tuisses
739 5389 747 5417 ,
759 5347 869 5403 omuino
883 5344 944 5401 inde
959 5353 1046 5400 tacere
1059 5342 1184 5396 maluisti.
1200 5343 1240 5396 Tu
1253 5357 1315 5411 ergo
1329 5341 1425 5396 melius

632 5444 748 5498 honoras
759 5440 880 5510 nuptias,
893 5452 1005 5508 quamm
1016 5435 1170 5507 dignitatem
1182 5444 1304 5503 tanquam
1315 5434 1425 5487 omniuo

633 5530 859 5603 irreprehensibili
873 5528 1014 5583 volutahro
1026 5525 1367 5594 earnaliscuttcupisccntiae
1376 5523 1425 5578 dc-

632 5624 735 5678 coloras
751 5641 757 5676 ι
772 5636 805 5676 an
824 5621 883 5683 illc,
899 5618 945 5690 qui
964 5634 1023 5674 cunt
1039 5617 1123 5680 dicat,
1140 5633 1192 5670 nou
1206 5618 1291 5670 solunt
1305 5617 1424 5684 licitum,

632 5715 679 5768 ted
701 5714 780 5768 ctiam
805 5712 903 5765 honum
927 5709 1078 5781 conjugium
1100 5716 1271 5777 sanctamque
1285 5708 1424 5776 copulam,

635 5812 722 5858 tamen
734 5812 856 5858 cessante
869 5801 984 5858 lihidinis
996 5802 1140 5868 volttptatc,
1155 5807 1273 5867 tentpora
1287 5798 1379 5852 orandi
1392 5801 1427 5851 ah

635 5897 761 5964 Aptostoht
778 5894 929 5966 prescripta
945 5901 1151 5955 commemorem
1168 5900 1248 5959 atquc
1262 5891 1296 5943 ita
1309 5906 1359 5942 nnn
1371 5890 1428 5944 vult

634 5985 674 6060 tlli
690 5987 783 6039 murho
797 5985 901 6040 deditos
913 6001 971 6039 csse
984 5984 1127 6054 conjuges,
1144 5982 1213 6036 uude
1225 5983 1338 6036 trahitur
1348 5983 1428 6051 origi-

667 6096 674 6125 ι
693 6099 721 6141 br
733 6099 835 6153 ettae..
847 6091 888 6157 qtri
898 6105 926 6144 eo
937 6099 1042 6159 tempore
1058 6105 1135 6142 usuro.
1147 6092 1306 6142 emcndantur
1323 6105 1353 6141 ex
1375 6101 1426 6142 oss.

635 6164 660 6204 et
675 6155 826 6203 ttttthrosiana
838 6156 954 6205 editione.

666 6219 676 6249 ⁹
692 6219 729 6266 sic
739 6216 851 6277 praecipui
862 6223 915 6264 ttss.
929 6226 956 6265 ιιι
967 6216 1034 6275 editi,
1045 6228 1101 6265 uere
1112 6224 1133 6264 et
1145 6213 1248 6264 ltonestu.

667 6280 727 6326 ter.
743 6282 843 6336 cttur,
860 6289 906 6326 nme
923 6276 971 6328 terit
992 6274 1161 6329 t'ttrorrtt'eentio
1179 6275 1268 6339 fedari
1290 6277 1354 6340 qued
1374 6275 1427 6328 lict-

625 6345 730 6390 lmrrerl.

1020 942 1154 998 cott'tts
1177 937 1347 998 ttssttatttttt
1370 934 1597 1003 t't2tttitatitttt,
1620 945 1647 996 S.
1671 945 1851 1003 recusat->tl

2205 945 2257 1009 dil

1465 1051 1524 1105 nale
1544 1064 1696 1120 peccatum,
1711 1067 1738 1111 ut
1751 1072 1797 1112 eos
1812 1059 1855 1128 qui
1870 1059 1966 1114 bahent
1980 1076 2092 1126 uxores,
2110 1063 2257 1121 secundum

1464 1143 1586 1196 eltrudem
1606 1147 1769 1212 apostolum,
1790 1149 1825 1201 ita
1846 1165 1905 1204 esse
1918 1151 1995 1218 velit,
2010 1167 2040 1206 ae
2053 1153 2075 1206 si
2088 1167 2140 1206 non
2154 1152 2257 1209 haben·

1466 1240 1523 1295 tes;
1549 1249 1598 1288 nee
1622 1250 1716 1290 rorare
1739 1237 1840 1292 duhitat
1852 1241 1931 1294 etiam
1947 1243 2036 1296 uniaris
2050 1243 2200 1299 adulterum
2215 1248 2258 1300 in·

1466 1329 1657 1391 temperantem
1681 1327 1819 1389 ntaritum,
1842 1344 1921 1383 omne
1940 1332 2064 1386 connubii
2075 1332 2178 1388 ‘bunum
2192 1352 2260 1405 pcn-

1466 1427 1527 1466 suns
1541 1431 1593 1468 tum
1607 1417 1751 1484 cupiditate
1763 1422 1851 1474 caruis
1863 1464 1870 1485 ,
1882 1421 1928 1475 sed
1942 1423 1992 1477 liele
2008 1426 2093 1493 potius
2108 1427 2258 1490 castitatis:

1467 1519 1518 1555 uon
1533 1507 1626 1559 morbo
1640 1510 1787 1575 passurum,
1804 1512 1850 1564 scd
1864 1512 1963 1565 foedere
1976 1516 2172 1582 conjunctionis
2184 1535 2190 1580 ;
2205 1534 2260 1572 nott

1466 1596 1599 1665 voluptate
1621 1598 1754 1665 lihidinis,
1775 1603 1821 1655 secl
1842 1603 1978 1657 mtuntarc
1998 1606 2177 1676 propaginis)
2194 1608 2259 1662 Nam

1467 1688 1604 1742 mulierem
1624 1690 1681 1743 niro
1701 1693 1805 1746 nonnisi
1824 1695 1967 1761 generandi
1988 1711 2066 1750 causa
2081 1697 2202 1766 perbibet
2216 1700 2259 1753 in-

1467 1779 1603 1842 stitutam,
1623 1781 1693 1836 unde
1707 1792 1760 1836 tam
1775 1784 1820 1837 diu
1835 1786 1948 1850 frustra,
1964 1788 2039 1857 quasi
2053 1790 2192 1860 quisquam
2209 1791 2261 1847 hoe

1467 1879 1586 1925 nestrum
1612 1884 1739 1943 negaret,
1763 1875 1949 1944 disputandum
1974 1883 2079 1948 putasti.
2104 1883 2165 1937 ttae
2188 1887 2259 1938 ettitn

1467 1970 1529 2016 sunt
1544 1962 1578 2017 de
1591 1964 1641 2020 hac
1655 1981 1684 2020 re
1698 1966 1777 2021 verba
1791 1968 1848 2037 ejus
1865 1970 1890 2021 in
1906 1970 1974 2024 libre
1988 1971 2021 2024 de
2037 1950 2164 2027 Paradisu
2179 1992 2185 2027 :
2203 1994 2213 2025 t
2233 1976 2260 2030 si

1468 2053 1547 2124 igitur
1569 2056 1648 2121 tiro,
1676 2076 1687 2109 t
1714 2058 1812 2129 inquit,
1840 2078 1849 2111 t
1875 2061 1960 2129 culpae
1977 2072 2126 2117 auctorest
2144 2066 2259 2131 mulier,

1468 2145 1691 2214 quemadmodum
1715 2163 1762 2217 pro
1783 2149 1854 2204 bonu
1875 2151 1978 2206 vitietur
1989 2153 2225 2223 adjectatvcnun
2238 2159 2260 2210 si

1468 2236 1641 2301 consideres,
1657 2238 1717 2307 quia
1733 2240 1787 2293 ileo
1802 2242 1981 2297 universitate
1995 2256 2035 2298 cst
2050 2261 2111 2300 cura
2123 2288 2130 2307 ‚
2143 2248 2260 2303 invenies

1470 2328 1527 2397 plus
1547 2329 1653 2397 placere
1674 2330 1787 2385 Dentino
1809 2332 1932 2388 delmisse
1953 2334 1978 2387 id
1994 2336 2019 2388 in
2032 2351 2085 2405 quo
2098 2348 2169 2391 esset
2181 2354 2259 2393 musa

1467 2421 1666 2488 universitatis,
1685 2438 1764 2493 quam
1783 2424 2012 2480 condemnantium
2032 2426 2114 2482 fuisse
2129 2430 2192 2483 illud
2211 2432 2217 2461 ¹
2235 2432 2260 2483 iu

1469 2526 1523 2581 quo
1541 2521 1612 2566 esset
1633 2528 1712 2568 eausa
1733 2516 1844 2583 peceati.
1866 2516 1927 2570 lateo
1947 2518 2007 2586 qnia
2022 2534 2054 2571 ex
2070 2519 2126 2572 tiro
2139 2520 2195 2573 selo
2210 2537 2261 2574 non

1470 2610 1574 2671 poterat
1586 2602 1694 2659 humaui
1707 2619 1768 2661 esse
1780 2607 1887 2675 generis
1902 2609 2071 2678 propagatio,
2084 2611 2262 2679 pronuntiarit

1472 2692 1599 2748 Dominus
1611 2735 1618 2761 ,
1630 2709 1682 2749 nen
1695 2695 1861 2751 essebonum
1870 2698 1955 2751 solum
1970 2698 2103 2754 hominem
2116 2717 2175 2755 csse
2185 2700 2259 2773 (Ger.

1470 2797 1504 2849 tt,
1528 2783 1583 2853 ts).
1603 2784 1693 2840 hfaluit
1712 2787 1783 2841 enim
1804 2788 1873 2843 Deus
1894 2789 1984 2857 plures
2005 2804 2081 2855 csse,
2096 2793 2263 2860 quesmlros

1471 2873 1559 2929 facere
1571 2886 1679 2945 posset,
1691 2878 1788 2948 quibus
1800 2878 1911 2934 donaret
1925 2889 2073 2949 peecatum,
2086 2898 2166 2950 quam
2181 2900 2261 2937 nnutu

1471 2966 1556 3020 solum
1579 2968 1682 3035 Adam,
1704 2970 1749 3036 qui
1770 2970 1836 3024 liber
1853 2980 1925 3042 esset
1942 2973 2056 3042 aculpa.
2073 2974 2190 3043 Denique
2203 2977 2262 3045 qnia

1471 3056 1555 3123 idem,
1574 3076 1585 3109 t
1605 3058 1709 3128 inquit,
1731 3077 1742 3112 ι
1760 3043 1897 3130 utriusque
1911 3072 2056 3118 auctorest
2069 3066 2177 3134 operis,
2193 3068 2264 3120 tettit

1471 3148 1498 3201 in
1520 3148 1590 3203 hunc
1610 3149 1754 3217 mundum,
1777 3161 1803 3205 ut
1818 3152 1908 3206 salros
1922 3151 2021 3207 faceret
2034 3165 2196 3222 peccatores.
2212 3156 2263 3208 Ρο-

1471 3247 1571 3292 stremo
1583 3254 1632 3294 nec
1645 3240 1710 3294 Cain
1724 3242 1855 3310 parricidii
1869 3259 1943 3297 reum
1958 3244 2111 3314 priusquam
2124 3258 2264 3315 generaret

1473 3330 1556 3399 itlius,
1576 3346 1670 3400 passus
1690 3343 1732 3388 est
1752 3333 1870 3388 interire.
1887 3334 1972 3405 Ergo,
1990 3336 2114 3405 tinquit,
2133 3358 2142 3388 t
2159 3351 2266 3408 propter

1471 3424 1669 3493 generationem
1704 3426 1882 3481 successionis
1909 3426 2032 3481 humanas
2056 3426 2146 3483 debuit
2172 3430 2265 3484 mulier

1472 3514 1549 3584 adjici
1564 3515 1621 3569 viro
1638 3534 1647 3568 t
1665 3515 1739 3587 (Cup.
1754 3516 1810 3585 lii).

1506 3603 1553 3659 tt.
1574 3606 1661 3661 llabes
1677 3621 1740 3662 ecee
1755 3609 1922 3662 anthrosium
1938 3608 2075 3665 doctorem
2091 3626 2193 3678 mcum,
2210 3623 2265 3667 eta

1472 3704 1518 3751 tuo
1539 3699 1775 3753 memorabiliter·
1795 3700 1983 3768 praedicatum,
2004 3711 2032 3757 et
2052 3719 2119 3773 opus
2142 3705 2187 3758 ilci
2206 3720 2266 3760 esse

1472 3801 1578 3842 omnem
1603 3790 1736 3844 hominem
1758 3800 1838 3861 atquc
1860 3791 1975 3846 huminis
1996 3808 2122 3854 earnem,
2142 3802 2170 3849 et
2183 3795 2265 3850 hunus

1472 3892 1532 3933 csse
1553 3881 1657 3950 nuptias
1677 3882 1844 3952 inquantum
1860 3894 1921 3938 suut
1937 3884 2052 3954 nuptia,
2068 3903 2119 3940 non
2134 3888 2213 3941 modu
2228 3889 2266 3942 fa-

1473 3977 1587 4036 tentem,
1611 3974 1805 4027 verumetiam
1830 3974 2025 4031 defendentem.
2049 3976 2174 4032 latorem
2197 3981 2266 4049 quad

1474 4074 1521 4127 per
1540 4060 1669 4129 originale
1688 4075 1823 4131 peceatum
1843 4080 1920 4119 sacro
1939 4068 2092 4137 baptismati
2109 4070 2173 4124 ttiltii
2187 4072 2266 4126 dero-

1472 4161 1533 4220 get,
1548 4152 1669 4219 superius
1682 4152 1878 4217 demonstravi,
1893 4158 1998 4227 quando
2009 4159 2066 4229 ejus
2081 4161 2157 4230 posui
2171 4164 2265 4224 verim,

1474 4239 1517 4293 uhi
1537 4240 1619 4307 dicit,
1644 4260 1654 4293 ι
1673 4243 1746 4296 illum
1762 4244 1901 4312 justificari
1922 4262 1936 4300 a
1959 4258 2084 4316 peccatu,
2099 4252 2142 4303 eni
2158 4268 2205 4320 per
2217 4251 2265 4304 lla-

1475 4331 1599 4399 ptisntum
1612 4343 1717 4400 peccata
1732 4338 1900 4390 remittuntur
1911 4339 1998 4391 omnia
2012 4358 2021 4391 t
2036 4339 2153 4409 (Supra,
2168 4358 2195 4394 rt.
2211 4342 2265 4409 fi).

1477 4439 1487 4472 ι
1501 4420 1605 4476 lustum
1620 4438 1701 4491 porro
1712 4424 1754 4478 ille
1767 4425 1849 4479 Derim
1865 4426 1909 4479 uhi
1925 4443 1976 4481 uon
1993 4429 2136 4497 praedicat,
2151 4440 2195 4483 aul
2209 4433 2266 4501 quis

1474 4511 1508 4565 de
1529 4512 1579 4566 hoc
1599 4522 1684 4581 potest
1703 4516 1849 4568 catholicus
1868 4515 1988 4570 dubitare
2003 4516 2183 4583 christianus,
2199 4520 2266 4589 quod

1476 4616 1543 4668 pene
1554 4610 1582 4655 ct
1594 4618 1687 4657 omnes
1702 4604 1775 4674 impii
1789 4605 1972 4659 cotthtcnturr

1510 4695 1624 4751 ctrttt
1649 4696 1714 4751 vttt.
1729 4728 1766 4738 -
1786 4696 1829 4751 22.
1850 4698 1976 4764 Quintum
1990 4700 2054 4754 illud
2068 4710 2167 4764 restat,
2182 4712 2266 4757 utrum

1475 4785 1597 4840 videatur
1619 4787 1760 4843 Ambrosio
1778 4788 1919 4844 humanam
1934 4806 2058 4860 capacem
2072 4792 2267 4860 justificationis

1476 4887 1504 4932 et
1527 4878 1697 4948 perfectionis
1718 4895 1778 4934 esse
1799 4893 1935 4946 naturatu;
1958 4897 2007 4937 nec
2024 4882 2057 4936 ab
2073 4885 2124 4939 hac
2137 4885 2266 4939 sententia

1478 4980 1616 5040 propterea
1629 4984 1787 5039 reuocetur,
1801 4975 1861 5042 quia
1877 4989 1948 5043 saepe
1962 4991 1993 5029 ac
2007 4977 2097 5030 multis
2108 4977 2196 5032 modis
2207 4977 2267 5033 dicit

1477 5065 1584 5116 otttuem'
1607 5062 1741 5119 bominem
1765 5067 1815 5120 snb
1835 5077 1943 5134 peccato
1963 5069 2052 5133 nasei,
2068 5078 2096 5122 et
2109 5084 2170 5124 esse
2184 5071 2267 5139 ipsum

1477 5163 1564 5208 ortum
1583 5155 1641 5224 ejus
1659 5156 1685 5210 in
1703 5156 1777 5209 titio.
1794 5156 1892 5211 Verum
1907 5165 1934 5211 et
1950 5157 2000 5211 hoc
2011 5158 2066 5227 iam
2079 5174 2159 5229 supra
2174 5159 2268 5222 docui,

1478 5243 1522 5298 tthi
1544 5259 1603 5299 cum
1623 5245 1683 5300 lece
1697 5247 1755 5315 ipso
1770 5247 1848 5316 paulu
1865 5256 1924 5316 post
1937 5248 2036 5303 dixisse
2050 5251 2212 5314 memorat-i,
2228 5268 2237 5301 ι
2255 5267 2269 5302 a

1476 5333 1575 5389 Christi
1595 5351 1675 5392 carne
1696 5337 1850 5392 damnatum
1870 5354 1930 5394 esse
1952 5350 2109 5409 peccatum,
2132 5342 2205 5411 quud
2226 5358 2270 5395 na·

1478 5429 1578 5482 scendo
1600 5444 1653 5483 uon
1674 5431 1773 5496 sensit,
1793 5432 1863 5501 quod
1884 5433 2021 5486 moriemiu
2034 5434 2185 5496 crucifixit,
2204 5444 2232 5488 ut
2247 5437 2270 5489 in

1478 5532 1559 5573 carne
1580 5529 1669 5572 nostra
1689 5528 1761 5574 esset
1779 5520 1931 5589 justificatio
1954 5522 2141 5592 pergratiam,
2159 5527 2202 5576 nln
2216 5533 2274 5578 erat

1479 5619 1541 5662 ante
1555 5610 1668 5664 colluvio
1683 5626 1731 5681 per
1745 5612 1848 5682 culpato
1866 5630 1876 5664 t
1894 5612 1975 5683 (fhid.
1991 5629 2017 5666 rt.
2033 5597 2072 5685 δι’.
2087 5612 2125 5666 lbi
2138 5615 2210 5667 enim
2225 5630 2273 5667 nae

1481 5710 1565 5756 turam
1576 5702 1767 5758 demonstrarit
1780 5706 1920 5758 humanam
1934 5747 1941 5770 ,
1953 5707 2033 5760 etiem
2046 5705 2139 5767 istatn,
2153 5723 2212 5776 quar
2225 5706 2274 5759 snb

1480 5805 1589 5864 peceato
1603 5798 1735 5863 nascitur,
1751 5806 1778 5852 et
1792 5797 1868 5867 cujus
1878 5806 1952 5852 ‹trtus
1966 5797 1992 5852 in
2007 5799 2071 5852 vitio
2084 5809 2145 5862 cst,
2162 5812 2223 5852 csse
2232 5798 2275 5866 ju·

1480 5887 1646 5941 stiftcatiunis
1668 5903 1793 5957 capacem
1816 5907 1823 5943 :
1845 5889 1892 5943 sed
1914 5905 1978 5946 sane
1999 5891 2190 5961 pergratiam,
2204 5889 2274 5960 quoi

1481 5979 1615 6033 inimicum
1630 5991 1670 6034 est
1680 5981 1772 6048 nobis,
1785 5982 1871 6036 eidem
1881 5984 1973 6052 gratiae
1984 5983 2138 6038 crudelibus
2149 5983 2274 6038 inimicis.

1482 6071 1578 6126 l'crum
1594 6073 1615 6126 si
1636 6073 1685 6127 hoc
1699 6089 1793 6144 parum
1807 6085 1863 6137 est,
1879 6089 1970 6129 rursus
1983 6073 2044 6144 quid
2060 6075 2152 6140 dicat,
2168 6074 2275 6129 attende

1482 6163 1509 6218 in
1529 6165 1700 6234 Expositiuue
1723 6166 1795 6220 isaiae
1816 6169 1972 6235 prophete.
1992 6186 2001 6219 ι
2019 6165 2182 6233 Videamus,
2201 6186 2213 6221 t
2233 6167 2276 6222 iu·

1515 6283 1523 6310 ¹
1540 6278 1693 6329 tlenaecust's
1705 6287 1755 6338 tls,
1767 6293 1840 6342 qttom
1855 6292 1901 6329 nort
1910 6280 2061 6331 cmdertdttrrt
2070 6279 2146 6343 [uuae
2157 6281 2230 6335 utta.
2247 6263 2250 6268 ¹

1514 6342 1524 6373 ¹
1541 6346 1565 6389 tu
1575 6349 1632 6391 aute
1644 6345 1749 6398 excessu„
1760 6339 1911 6391 mirabiliter.
