5592 7350
509 1068 587 1134 titios,
598 1064 697 1121 Littera
711 1065 814 1130 occidit,
830 1064 931 1133 spiritus
943 1071 1026 1115 utitem
1041 1062 1157 1129 urutpuu,
1172 1056 1211 1112 sic
1221 1057 1305 1124 magis

507 1153 936 1227 accipiendum,quemadmodum
945 1167 1023 1223 supra
1033 1151 1164 1215 diximus;
1178 1150 1303 1219 quoniam

507 1249 571 1319 legis
584 1247 678 1302 littera
697 1261 758 1316 qum
782 1244 860 1301 docet
883 1258 936 1299 uon
955 1257 1017 1298 esse
1028 1240 1201 1311 peccandum,
1213 1238 1235 1293 si
1248 1238 1303 1308 spi-

506 1343 572 1398 ritus
585 1340 730 1395 vivificans
751 1338 832 1405 desit,
846 1337 942 1392 oceidit
959 1355 966 1391 ι
981 1336 1042 1391 sciri
1063 1335 1134 1391 enim
1155 1331 1218 1387 iacit
1241 1348 1303 1402 pee-

505 1440 592 1487 extum
607 1431 698 1501 potius
712 1444 792 1500 qnam
803 1429 903 1495 caveri,
914 1437 941 1483 et
952 1426 1012 1482 ideo
1027 1425 1110 1496 atrapis
1122 1424 1211 1496 augeri
1224 1438 1303 1494 qnam

506 1522 600 1589 nivini,
616 1522 681 1593 quia
699 1522 777 1576 nate
790 1518 1012 1590 cortenpiscemim
1025 1518 1104 1575 etium
1121 1516 1304 1588 prevaricatio

506 1615 571 1687 leqis
591 1614 712 1670 accedit.

538 1705 655 1763 CAPUT
675 1704 721 1760 Vl.
731 1704 801 1761 -9.
816 1702 976 1757 Abundantitt
986 1700 1072 1757 dettctt
1085 1716 1130 1773 per
1140 1698 1228 1770 lcqent.
1249 1699 1304 1754 Vo-

505 1797 562 1852 tens
573 1811 642 1866 ergo
654 1794 803 1865 Apostolus
819 1793 1009 1850 commendare
1022 1791 1153 1863 gratiam,
1172 1806 1232 1864 qum
1255 1806 1304 1861 per

504 1886 749 1945 tannetarium
768 1887 892 1942 omnibus
910 1886 1031 1956 gentibus
1054 1884 1142 1951 uenit,
1163 1900 1198 1940 ne
1219 1883 1303 1940 tudut

504 1980 753 2035 adsersuscateras
763 1978 897 2049 gentesde
908 1985 1015 2047 accepta
1026 1975 1301 2047 legeseevtollerent3

505 2080 683 2141 numquam
700 2067 768 2123 dixit
783 2077 920 2138 peecatum
934 2075 961 2125 et
975 2078 1088 2123 mortem
1102 2082 1242 2138 perunum
1256 2066 1303 2120 bo·

505 2162 605 2217 nrirrem
619 2162 737 2216 intrasse
751 2161 777 2214 in
790 2174 875 2237 penus
888 2159 1043 2225 humanum,
1057 2169 1083 2213 ct
1096 2172 1237 2228 perunum
1252 2156 1302 2211 lxo-

504 2253 604 2307 minem
611 2250 745 2321 justitiam
759 2250 875 2305 etvitum
888 2257 1027 2314 aeternam,
1038 2248 1111 2303 illum
1127 2247 1222 2313 Adam,
1232 2245 1303 2301 bunc

504 2345 641 2401 Claristum
662 2342 830 2413 apertissime
842 2341 994 2406 insinuans,
1010 2340 1048 2395 ait
1062 2357 1068 2394 :
1083 2338 1137 2394 beu
1147 2349 1231 2393 nutem
1242 2339 1303 2396 ml·

503 2438 605 2492 ιἰιιιιιιὶι
619 2444 648 2489 ιιι
657 2433 798 2489 abundaret
812 2432 947 2499 delictum;
962 2431 1005 2486 ubi
1017 2440 1099 2485 nutem
1109 2430 1245 2485 abundauit
1259 2430 1304 2483 de·

506 2529 609 2592 lictant,
630 2523 844 2600 superabundavit
867 2523 951 2595 qratia
965 2538 974 2577 .·
988 2531 1015 2577 ut
1029 2521 1240 2595 quemadmodum
1261 2536 1303 2575 re·

506 2620 588 2689 prurit
611 2626 744 2686 peccmum
761 2615 789 2669 in
807 2622 913 2668 orontem
923 2614 942 2679 ¹,
959 2613 996 2667 ric
1015 2623 1039 2666 et
1058 2612 1140 2684 qratia
1159 2618 1245 2681 requet
1259 2626 1304 2680 per

506 2712 628 2785 justitiam
640 2710 668 2763 in
680 2710 758 2763 citum
771 2690 890 2762 dunum
903 2721 948 2776 per
965 2704 1053 2760 lesum
1066 2702 1192 2757 Christum
1213 2701 1303 2757 Denti-

506 2821 564 2858 mmr
578 2812 706 2857 nostrum.
725 2799 826 2855 Deinde
840 2814 977 2870 opponens
990 2798 1039 2853 sibi
1048 2798 1104 2868 ipse
1115 2797 1302 2868 qtraestioncm,

507 2893 573 2959 Qut
585 2908 647 2963 erqo
661 2892 784 2957 dicemus,
806 2889 910 2961 inquit?
928 2888 1134 2945 Pcrumuebimm
1147 2888 1174 2942 io
1186 2899 1299 2960 peccato,

507 2995 533 3039 ιιι
543 2986 629 3056 qratia
641 2982 774 3037 abundet?
793 2982 873 3035 Absit.
889 2980 960 3036 tion
971 2980 1043 3037 enim
1061 2995 1076 3034 a
1099 2978 1229 3049 perversis
1245 2994 1304 3048 per·

508 3090 582 3131 rcrsc
605 3087 687 3145 posse
711 3072 795 3144 accipi
816 3070 887 3141 quod
905 3071 1020 3138 dixerat,
1034 3068 1089 3124 Lex
1107 3070 1255 3124 subiutrmut
1277 3077 1304 3122 ut

508 3164 648 3219 abundaret
663 3163 782 3219 delictum
790 3178 800 3226 ,·
813 3162 858 3216 ubi
868 3171 952 3216 nutem
964 3160 1100 3216 eluendonit
1115 3160 1243 3226 delictmn,
1258 3176 1303 3214 su·

509 3253 691 3335 perabundcrit
702 3253 785 3325 qratia
798 3254 808 3284 ¹
824 3270 829 3304 :
845 3262 970 3323 tanquam
985 3250 1092 3321 dixerit,
1107 3252 1311 3325 propterabun.

509 3347 626 3402 ιιιιιὶιιιι
639 3346 731 3417 gratia
744 3344 870 3415 prodesse
886 3351 1035 3413 peceatum.
1056 3342 1113 3397 lluc
1131 3341 1243 3407 diluens,
1261 3358 1303 3398 rc-

509 3438 625 3508 spondit,
655 3435 726 3491 Aluit
745 3451 755 3491 :
774 3446 854 3507 atque
879 3434 1002 3506 subjecit,
1026 3432 1077 3501 Qut
1097 3434 1189 3488 mertui
1212 3449 1300 3488 ιιιιιιιι

510 3539 628 3600 mute,
652 3527 778 3599 quetnode
802 3527 912 3582 sinemus
932 3528 960 3580 in
981 3528 1032 3581 eol
1047 3526 1104 3581 Hoc
1118 3532 1169 3591 est,
1191 3540 1252 3581 cum
1277 3526 1303 3581 id

510 3620 666 3692 praetiterit
676 3620 771 3692 qratia,
785 3628 815 3676 nt
830 3635 996 3676 moreremur
1008 3630 1135 3692 peceato,
1149 3619 1212 3692 quid
1232 3619 1303 3677 alind

508 3711 653 3779 laciemm,
668 3713 692 3767 si
713 3711 835 3767 vivemus
849 3713 874 3767 in
887 3727 934 3777 eo,
949 3711 1000 3767 nisi
1021 3724 1049 3767 ut
1061 3711 1154 3784 gratiae
1168 3711 1251 3767 simus
1265 3711 1305 3765 iu-

508 3802 596 3875 qratil
609 3801 702 3874 dieque
715 3805 786 3859 enim
801 3805 844 3874 qni
860 3803 950 3859 ittuvdat
970 3803 1129 3860 beneficium
1143 3803 1303 3869 medicinae,

507 3894 639 3965 prodesse
651 3896 759 3951 morbos
770 3895 835 3950 dicit
847 3903 874 3951 et
886 3896 1005 3964 vulnera,
1022 3911 1037 3950 a
1050 3895 1146 3967 quibus
1157 3895 1200 3950 illa
1216 3894 1304 3950 iterui-

507 4003 570 4044 aem
589 3998 667 4044 sanat
683 4005 690 4040 :
706 3987 753 4044 sed
766 3997 865 4059 quanto
878 3987 1024 4058 majoribus
1037 3988 1168 4044 medicina
1183 3987 1305 4044 laudibus

508 4078 682 4149 medicatio,
708 4087 782 4134 tanto
801 4081 885 4150 tnagis
907 4081 1091 4151 vituperantur
1112 4088 1139 4136 et
1163 4079 1306 4135 horrentur

508 4170 619 4225 vulnera
631 4177 661 4225 et
675 4171 771 4237 morbi,
785 4185 800 4224 a
814 4171 911 4240 quibus
931 4171 1026 4228 libarat
1043 4186 1102 4242 quae
1121 4171 1156 4226 ita
1172 4169 1304 4226 laudatur.

507 4260 554 4318 Sic
566 4261 626 4316 lans
640 4270 668 4318 et
680 4261 836 4333 predicatio
850 4262 942 4334 gratiae
957 4262 1117 4335 vituperatio
1131 4270 1158 4318 et
1171 4263 1306 4317 damnatio

507 4361 552 4410 est
575 4353 745 4411 delictorum.
770 4355 979 4411 Demonstranda
1001 4356 1072 4412 enim
1093 4354 1182 4411 fuerat
1207 4355 1306 4409 homini

507 4444 619 4502 toruus
638 4445 773 4517 languoris
786 4446 856 4517 eius,
876 4448 919 4503 cui
934 4456 1028 4504 comra
1042 4447 1208 4518 iniquitatem
1230 4462 1305 4502 suain

508 4552 560 4594 nec
576 4546 740 4610 preceptum
752 4550 873 4618 sanctum
886 4551 910 4597 et
922 4541 1021 4597 botrum
1035 4541 1143 4613 proluit,
1156 4558 1209 4614 quo
1223 4543 1307 4613 nangis

508 4638 588 4684 aucta
603 4639 644 4684 est
663 4628 789 4701 iniquitas
801 4646 881 4703 qnam
896 4633 1015 4700 minnta;
1030 4633 1244 4705 quandoquidem
1265 4636 1307 4691 lex

508 4720 682 4788 subintrant,
697 4729 726 4775 nt
738 4722 885 4779 abundaret
901 4724 1027 4781 delictum
1039 4742 1047 4793 ;
1061 4733 1090 4781 ut
1102 4741 1135 4782 co
1149 4726 1228 4782 modo
1241 4742 1307 4783 con·

509 4813 597 4868 victus
609 4822 691 4884 atque
702 4815 848 4883 contusus,
866 4816 969 4873 rideret
987 4835 1040 4873 nou
1056 4829 1157 4874 tantum
1171 4820 1306 4875 doctorem

511 4903 563 4960 sibi
574 4918 637 4960 esse
650 4908 839 4974 utecessarinm
851 4923 945 4965 verum
959 4909 1039 4965 etiam
1051 4910 1198 4981 adiutorem
1211 4911 1306 4978 Deum,

511 5006 594 5064 aquo
607 4995 668 5064 ejus
681 4995 776 5052 itinera
790 4998 949 5070 dirigantur,
964 5015 998 5056 ne
1011 5000 1164 5057 dominetur
1180 5002 1203 5057 ci
1221 5002 1308 5057 omnis

512 5087 640 5158 iniquitas
654 5088 739 5161 (Prot.
755 5106 846 5160 cxvm,
860 5093 935 5166 iss),
952 5102 979 5149 et
993 5093 1171 5166 confugiendo
1183 5094 1215 5150 ad
1229 5110 1307 5166 opem

512 5178 611 5235 divinae
624 5182 816 5239 misericordiae
830 5196 957 5241 sanetur:
972 5195 1052 5258 atque
1063 5188 1098 5242 ita
1108 5188 1153 5243 ubi
1164 5187 1308 5244 abundavit

513 5267 651 5337 dedictum,
665 5276 864 5344 superabundet
877 5278 973 5349 qratia,
988 5293 1041 5335 uon
1051 5279 1186 5349 peccantis
1200 5280 1306 5344 merito,

514 5359 561 5414 red
571 5361 756 5420 subvenientis
768 5365 879 5422 auritio.

549 5449 594 5507 to.
614 5452 816 5526 Consequenter
830 5459 952 5516 eamdem
971 5460 1130 5517 medicinam
1144 5462 1170 5516 in
1186 5464 1309 5532 passione

516 5548 542 5596 et
551 5545 750 5603 resurrectione
761 5546 860 5605 Christi
873 5551 986 5623 mystice
998 5551 1205 5610 demonstratam
1219 5556 1308 5629 osten·

515 5633 553 5691 dn
565 5636 720 5708 Apostolus,
730 5641 822 5699 dicens
833 5662 841 5700 :
852 5645 892 5698 An
902 5645 1025 5718 iquorctt'a
1034 5647 1153 5718 quonium
1162 5649 1310 5720 quicumque

516 5727 635 5796 laptiauti
648 5745 737 5786 suiuus
749 5734 776 5786 in
795 5733 894 5790 Christo
912 5734 990 5803 Iesu,
1005 5736 1032 5790 in
1046 5747 1125 5793 morte
1138 5739 1216 5810 ipsius
1229 5739 1311 5810 lurpti·

516 5820 566 5874 asti
576 5823 686 5877 summt
704 5821 851 5895 Consepulti
870 5844 929 5898 erqo
945 5844 1032 5882 ruvrtns
1043 5829 1081 5883 illi
1094 5845 1139 5900 per
1151 5828 1310 5899 baptismum

517 5910 680 5980 mmortem,
696 5922 724 5967 ut
735 5918 948 5988 quemadmodum
966 5921 1074 5975 surremit
1089 5921 1202 5976 Christus
1214 5939 1229 5975 a
1243 5940 1310 5976 ιιιοι-

518 6004 567 6058 tate
577 6020 622 6075 pet·
633 6006 743 6079 qlort'em
760 6008 855 6077 Putris,
875 6011 911 6066 ita
930 6023 953 6066 ct
967 6031 1012 6068 nor
1026 6015 1052 6068 t'u
1065 6017 1174 6069 rroutnue
1187 6018 1244 6070 oitce
1258 6034 1311 6070 uttr-

518 6092 640 6181 lulemtta.
655 6098 686 6153 Si
698 6101 765 6155 enim
776 6104 941 6174 complantati
949 6105 1043 6177 [utimur
1055 6105 1215 6162 alntilitudiui
1225 6112 1312 6165 mortis
1359 6081 1380 6125 ’θ

548 6319 681 6412 :tualeam
698 6332 787 6371 omnes
802 6325 957 6396 manuscripti
974 6327 1104 6388 omittunt,
1124 6342 1149 6381 tn
1165 6337 1272 6382 mortem.

568 6386 637 6444 tur,
649 6382 860 6446 ntpetabunduret
869 6395 955 6448 putta

1222 935 1324 995 Lttttsstt
1345 934 1444 996 UNl'S.

2098 946 2151 1001 stat

1359 1057 1423 1122 eiras,
1436 1059 1479 1110 sud
1496 1069 1518 1112 et
1532 1063 1539 1090 ¹
1562 1062 1747 1116 resurrectionis
1771 1063 1881 1118 crivuus:
1897 1063 1945 1117 ltoc
1956 1065 2078 1131 scierttes,
2092 1082 2151 1133 qum

1357 1157 1426 1201 uetus
1441 1149 1515 1203 lvertto
1526 1162 1609 1205 noum
1619 1154 1694 1207 xittrul
1703 1155 1840 1223 cucullium
1852 1164 1899 1222 cst,
1911 1164 1938 1207 ut
1946 1168 2080 1210 ecmuetur
2089 1173 2149 1211 cor·

1358 1254 1405 1307 pus
1420 1242 1542 1307 peccuti’,
1556 1254 1582 1296 ut
1597 1243 1664 1297 ultro
1677 1261 1728 1299 nen
1742 1246 1879 1300 adrtnmnns
1891 1256 2002 1316 peccato.
2016 1247 2067 1315 Qui
2082 1249 2149 1302 enirn

1357 1340 1469 1382 mortuns
1484 1340 1530 1398 cst,
1538 1332 1694 1401 jus-'ificatus
1706 1343 1742 1389 est
1753 1353 1768 1387 o
1781 1346 1893 1402 peccato.
1912 1335 1943 1391 Si
1954 1347 2038 1391 nutem
2058 1342 2152 1393 rrrertm'

1356 1435 1443 1475 aurvms
1457 1437 1514 1474 curta
1534 1421 1648 1490 curten,
1665 1427 1789 1482 credimus
1810 1430 1869 1500 quio
1884 1428 1960 1485 situul
1971 1430 2079 1484 ciaconus
2093 1447 2148 1484 cum

1356 1511 1422 1575 ttto,·
1439 1514 1542 1569 scietttes
1555 1517 1614 1585 quic
1629 1516 1742 1573 Christus
1759 1535 1864 1590 aurqens
1881 1536 1897 1573 tt
1914 1524 2019 1575 ιιιοιιιιιι
2028 1522 2086 1592 jum
2100 1540 2149 1575 ιιοιι

1357 1605 1473 1672 utaritur,
1488 1616 1511 1659 et
1519 1623 1586 1661 ιιιοιι
1601 1609 1622 1662 ei
1637 1609 1704 1662 ultro
1719 1627 1768 1664 ιιοιι
1782 1611 1950 1665 dominabitur
1961 1612 1981 1666 ⁸.
1997 1612 2071 1677 Quod
2085 1610 2151 1666 etaim

1357 1706 1469 1750 atvertum
1478 1709 1515 1752 est
1525 1710 1636 1770 percute,
1652 1710 1765 1756 mortuns
1777 1713 1813 1756 est
1826 1703 1902 1756 ιιιιιιι
1915 1718 1925 1757 .·
1940 1704 2007 1773 quod
2019 1715 2101 1758 nutem
2115 1722 2151 1759 u·

1357 1787 1597 1854 vit,uiuitDeo.1tn
1611 1801 1634 1845 et
1648 1810 1691 1848 tvos
1702 1794 1841 1849 existimate
1855 1811 1896 1849 tos
1910 1806 2020 1850 tumtum
2030 1813 2084 1851 esse
2094 1814 2150 1867 pec-

1356 1887 1432 1945 coto,
1452 1880 1533 1935 uiuere
1552 1890 1635 1936 autem
1650 1882 1702 1938 ileo
1716 1885 1743 1938 iu
1766 1883 1866 1940 Cirristo
1879 1883 1942 1941 «lesu
1958 1886 2045 1961 (llam
2059 1903 2087 1952 v,
2100 1886 2150 1941 20·

1357 1983 1394 2034 vv,
1410 1970 1465 2041 li).
1476 1970 1576 2042 Nempe
1587 1975 1747 2031 satiselucct
1761 1977 1887 2047 transterio
1900 1978 2045 2033 Dntvtinicm
2058 1980 2152 2034 nuitutis

1356 2067 1383 2113 et
1396 2063 1599 2119 resurrectionis
1615 2065 1753 2135 lignianum
1772 2067 1833 2122 vitm
1847 2080 1945 2123 nostru
1959 2070 2055 2124 veteris
2070 2085 2149 2127 occa-

1356 2165 1426 2226 sum,
1442 2161 1469 2207 et
1487 2166 1610 2210 exortum
1626 2172 1712 2223 noum,
1729 2158 1992 2231 demonstratamque
2006 2161 2150 2232 iniqnitatis

1356 2243 1529 2301 abolitionem
1553 2250 1807 2321 renovationemque
1826 2250 1945 2320 justitizc.
1970 2250 2046 2307 Urulu
2070 2251 2151 2323 igitur

1356 2334 1408 2391 boc
1423 2346 1525 2392 tantum
1539 2338 1696 2410 beneficium
1719 2340 1820 2396 bomini
1842 2355 1889 2412 pter
1912 2341 2027 2398 litteram
2048 2342 2114 2413 legis
2127 2350 2150 2411 ⁴,

1357 2426 1407 2480 nisi
1422 2443 1470 2495 per
1480 2427 1558 2484 sudem
1573 2429 1635 2486 Jcsu
1649 2430 1768 2516 Clqustil

1391 2516 1505 2573 CAPUT
1527 2519 1580 2574 ttt.
1595 2551 1631 2561 -
1645 2523 1687 2577 tt.
1702 2522 1774 2577 Boua
1791 2540 1868 2595 opera
1887 2541 1919 2578 ea
1936 2541 1985 2592 quo
2001 2526 2071 2594 [onte
2093 2541 2150 2578 ntit-

1356 2617 1425 2662 neut.
1441 2609 1504 2665 lime
1518 2612 1642 2682 cogitatio
1659 2625 1749 2669 saneta
1764 2625 1852 2670 servat
1871 2615 1940 2670 filins
1953 2616 2107 2682 bominum,
2123 2615 2148 2669 iu

1357 2702 1521 2770 protectione
1533 2703 1636 2759 alarum
1656 2704 1703 2760 Dei
1721 2719 1870 2775 sperantes,
1887 2716 1916 2761 nt
1934 2707 2100 2763 inebrientur
2115 2708 2149 2761 air

1357 2792 1477 2850 ubertate
1491 2794 1586 2850 domus
1596 2796 1664 2866 ejus,
1686 2805 1713 2852 et
1726 2804 1845 2856 torrervte
1864 2800 2006 2869 voluptatis
2019 2798 2077 2871 ejus
2097 2815 2147 2869 pn·

1357 2886 1467 2941 tentur⁸
1481 2904 1488 2941 ι
1503 2888 1627 2957 quoniam
1640 2890 1711 2959 apud
1722 2890 1806 2961 ipsum
1821 2900 1860 2946 est
1875 2890 1935 2946 lorus
1948 2891 2018 2959 vitm,
2032 2877 2099 2946 etin
2109 2890 2150 2945 ln·

1356 2977 1429 3034 mine
1442 2977 1500 3049 ejus
1520 2979 1670 3036 videbimus
1691 2981 1798 3048 lunico,
1814 2982 1858 3052 qni
1881 2982 2023 3053 pretendit
2044 2981 2150 3037 miscri-

1355 3068 1474 3124 cordiam
1487 3084 1561 3126 suam
1575 3071 1722 3129 scientibus
1736 3089 1816 3140 cucur,
1830 3082 1858 3129 et
1876 3074 2005 3145 justitiam
2026 3088 2102 3129 snam
2117 3075 2151 3129 iis

1355 3159 1401 3230 qui
1424 3168 1498 3215 recto
1519 3171 1581 3218 sttnt
1600 3162 1691 3221 corde.
1712 3163 1804 3236 Neque
1818 3166 1891 3221 cuitu
1904 3166 1966 3236 quio
1980 3166 2086 3234 sciunt,
2101 3166 2148 3223 scd

1356 3251 1437 3306 etiam
1452 3262 1481 3308 ut
1495 3254 1580 3309 sciant
1594 3270 1666 3323 eum,
1680 3257 1820 3327 pretendit
1833 3256 2042 3313 misecicordiam
2057 3273 2149 3313 suam:

1357 3356 1406 3395 uec
1420 3344 1482 3412 quia
1497 3345 1562 3399 recti
1582 3354 1644 3400 sum
1667 3347 1766 3412 cordo,
1792 3348 1839 3403 scd
1860 3349 1939 3404 etiam
1962 3359 1990 3404 ut
2009 3352 2076 3405 recti
2096 3352 2150 3406 siut

1356 3431 1453 3499 corde,
1468 3435 1609 3503 pretendit
1627 3435 1756 3506 justitiam
1777 3453 1867 3506 suam,
1887 3453 1938 3510 qna
1959 3438 2088 3509 justitlcat
2100 3440 2151 3495 im·

1357 3524 1429 3595 pium
1445 3524 1499 3598 (ld.
1516 3542 1551 3591 vv,
1567 3526 1606 3598 5).
1619 3527 1683 3592 llaec
1703 3530 1828 3599 cogitatio
1843 3545 1895 3586 non
1915 3530 1993 3586 eiicrt
2013 3531 2040 3587 in
2055 3547 2149 3603 super·

1356 3615 1427 3671 biam
1437 3616 1465 3684 ’ς
1478 3618 1550 3689 quod
1569 3619 1662 3675 vitium
1675 3621 1774 3690 oritur,
1790 3637 1850 3678 cmn
1866 3623 1915 3679 sibi
1930 3624 2042 3697 quisque
2061 3627 2150 3697 praeti-

1357 3707 1405 3773 dit,
1419 3725 1502 3781 seque
1517 3711 1568 3767 sibi
1586 3713 1619 3767 ad
1635 3713 1778 3770 vivendum
1797 3727 1877 3787 eaput
1900 3717 1972 3773 iacit.
1992 3718 2051 3788 Quo
2076 3728 2150 3774 motu

1358 3803 1492 3856 receditur
1506 3801 1539 3856 ab
1552 3802 1598 3858 illo
1612 3802 1684 3860 lente
1696 3807 1767 3875 vitu,
1781 3807 1857 3878 cnjus
1870 3807 1952 3865 solius
1967 3808 2063 3866 liaustu
2073 3811 2150 3881 justi·

1358 3892 1392 3946 tin
1408 3890 1518 3962 bibitur,
1537 3894 1606 3949 bona
1627 3896 1728 3952 scilieet
1744 3896 1813 3967 v·ita;
1829 3909 1855 3954 et
1869 3898 1904 3954 nb
1917 3899 1963 3955 illo
1975 3900 2152 3956 incommuta·

1358 3981 1404 4037 ini
1415 3983 1611 4057 terminemus
1621 3989 1822 4061 participatione
1835 3990 1924 4046 anima
1939 3991 2076 4047 rationulis
2085 4008 2152 4064 qno·

1358 4074 1419 4129 dam
1448 4076 1528 4131 xatodo
1554 4081 1709 4134 accenditur
1740 4089 1769 4135 nt
1793 4082 1829 4137 sit
1857 4082 1936 4137 etiam
1964 4083 2021 4154 ipsa
2054 4083 2151 4138 laetum

1359 4178 1531 4239 creatumque
1545 4168 1633 4224 lumen
1646 4188 1652 4222 :
1667 4172 1735 4226 sicut
1746 4182 1802 4226 erat
1816 4171 1932 4228 loannes
1945 4171 2048 4227 lucerna
2060 4173 2152 4229 ardena

1358 4268 1381 4310 et
1395 4258 1480 4313 lucem
1494 4258 1583 4331 (lecu.
1601 4277 1628 4325 v,
1646 4261 1708 4333 35);
1720 4263 1763 4332 qui
1780 4271 1868 4320 tumen
1882 4263 2153 4335 ttrvdelueeretaqno·

1358 4349 2152 4426 scens,Nor,iuquit,deplenitudinecjmoecepimmsuajus,

1360 4447 1411 4501 nisi
1426 4444 1497 4501 illius
1510 4444 1600 4516 utique
1619 4445 1645 4500 in
1668 4444 1744 4515 cujus
1755 4446 1954 4516 corruperatione
1967 4445 2086 4502 loannes
2099 4461 2153 4503 nco

1360 4546 1418 4593 crat
1426 4537 1536 4593 lumen?
1546 4536 1612 4591 lllud
1623 4537 1694 4592 enim
1702 4547 1755 4592 mut
1765 4555 1851 4593 amum
1858 4538 1943 4621 (utinen
1952 4537 2020 4609 quod
2026 4538 2153 4593 illuminat

1360 4647 1460 4685 enarrem
1474 4630 1600 4685 ltonrr'nem
1612 4631 1747 4684 sarrientem
1761 4631 1787 4685 in
1797 4631 1864 4684 lruuc
1875 4631 1997 4686 rutundum
2010 4629 2064 4701 (td.
2077 4647 2095 4698 t,
2109 4631 2153 4694 ttt,

1360 4718 1400 4791 tt).
1410 4719 1527 4775 Proinde
1539 4735 1599 4775 curn
1614 4719 1729 4776 dixisset
1742 4720 1874 4775 incudem
1890 4720 2003 4790 psalmo,
2019 4719 2154 4777 Praetende

1360 4809 1559 4866 inisericordiam
1574 4820 1641 4864 tuom
1660 4811 1795 4865 acierttibus
1807 4820 1841 4878 te,
1853 4819 1876 4865 et
1888 4812 2017 4883 justitium
2032 4824 2102 4868 tuum
2114 4816 2154 4868 lu'a

1360 4901 1404 4974 qui
1418 4909 1484 4954 recto
1496 4909 1554 4954 mm
1569 4899 1663 4955 corde:
1678 4898 1737 4954 Nou
1751 4902 1848 4970 teniat,
1868 4903 1960 4974 inquit,
1977 4905 2040 4959 milri
2055 4921 2098 4977 pes
2109 4923 2154 4961 su·

1362 4992 1464 5064 pertice,
1487 5001 1510 5045 et
1523 5008 1613 5045 rattruut
1626 5003 1786 5062 peccaterum
1800 5009 1851 5048 nen
1864 5004 1961 5049 rrteumt
1973 4996 2032 5051 'nte
2044 5013 2051 5050 ι
2064 4998 2099 5052 iii
2112 5016 2154 5053 ce·

1361 5084 1474 5138 ciderunt
1484 5100 1569 5139 artures
1578 5085 1622 5155 qur'
1636 5096 1774 5155 operentur
1783 5086 1957 5158 iniquitatum·
1970 5094 2072 5160 caputet
2082 5103 2152 5156 sutri,

1361 5190 1407 5228 uec
1430 5184 1564 5245 potueruut
1583 5187 1650 5231 atnre
1672 5175 1758 5244 (Psoi.
1773 5192 1861 5245 xxxv,
1876 5177 1963 5251 8-ts).
1987 5180 2041 5234 linc
2055 5180 2153 5252 quippe

1362 5266 1508 5335 impietate,
1520 5281 1572 5337 qna
1586 5267 1676 5322 tribuit
1687 5267 1737 5323 sibi
1752 5269 1865 5340 quisque
1877 5270 1948 5341 qnod
1961 5271 2007 5327 Dei
2021 5280 2072 5338 cst,
2092 5275 2150 5340 pet·

1362 5359 1424 5413 titur
1434 5359 1460 5413 in
1471 5360 1593 5416 tenebras
1602 5375 1674 5424 suns,
1686 5376 1745 5432 qnae
1757 5371 1817 5418 snm
1826 5378 1907 5434 opera
1920 5364 2074 5437 iniquitatis.
2085 5365 2148 5422 lluc

1362 5450 1433 5505 euim
1447 5451 1524 5521 plane
1544 5451 1601 5521 ipse
1613 5450 1675 5507 lucit
1688 5492 1696 5518 ,
1711 5463 1738 5508 et
1753 5452 1786 5509 ml
1803 5455 1859 5510 lianc
1869 5457 1880 5489 ⁸
1892 5456 2026 5526 implenda
2041 5457 2092 5514 sibi
2107 5470 2149 5515 est

1392 5635 1489 5697 ¹Editi,
1507 5634 1581 5687 riorul
1596 5642 1627 5688 et.
1643 5640 1676 5688 tt
1690 5636 1859 5701 manuscripti,
1874 5637 1918 5688 seul
1938 5643 1961 5687 ct
1980 5638 2071 5697 :juxta
2088 5651 2153 5699 grae·

1361 5711 1427 5759 eum,
1437 5698 1486 5748 olla
1502 5698 1552 5750 cai.
1939 5759 1944 5768 ,

1391 5764 1401 5792 ¹
1418 5764 1445 5812 tn
1460 5761 1527 5822 llas..
1539 5767 1566 5812 ut
1580 5767 1739 5814 murtarretur
1753 5773 1841 5825 corpus
1852 5765 1953 5822 peccata.

1391 5825 1402 5856 ⁸
1417 5823 1533 5886 uterique
1544 5826 1612 5878 tiss..
1623 5826 1689 5874 nttm
1696 5826 1750 5889 jum
1760 5836 1808 5874 trau
1822 5819 1997 5872 dontinobitur.

1380 5888 1400 5956 ,ι
1416 5885 1532 5950 belgicus
1544 5889 1623 5937 codex
1639 5887 1666 5934 S.
1682 5883 1783 5936 arnandi
1800 5885 1919 5948 preterit,
1935 5881 2099 5948 perlitteratus
2117 5886 2153 5936 ie·

1359 5963 1407 6043 μί
1417 6008 1534 6060 Gallicani
1547 6016 1573 6059 et
1586 6008 1695 6058 Vaticani
1709 6008 1776 6071 tiss,
1791 6013 1814 6059 et
1827 6011 1959 6061 torrentem
1968 6006 2097 6076 uoluptatis
2108 6022 2152 6073 pc·

1381 6077 1455 6184 ”duic
1471 6135 1586 6197 plerique
1606 6135 1661 6182 tiss.
1677 6132 1725 6181 tilii
1738 6139 1789 6183 tres
1805 6134 1872 6189 tto..
1883 6149 1930 6187 nnn
1940 6136 2019 6198 uttsert
2030 6132 2055 6184 in
2066 6147 2152 6196 tuper-

1359 6200 1422 6249 lt-'um
1446 6198 1510 6246 a'ntn
1523 6211 1592 6258 var-o,
1610 6210 1656 6248 ιιοιι
1670 6194 1740 6261 nqeue
1755 6195 1902 6260 superbiam.

1390 6260 1489 6315 'Eunu
1506 6265 1622 6308 truttmunt.
1647 6264 1679 6309 rit
1700 6260 1768 6320 tiss,
1789 6265 1937 6310 nannentset
1962 6272 1992 6309 ex
2013 6260 2151 6320 bisp'urrs

1360 6327 1422 6384 torn,
1438 6328 1601 6384 nummorum,
1614 6323 1714 6380 inirent,
1728 6320 1874 6454 queccotorr's.

1390 6387 1451 6435 ⁵sic
1464 6387 1520 6438 llss.
1538 6385 1604 6438 liuliti
1619 6393 1716 6449 atatem,
1739 6384 1790 6438 mit
1805 6383 1859 6454 ipse
1869 6383 1913 6452 usit
1923 6383 2034 6436 caduce.
