5592 7350
641 906 692 963 iil

629 993 769 1075 'erbdatet
781 1014 915 1087 baptismo
925 1012 981 1081 ejus
993 1009 1123 1065 abluatur.
1136 1008 1226 1077 itaque
1237 1024 1321 1061 orrrncr
1332 1006 1430 1060 dictom

641 1118 702 1175 est,
726 1123 760 1163 ne
781 1106 871 1175 aliquo
891 1101 970 1157 tnodo
990 1102 1042 1156 alio
1062 1107 1159 1170 praeter
1184 1102 1270 1167 ipsum
1291 1098 1430 1165 quisquam

642 1198 731 1254 saltus
741 1195 799 1252 deri
809 1208 887 1265 posse
897 1193 1030 1247 credatur.
1045 1190 1119 1246 Sicut
1130 1189 1200 1244 enirn
1215 1203 1268 1241 rano
1283 1187 1429 1240 litterarum

568 1314 571 1321 ¹
643 1290 771 1359 magistro
784 1284 933 1347 incivitate
952 1281 1115 1347 constituto,
1135 1277 1283 1333 rectissime
1298 1276 1428 1339 dicimos.

642 1380 741 1438 Omnes
759 1379 809 1434 isle
829 1376 871 1431 bic
879 1376 987 1431 litteras
999 1373 1094 1439 docct;
1109 1387 1160 1426 non
1175 1370 1236 1440 quia
1252 1385 1345 1425 ornnes
1358 1374 1431 1424 eires

643 1471 745 1531 litteras
755 1468 870 1536 discunt,
883 1465 932 1521 sed
944 1465 1005 1535 quia
1021 1477 1100 1520 nemo
1113 1461 1208 1525 discit,
1225 1460 1276 1515 nisi
1289 1474 1367 1529 quent
1387 1459 1431 1512 ille

640 1561 762 1636 docuerit
774 1577 781 1614 a
795 1561 834 1617 sie
847 1573 926 1614 nemo
936 1556 1102 1629 jrrstiltcator,
1117 1555 1166 1610 nisi
1176 1568 1255 1623 quem
1266 1551 1430 1622 justillcare-

1111 895 1155 951 DE
1175 893 1314 951 NATURA
1337 893 1378 948 et
1400 891 1539 958 otialis,
1559 890 1587 947 S.
1609 891 1792 949 insusurret

2220 889 2273 945 27!

1519 1003 1631 1060 eaeor
1651 1006 1741 1061 atat.
1756 1007 1843 1062 -ει,
1857 1006 1946 1059 saro
1959 1005 2103 1074 quorum
2116 1008 2179 1059 ιιιι
2196 986 2274 1061 ona

1483 1098 1570 1167 pianes
1594 1108 1617 1150 et
1640 1096 1791 1152 Cotiroliiot.
1818 1098 1921 1168 dariiqui
1951 1098 2012 1163 iuttt'
2035 1097 2123 1151 eodem
2153 1114 2204 1167 quo
2228 1114 2274 1153 not

1483 1189 1577 1243 crerint
1590 1190 1641 1258 fide
1658 1191 1757 1243 rolooti.
1773 1190 1840 1257 Quid
1861 1204 1924 1259 crgo
1944 1190 1998 1258 jana
2019 1204 2086 1258 opus
2105 1196 2147 1243 est
2167 1189 2194 1243 ln
2217 1191 2275 1259 pin·

1484 1278 1556 1331 ribus
1588 1278 1749 1333 inunoraril
1782 1278 1923 1333 leniamus
1951 1278 2071 1340 irateriosv
2089 1277 2122 1333 ad
2153 1294 2273 1342 causatu,

1483 1384 1561 1436 quarn
1590 1367 1615 1422 in
1645 1369 1695 1424 hae
1723 1368 1850 1424 duntaxat
1874 1370 2022 1439 questione
2042 1370 2083 1424 rei
2104 1370 2207 1430 solam.
2231 1371 2274 1439 uel

1484 1475 1550 1528 pene
1572 1461 1656 1514 selant
1683 1478 1742 1516 euna
1770 1462 1827 1517 istis
1855 1462 1994 1517 babemus.
2022 1462 2095 1518 Sient
2119 1465 2190 1518 enirn
2218 1463 2276 1533 ipse

1483 1551 1556 1616 dicit,
1573 1569 1582 1602 t
1595 1551 1627 1604 ad
1641 1552 1710 1620 qraod
1726 1568 1795 1605 nrtnc
1809 1553 1863 1621 agit
1877 1569 1928 1606 non
1942 1554 2076 1623 pertinere
2089 1562 2117 1608 ot
2129 1564 2275 1624 quuraror,
2297 1537 2299 1540 ¹

641 1654 676 1707 rja
690 1652 820 1708 christus.
1484 1648 1570 1692 utrum
1593 1639 1700 1705 luerint,
1721 1641 1762 1696 tui
1784 1643 1838 1696 sint
1859 1643 1939 1712 aliqui
1960 1642 2082 1698 homines
2104 1647 2130 1698 in
2153 1644 2277 1700 haesita

677 1739 788 1797 canni
808 1738 887 1795 11111.
899 1736 989 1793 -19.
1004 1734 1091 1791 Ροιειι
1104 1736 1179 1789 iromo
1194 1734 1245 1788 riae
1255 1742 1356 1803 peccato
1367 1747 1429 1795 erre,
1482 1730 1541 1785 sine
1552 1741 1688 1800 'peccatu
1709 1732 1755 1786 sed
1775 1741 1862 1787 utrum
1883 1748 1943 1789 esse
1966 1735 2118 1804 potuerint,
2132 1737 2189 1790 siro
2211 1752 2276 1806 pos·

641 1832 686 1890 red
702 1830 841 1885 ausiliante
853 1828 946 1902 pretio.
962 1824 1119 1881 Persidiiitor
1136 1826 1162 1878 io
1179 1824 1273 1878 eunetis
1285 1822 1360 1876 riorul
1372 1838 1431 1875 euro
1483 1822 1537 1876 sint
1556 1840 1563 1875 :
1588 1842 1598 1874 r
1620 1822 1654 1876 ita
1669 1837 1719 1891 ego
1733 1823 1835 1878 etiamsi
1859 1824 1996 1880 luisse‘uel
2018 1840 2077 1880 esse
2097 1828 2275 1891 consentiam,

643 1922 732 1989 ellectu
741 1921 901 1993 prouenit-
909 1918 1030 1985 Sederto,
1040 1918 1135 1987 inquit,
1146 1916 1369 1986 ‹uertentium-quio
1377 1930 1432 1968 orti*
1484 1913 1555 1965 troilo
1570 1914 1648 1969 orode
1663 1922 1750 1969 tamen
1766 1916 1883 1984 potuisse
1902 1916 1943 1971 vel
1964 1930 2042 1986 posse
2062 1917 2207 1983 corrbnno,
2224 1900 2279 1974 nisi

642 2030 684 2068 ner
695 2022 835 2085 peccatores
848 2011 927 2083 fuisse
945 2018 1059 2064 tutetur.
1074 2006 1144 2061 Dicit
1159 2008 1225 2061 enim
1238 2006 1299 2073 quid
1318 2006 1429 2075 suenni,
1481 2002 1639 2072 justiliratos
1658 2005 1741 2074 gratio
1758 2006 1802 2059 [lei
1818 2022 1864 2074 per
1882 2005 1973 2061 iesum
1986 2005 2118 2061 Cirristurn
2132 2009 2276 2064 ilenrinum

642 2121 691 2158 aron
709 2103 776 2173 quod
795 2101 867 2156 uliud
887 2114 941 2155 erre
962 2115 1012 2154 tren
1032 2098 1167 2169 potuerint.
1192 2093 1359 2162 Quamobrem
1374 2104 1396 2148 et
1409 2094 1432 2148 si
1484 2103 1603 2149 nostruin
1617 2105 1644 2150 ct
1659 2097 1729 2151 irone
1742 2097 1908 2151 crucilirum.
1933 2098 1970 2156 Eu
1988 2101 2085 2169 quippe
2107 2100 2172 2155 sides
2188 2101 2278 2170 justos

642 2210 727 2249 canter
738 2193 853 2247 ltotrrirrer
864 2200 1015 2259 peccatores,
1028 2188 1122 2256 inquit,
1133 2193 1234 2259 possem
1249 2184 1366 2256 probari,
1384 2182 1429 2236 de-

641 2282 750 2351 finitioni
769 2291 851 2335 tonten
864 2287 956 2334 nostroe
967 2293 1123 2350 nequequam
1142 2275 1169 2329 id
1190 2274 1304 2339 obesset,
1325 2275 1431 2343 quinon

642 2385 693 2427 tom
705 2371 765 2444 quid
775 2371 888 2426 lrominer
903 2372 970 2436 rirtt,
982 2386 1057 2442 quom
1067 2368 1129 2441 quid
1142 2377 1241 2438 possent
1254 2382 1305 2421 etro
1317 2366 1432 2436 defendi-

642 2479 707 2517 mur.
724 2462 771 2516 llic
784 2469 855 2516 reete
866 2461 927 2514 lacit
937 2461 956 2527 ¹,
970 2457 1113 2529 aliquando
1125 2456 1288 2522 consentire,
1302 2455 1363 2524 quia
1378 2470 1430 2508 non

640 2532 1430 2621 justilieabitnrinconspeetulieinmnisvirens(l³rnl.caun,

640 2643 681 2711 1).
698 2641 755 2696 Non
771 2648 858 2695 tamen
871 2639 910 2694 ibi
924 2654 983 2695 esse
995 2638 1185 2711 questionem,
1200 2637 1247 2692 sed
1264 2637 1289 2690 in
1305 2636 1362 2705 ipsa
1378 2651 1430 2690 non

641 2732 767 2806 peccandi
788 2731 962 2802 possibilitate
978 2730 1130 2796 contendit,
1146 2730 1171 2783 in
1189 2745 1241 2801 qun
1256 2742 1304 2784 nee
1320 2742 1368 2782 aros
1382 2727 1431 2780 ad·

642 2840 734 2881 versus
748 2839 809 2879 euna
821 2832 924 2879 certare
936 2837 1004 2892 opus
1018 2829 1068 2875 est.
1088 2819 1153 2876 Nam
1173 2833 1259 2888 neque
1274 2817 1432 2871 illud-nimis

641 2931 715 2981 euro,
729 2924 817 2968 utrum
833 2912 929 2968 luerint
940 2912 983 2966 irie
995 2909 1086 2980 aliqui,
1103 2910 1144 2964 rel
1157 2909 1220 2973 sint,
1234 2906 1276 2962 rel
1290 2921 1348 2962 esse
1368 2920 1431 2976 pos·

641 3006 703 3073 sint,
717 3004 761 3074 qui
775 3001 929 3073 perlectam,
944 3002 986 3056 eui
998 2999 1063 3054 nibil
1074 2999 1225 3055 addendum
1237 3007 1318 3063 esset,
1329 2997 1431 3052 baboe-

641 3098 709 3164 rint,
725 3095 768 3151 tel
787 3094 918 3158 babeant,
942 3092 983 3146 rei
1004 3090 1118 3146 lrabitnri
1139 3090 1192 3145 sint
1214 3088 1370 3143 charitatem
1385 3087 1431 3142 nei

642 3188 710 3257 (ipso
724 3194 766 3242 est
778 3185 848 3241 enim
862 3186 872 3217 ¹
888 3182 1034 3246 serissima,
1047 3180 1211 3252 plenissima,
1226 3176 1431 3249 perfectissima·

641 3294 692 3348 que
705 3272 836 3348 justitia);
852 3274 976 3344 quoniam
997 3272 1022 3327 id
1034 3314 1040 3336 ,
1054 3271 1124 3343 quod
1141 3270 1299 3324 'volutante
1317 3267 1432 3322 bominis

640 3366 728 3436 adiuta
750 3364 864 3437 perlici
886 3362 995 3433 qratiam
1019 3361 1074 3414 lieri
1097 3374 1176 3430 posse
1193 3358 1322 3413 eonlitcor
1335 3366 1363 3411 et
1381 3354 1431 3411 de·

641 3457 731 3523 leardo,
743 3454 850 3526 quaudo
865 3453 906 3509 rel
918 3451 963 3507 uiri
976 3451 1018 3507 tcl
1034 3451 1059 3505 in
1074 3465 1127 3521 quo
1140 3450 1196 3516 liat,
1207 3448 1318 3504 nimium
1327 3454 1432 3504 cortone

641 3562 692 3599 rano
715 3543 809 3599 debeo.
833 3541 924 3611 Neque
946 3540 979 3596 de
1007 3540 1062 3610 ipsa
1084 3539 1258 3609 possibilitate
1282 3534 1429 3602 contendo,

640 3650 700 3690 eona
722 3642 812 3688 sanato
835 3640 863 3688 et
884 3631 975 3702 adjerit
1000 3628 1115 3685 bonainis
1141 3628 1277 3683 uoluntate
1296 3626 1431 3698 possibili-

641 3736 681 3780 ’.ιε
696 3725 752 3795 ipsa
767 3724 844 3778 sinaei
856 3737 917 3778 curn
930 3720 1028 3777 ellectu
1047 3720 1073 3774 in
1087 3719 1185 3774 sanetis
1199 3718 1353 3788 proueniat,
1367 3717 1430 3771 dnm

642 3815 755 3868 ebaritas
770 3813 827 3879 nei,
845 3818 973 3882 quantum
989 3808 1141 3880 plenissime
1154 3817 1247 3863 natura
1262 3814 1352 3862 nostra
1366 3820 1430 3861 sana

639 3916 718 3976 atqare
733 3882 840 3975 purgata
857 3917 955 3973 capere
970 3909 1072 3972 potest.
1088 3899 1245 3955 diffunditur
1262 3898 1290 3954 io
1303 3897 1431 3954 cordibus

640 3995 739 4050 nostris
752 3993 938 4065 perspiritum
959 3999 1098 4058 sanetum,
1123 3990 1168 4057 qui
1189 3990 1268 4045 datus
1290 4000 1332 4045 εει
1353 3989 1431 4044 nobis

641 4085 729 4154 illem
744 4099 771 4151 v,
786 4083 826 4154 5).
842 4081 935 4137 llelios
947 4081 1034 4152 itaque
1047 4080 1093 4136 iiel
1103 4093 1186 4135 eausa
1198 4080 1285 4150 agitor
1299 4079 1388 4151 (quarn
1401 4093 1431 4134 se

641 4162 691 4230 is‘to
706 4173 808 4246 agendo
819 4173 884 4229 dicit
896 4171 1036 4229 defensare
1050 4173 1194 4245 naturam),
1210 4187 1270 4227 curo
1286 4181 1313 4228 et
1326 4177 1432 4227 creator

641 4279 664 4322 et
678 4267 794 4321 salrator
805 4263 973 4336 apioscitor,
993 4278 1072 4333 quarn
1084 4277 1144 4319 eatan
1158 4262 1266 4318 delensa
1281 4261 1352 4316 uelut
1366 4276 1431 4316 sana

642 4359 794 4428 viribusque
812 4355 921 4428 integris
941 4362 1062 4410 ereatura
1077 4353 1215 4426 opitulatio
1234 4352 1374 4408 salvatoris
1388 4352 1430 4406 in-

641 4451 738 4502 sarritur.
1243 4459 1247 4465 ·

677 4536 787 4595 CAPUT
807 4535 998 4592 ttulit-te.
1013 4535 1080 4590 licor
1099 4552 1148 4590 uon
1163 4535 1234 4607 jubet
1254 4533 1429 4606 impossibilia.

644 4629 740 4685 Verum
759 4636 800 4684 esi
818 4637 905 4683 nutent
925 4626 995 4697 qnod
1015 4627 1067 4693 nil,
1092 4625 1167 4693 Qrtod
1187 4623 1256 4679 Derts
1279 4634 1330 4678 torn
1352 4625 1436 4684 terrm,

642 4736 716 4792 parom
725 4720 812 4788 jurtur
826 4717 901 4772 toiem
920 4717 1046 4771 lrorrrr'rrern
1066 4717 1168 4789 fecerit,
1182 4716 1225 4784 qui
1236 4714 1246 4745 ⁸
1257 4716 1350 4786 peceati
1364 4713 1431 4787 molo

642 4826 728 4869 tmere
738 4809 869 4882 urffieeret,
883 4809 926 4862 red
938 4808 960 4863 ιι·
972 4809 1099 4863 noluisset.
1110 4806 1175 4875 Quis
1188 4806 1258 4861 enirn
1271 4821 1333 4861 eunt
1347 4804 1432 4860 nescit

642 4917 737 4958 sonunt
747 4910 773 4956 et
784 4899 969 4970 inculpabilem
981 4900 1087 4964 lamiam,
1100 4908 1127 4954 et
1140 4899 1223 4954 libero
1233 4898 1342 4953 arbitrio
1352 4906 1431 4965 atque

642 4993 674 5047 ad
686 4994 757 5063 juste
769 4991 911 5047 vivendum
927 4999 1056 5060 potestate
1078 4991 1159 5044 libera
1174 4988 1366 5044 constitutum?
1379 4987 1430 5043 Sed

644 5099 714 5141 narne
727 5081 761 5137 de
775 5081 820 5136 illo
833 5081 933 5151 agitur,
947 5095 1026 5149 quent
1039 5079 1195 5136 semivirum
1209 5079 1326 5133 latrones
1344 5078 1371 5132 in
1388 5077 1429 5131 uia

644 5174 815 5244 reliquerunt,
828 5172 870 5241 qui
881 5169 1005 5241 gravibus
1017 5172 1122 5224 saueius
1136 5168 1327 5238 eorrlossusque
1341 5168 1432 5223 toloc-

643 5265 717 5320 ribus
737 5275 789 5317 non
808 5262 843 5316 ita
866 5267 952 5330 potest
970 5257 1002 5312 ad
1022 5259 1131 5328 justitiae
1150 5257 1255 5313 culmen
1267 5257 1429 5322 ascendere,

642 5359 710 5412 nient
721 5355 804 5426 potuit
818 5351 878 5408 indo
888 5350 1050 5408 descendere
1066 5369 1071 5404 :
1086 5351 1131 5422 qui
1144 5351 1256 5406 etiamsi
1268 5335 1323 5421 iam
1339 5351 1364 5404 in
1378 5360 1431 5405 sto·

643 5449 703 5503 bulo
716 5455 765 5514 est,
782 5445 868 5501 adirue
879 5454 987 5501 enratnr
1000 5443 1073 5511 (Lare.
1088 5459 1122 5509 r,
1138 5441 1187 5509 50,
1205 5440 1261 5516 31).
1277 5441 1334 5496 lion
1353 5442 1432 5511 igitur

644 5540 714 5595 Deos
736 5536 907 5607 impossibilia
925 5533 1001 5604 jubet
1019 5552 1026 5587 :
1045 5531 1094 5588 sed
1113 5531 1231 5603 jubendo
1250 5532 1389 5595 udrrrorret,
1406 5540 1432 5586 et

642 5637 730 5691 iacere
742 5632 812 5704 qnod
825 5630 928 5702 possis,
948 5638 975 5684 ct
994 5638 1086 5699 petere
1099 5626 1170 5698 qnod
1189 5642 1241 5681 nam
1260 5623 1431 5696 passiniani

607 5742 618 5757 ·
643 5740 712 5779 onan
727 5723 862 5778 uideamus
876 5719 945 5774 unde
959 5718 1051 5792 possit,
1066 5718 1136 5773 unde
1152 5733 1203 5771 aron
1217 5715 1310 5786 pessit.
1328 5715 1378 5770 iste
1390 5715 1427 5769 di·

642 5817 698 5868 cit:
718 5811 851 5868 i'oluutote
865 5828 915 5867 non
930 5821 983 5875 ert,
998 5809 1065 5880 quod
1076 5818 1167 5862 notura
1178 5818 1267 5882 potest.
1283 5807 1336 5876 Ego
1351 5806 1430 5863 dieo:

644 5905 785 5960 iolontate
806 5905 911 5974 quidem
934 5917 987 5957 nen
1006 5910 1048 5957 est
1070 5902 1150 5956 lroroo
1169 5901 1274 5970 justos,
1293 5900 1315 5953 si
1338 5907 1431 5960 patina

643 6006 752 6067 potest:
772 5997 818 6051 scd
832 5994 961 6051 medicina
978 5993 1086 6064 poterit,
1100 5992 1169 6063 qaaod
1186 5992 1249 6046 ritio
1268 6007 1319 6045 anm
1335 5981 1431 6061 protest.

675 6115 682 6144 ¹
696 6118 746 6162 ntro
757 6112 860 6162 taumni
873 6118 936 6169 uss,
948 6106 1144 6178 interterfecti.
1290 6167 1295 6177 Ι

673 6176 684 6206 ¹
696 6172 818 6234 Plerique,
828 6180 890 6232 tiss..
903 6170 956 6226 ioso
967 6177 1002 6221 ert
1013 6169 1135 6240 perusium
1156 6169 1245 6219 omisso
1256 6180 1328 6218 ermrr.

671 6235 746 6347 :mo
755 6232 939 6346 {pilelreanclutpseq
950 6244 1059 6293 perornent
1072 6244 1096 6280 nt
1107 6204 1232 6291 rolrmteto,
1242 6232 1339 6282 metisse.
1349 6229 1420 6292 prod.

740 6333 745 6344 .
825 6328 839 6354 η
896 6319 902 6342 ι

1484 2185 1586 2240 sanauit
1603 2186 1736 2256 antiquos,
1751 2202 1809 2256 quoe
1824 2196 1899 2241 sanat
1913 2196 1941 2243 et
1955 2204 2021 2255 nos,
2036 2189 2062 2243 id
2076 2200 2127 2252 est,
2144 2191 2275 2245 mediato·

1483 2276 1521 2330 ris
1535 2276 1579 2329 liei
1594 2284 1621 2330 et
1633 2275 1767 2330 bominum
1788 2276 1902 2331 bominis
1915 2276 1980 2334 lesu
1994 2276 2092 2333 Christi
2105 2296 2112 2345 ;
2129 2279 2196 2335 biles
2210 2295 2276 2335 san-

1483 2367 1570 2434 goinis
1584 2368 1657 2436 eins,
1674 2366 1741 2422 ledes
1754 2368 1840 2422 erareis
1853 2368 1927 2438 ejus,
1945 2370 2011 2424 tides
2024 2371 2117 2426 mortis
2136 2380 2163 2425 ει
2182 2386 2275 2427 resur·

1484 2457 1608 2512 rectionis
1628 2456 1696 2526 ejus.
1720 2457 1846 2512 Habentes
1859 2474 1923 2530 ergo
1943 2459 2058 2514 eumdem
2072 2461 2187 2529 spiritum
2201 2462 2275 2531 fidel,

1483 2556 1506 2601 et
1517 2564 1561 2600 nor
1573 2548 1707 2613 credimur,
1717 2549 1892 2618 propterquod
1900 2560 1922 2602 et
1930 2549 2055 2618 loquimur
2065 2549 2208 2617 (ilcorar,
2217 2553 2272 2623 ld).

1520 2637 1565 2693 5⁰2.
1580 2635 1631 2693 iste
1645 2653 1708 2692 sero
1721 2620 1825 2707 obiecta
1839 2637 1889 2692 sibi
1904 2640 2061 2707 questione,
2074 2640 2099 2694 in
2114 2656 2165 2710 qua
2180 2656 2274 2697 reuera

1484 2726 1658 2781 intolerabilis
1682 2726 1784 2781 ridetur
1808 2727 1934 2782 cordibus
1957 2728 2118 2794 christianis,
2143 2729 2207 2799 quid
2228 2746 2274 2786 re-

1484 2816 1613 2886 spondeat
1625 2816 1801 2872 attendamus.
1818 2819 1862 2871 Ait
1880 2818 1972 2873 eninr:
1990 2837 2001 2872 ι
2017 2817 2069 2875 Sed
2084 2820 2133 2875 boc
2147 2822 2275 2891 estquod

1484 2906 1581 2962 maritos
1604 2917 1702 2971 moret,
1724 2908 1837 2977 inquies,
1857 2910 1927 2980 quod
1949 2925 2001 2965 neu
2023 2926 2070 2983 per
2092 2912 2138 2967 liei
2161 2913 2274 2982 qratiam

1485 2997 1617 3052 bominem
1631 2998 1688 3053 sine
1703 3009 1812 3068 peceato
1824 3015 1884 3055 esse
1899 3016 1976 3071 posse
1988 3001 2118 3058 delendis.
2134 3023 2144 3057 ι
2159 3004 2276 3069 Prorsus

1484 3085 1535 3140 lroc
1548 3094 1589 3141 εει
1608 3087 1677 3157 quod
1692 3097 1791 3155 nrouct,
1807 3088 1857 3145 lroe
1878 3099 1920 3145 est
1942 3092 2012 3161 quod
2034 3093 2183 3162 objicimus.
2208 3096 2275 3151 liena

1484 3177 1567 3248 ipsam
1583 3176 1664 3243 dicit·;
1681 3178 1733 3234 boc
1747 3182 1856 3235 omnino
1869 3183 2008 3252 aegerrime
2017 3186 2197 3242 sustinemus:
2213 3186 2275 3243 ltine

1483 3267 1671 3325 aClaristianis
1693 3272 1753 3326 talia
1768 3271 1913 3343 disputari,
1929 3289 1961 3329 ea
1974 3291 2054 3345 quaro
2071 3276 2097 3331 in
2115 3277 2183 3331 altos
2201 3289 2229 3333 ει
2249 3281 2274 3334 in

1483 3362 1556 3431 ipsos
1579 3360 1718 3430 habentos,
1741 3362 1883 3420 dilectione
1906 3380 1959 3420 non
1985 3365 2104 3422 serimus.
2128 3368 2275 3425 Audiamus

1487 3453 1566 3522 igitur
1586 3454 1720 3524 utromodo
1741 3469 1770 3510 se
1793 3456 1826 3510 ab
1850 3456 1998 3527 objectione
2020 3461 2174 3530 questionis
2197 3462 2275 3533 luajur

1483 3543 1618 3613 expediat.
1637 3562 1647 3596 r
1663 3545 1686 3601 0
1701 3547 1855 3615 ignorantie
1868 3549 1983 3616 caecitas,
1999 3567 2008 3600 ι
2025 3550 2118 3620 inquit,
2136 3569 2145 3604 ι
2163 3555 2275 3623 oiuqre·

1483 3637 1541 3691 ritae
1555 3637 1652 3694 mentis
1668 3638 1787 3710 igrnria,
1802 3654 1861 3710 quae
1875 3639 1902 3697 id
1915 3641 1973 3697 sine
1985 3641 2031 3696 on
2044 3643 2127 3713 gratia
2140 3643 2273 3702 defensari

1483 3729 1627 3797 existimat,
1639 3731 1709 3801 quod
1721 3731 1776 3786 lieo
1787 3740 1888 3786 motum
1901 3732 1991 3788 audiat
2002 3733 2103 3791 debere
2117 3740 2248 3807 reputaril
2261 3759 2271 3791 r

1483 3818 1511 3872 Si
1527 3820 1691 3876 nesciremus
1705 3835 1764 3891 qno
1777 3831 1931 3892 sequantur,
1947 3822 1989 3879 bis
2004 3829 2187 3883 tantummodo
2201 3831 2274 3885 nardi·

1483 3910 1534 3977 tis,
1549 3909 1615 3966 laisa
1635 3926 1684 3966 nos
1704 3911 1737 3966 de
1761 3912 1832 3978 iilis,
1843 3913 1960 3983 jactante
1981 3913 2049 3970 larua
2069 3927 2097 3972 ct
2116 3920 2273 3988 quibusdam

1484 3999 1608 4058 iratribus
1622 4002 1630 4034 ¹
1646 4001 1749 4058 idoneis
1763 4004 1874 4059 testibus
1888 4007 2114 4071 asseverantibus,
2129 4009 2275 4066 credidisse

1484 4103 1647 4161 putaremus.
1668 4092 1736 4160 Qnid
1751 4091 1821 4147 enirn
1840 4092 1891 4148 diei
1912 4093 2017 4150 breuius
2033 4097 2118 4166 potuit
2132 4106 2159 4153 et
2175 4101 2273 4165 uerius,

1483 4196 1561 4251 qarrna
1593 4181 1794 4252 possibilitatem
1818 4198 1872 4238 non
1899 4186 2035 4253 peccandi,
2061 4196 2276 4256 qrrantacumqne

1482 4282 1523 4326 εει
1538 4270 1581 4326 rel
1595 4272 1646 4326 erit
1659 4273 1685 4326 in
1700 4272 1817 4338 lusatiae,
1834 4274 1937 4328 nonnisi
1953 4275 2008 4330 beo
2021 4275 2120 4331 debere
2135 4277 2275 4347 repumril

1485 4361 1539 4422 llere
1552 4370 1579 4417 et
1590 4377 1640 4416 nos
1655 4363 1776 4428 dicimus,
1790 4363 1932 4433 jungamus
1944 4364 2077 4421 dexteras.

1518 4453 1631 4510 utone
1652 4453 1730 4510 XLV.
1750 4484 1785 4496 —
1804 4456 1848 4511 53.
1865 4456 1936 4510 Alios
1959 4459 2076 4528 rsepondit
2096 4460 2274 4515 sirnilitudr'ner

1484 4556 1506 4600 et
1519 4547 1723 4600 ratiocinationes
1744 4545 1853 4617 Pelagii.
1876 4550 1915 4601 An
1936 4548 2064 4603 audienda
2080 4561 2140 4603 sunt
2156 4551 2274 4605 catera?

1485 4637 1620 4693 llndienda
1642 4640 1736 4716 plane,
1752 4649 1779 4693 et
1797 4639 1952 4709 corrigenda
1975 4640 2065 4711 ntique
2081 4641 2122 4694 rel
2144 4642 2261 4696 rainardo

1487 4748 1497 4782 ι
1520 4730 1585 4785 Nam
1600 4730 1778 4794 condicitur,
1797 4750 1805 4783 ι
1824 4730 1918 4801 inquit,
1937 4749 1946 4784 ι
1965 4731 2051 4801 ipsum
2066 4746 2156 4801 posse,
2171 4733 2271 4786 arbitri}

1484 4822 1592 4877 hartnani
1612 4822 1722 4876 omnino
1744 4838 1798 4876 non
1817 4838 1885 4888 esse,
1902 4822 1949 4878 sed
1969 4824 2084 4877 auctoris
2098 4833 2210 4886 naturas,
2229 4823 2272 4877 liei

1483 4912 1603 4977 seilicet;
1625 4912 1701 4981 ecqui
1725 4913 1781 4967 neri
1797 4921 1927 4982 potestat
1946 4913 2046 4984 absque
2061 4914 2106 4966 liei
2127 4914 2211 4982 gratia
2233 4914 2270 4967 in·

1485 5002 1627 5070 telligatur,
1648 5001 1716 5071 quod
1737 5002 1769 5056 ad
1791 5003 1873 5057 liciam
1895 5005 2001 5072 proprie
2024 5004 2157 5073 pertinere
2178 5019 2275 5058 nense·

1485 5095 1545 5148 lara-l
1563 5113 1571 5146 ι
1588 5093 1646 5148 tana
1665 5094 1746 5163 eoepit
1763 5108 1891 5164 apparere
1905 5095 1968 5164 quid
1983 5095 2054 5149 dicat
2068 5111 2074 5146 :
2089 5094 2136 5150 sed
2158 5111 2192 5149 nc
2206 5093 2277 5148 forte

1485 5184 1621 5248 lailamur,
1635 5185 1714 5238 latios
1733 5184 1757 5238 id
1777 5184 1901 5252 explanat
1915 5192 1943 5238 et
1955 5185 2062 5238 clarius.
2084 5203 2094 5235 ι
2111 5184 2165 5238 Sed
2181 5193 2210 5239 ut
2225 5185 2277 5241 boe

1485 5274 1667 5340 ananilestins,
1687 5294 1695 5327 ι
1712 5277 1814 5345 inquit.
1833 5293 1844 5329 ι
1864 5277 1907 5328 liat
1920 5317 1927 5341 ,
1941 5275 2019 5345 paulo
2033 5277 2111 5330 iatius
2133 5276 2277 5345 disputan·

1484 5364 1612 5419 domest.
1630 5366 1747 5419 Dicimus
1768 5366 1839 5419 enirn
1859 5365 1987 5434 cultasque
2004 5365 2042 5419 rei
2059 5364 2276 5435 possibilitatem,

1485 5473 1537 5514 non
1553 5467 1606 5511 tam
1627 5460 1653 5511 in
1672 5458 1774 5512 arbitrii
1797 5457 1906 5512 burnaui
1927 5467 2073 5527 potestate,
2090 5472 2169 5526 quotu
2183 5473 2212 5511 tn
2226 5471 2277 5512 na·

1485 5559 1550 5603 torae
1575 5548 1733 5603 necessitate
1757 5548 1916 5606 consistere.
1939 5566 1950 5605 r
1972 5548 2108 5614 Exemplis
2130 5548 2212 5602 ctiam
2235 5548 2279 5604 sel

1485 5637 1702 5693 sitnilitudlnibus
1724 5637 1785 5706 quid
1807 5636 1878 5692 dieat
1898 5637 2033 5693 illustrat:
2050 5654 2060 5689 ι
2078 5635 2112 5693 11ι
2125 5647 2187 5706 puta
2207 5656 2216 5689 r
2234 5640 2277 5690 in·

1484 5731 1552 5800 quit,
1576 5747 1585 5782 ι
1612 5729 1682 5798 loqui
1706 5743 1812 5797 possum
1828 5744 1836 5780 ε
1855 5727 1926 5798 qnod
1948 5728 2019 5798 loqui
2042 5715 2279 5804 possunr,·menrn

1486 5826 1611 5879 nonest:
1634 5818 1705 5889 qnod
1726 5818 1837 5888 lnqoor,
1853 5833 1942 5873 iocum
1960 5828 2018 5879 est,
2040 5816 2140 5880 idest,
2161 5817 2278 5885 proprie⁴

1485 5908 1649 5967 uoluntatis:
1664 5919 1691 5963 ει
1706 5910 1767 5978 qoia
1782 5909 1853 5977 qnod
1869 5909 1980 5976 loquor,
1995 5922 2083 5962 rncuru
2102 5915 2155 5972 est,
2173 5916 2277 5960 utrum·

1485 6017 1536 6070 qne
1550 6002 1637 6054 lairere
1660 6015 1783 6070 possunt,
1798 5999 1823 6052 id
1838 6009 1896 6064 est,
1910 6010 1937 6053 et
1959 5998 2030 6068 loqui
2051 6005 2077 6051 et
2100 6011 2153 6050 nora
2179 5995 2253 6065 ioqui
2268 6012 2275 6048 r

1485 6097 1545 6166 «qnia
1559 6109 1621 6147 uero
1636 6095 1706 6163 quod
1721 6094 1791 6162 loqui
1807 6109 1925 6161 possum,
1941 6107 2029 6146 nteurn
2043 6104 2096 6144 nnn
2112 6100 2164 6156 cst,
2181 6089 2207 6143 id
2225 6100 2277 6154 est,

1518 6228 1525 6257 ¹
1540 6228 1650 6289 nclgreus
1661 6225 1737 6275 ceder
1755 6232 1777 6275 s.
1794 6224 1899 6286 ιιιιειιιιι,
1911 6231 1934 6275 et
1945 6222 2090 6288 qrdiusdmn
2100 6217 2194 6274 idoneis
2215 6226 2270 6272 reso

1489 6290 1531 6337 bus
1541 6302 1547 6345 ;
1556 6291 1652 6343 cnosso.
1665 6284 1788 6347 frutribus.
