5592 7350
658 930 711 990 370

659 1047 710 1101 suh
725 1041 847 1113 ambigua
869 1037 1045 1111 generalitate
1057 1033 1120 1107 quid
1140 1032 1251 1089 sentiret
1263 1028 1447 1095 abscondens,

659 1137 751 1206 gratiae
764 1144 851 1189 tamen
870 1129 998 1187 rambula
1022 1128 1147 1197 frangens
1166 1123 1311 1188 invidiam,
1327 1120 1454 1176 olicusio·

660 1242 773 1298 rrernque
787 1225 933 1281 declinans.
957 1222 1022 1277 llam
1043 1221 1069 1273 in
1086 1219 1169 1289 ipsius
1183 1214 1325 1285 principio,
1341 1214 1385 1267 arbi
1405 1212 1452 1279 ait,

644 1333 647 1339 ·
662 1339 671 1372 ι
689 1318 830 1387 Proposita
843 1315 998 1371 insudemus
1007 1312 1093 1383 aperi,
1112 1326 1162 1365 nec
1176 1302 1453 1362 mediocritati¹dilh-

659 1411 754 1465 dotatas
768 1408 883 1478 ingenii,
897 1405 968 1477 quod
986 1403 1119 1459 credimus
1131 1400 1183 1456 lide
1203 1399 1295 1453 triatris
1309 1404 1337 1452 et
1357 1395 1454 1450 merito

659 1500 770 1571 riaginis
787 1499 949 1569 adjuverim
974 1494 1086 1567 gratiam
1107 1507 1158 1563 qna
1179 1491 1335 1561 adjuramur
1354 1486 1388 1543 ad
1403 1487 1453 1541 ali·

659 1592 724 1662 quid
738 1590 878 1661 agendum,
894 1588 959 1643 mihi
970 1588 1043 1641 visus
1059 1585 1143 1638 luerat
1157 1581 1288 1645 confiteri,
1302 1593 1352 1634 nec
1366 1584 1454 1632 alten·

659 1682 751 1737 derarn
765 1682 834 1737 hane
848 1694 908 1737 eum
921 1691 1021 1748 ponere
1032 1674 1149 1746 potuisse
1168 1672 1195 1727 in
1215 1671 1271 1727 sola
1286 1668 1453 1725 revelatione

659 1772 797 1828 doctrinae.

695 1861 739 1917 ll.
756 1861 819 1915 ltem
846 1859 872 1912 in
892 1857 986 1914 eodem
1008 1870 1089 1926 opere
1113 1854 1166 1909 alio
1192 1853 1278 1906 loeo:
1305 1848 1404 1918 rQoed
1430 1847 1454 1903 si

660 1954 740 2009 etiarn
754 1952 812 2007 sine
827 1951 892 2014 Deo,
908 1967 917 2001 ι
935 1947 1039 2019 inquit,
1056 1964 1065 1997 ι
1082 1945 1204 1998 lrotrtines
1218 1941 1371 2005 ostendunt,
1385 1954 1454 2009 qua-

661 2043 700 2098 les
714 2058 728 2095 a
742 2043 797 2097 beo
810 2040 869 2096 laeti
884 2048 943 2093 sunt
955 2054 962 2103 ;
976 2037 1037 2091 ride
1051 2035 1113 2107 qaid
1124 2033 1268 2089 Christiani
1288 2031 1375 2085 lacere
1389 2043 1454 2099 pos·

659 2132 730 2197 sint,
760 2145 872 2201 quornm
895 2130 921 2183 in
949 2127 1044 2183 melius
1070 2141 1117 2196 per
1145 2124 1282 2178 Christum
1309 2122 1454 2175 instaurate

662 2233 755 2277 natura
780 2230 841 2286 est,
856 2230 882 2275 el
897 2218 941 2291 qni
962 2218 1059 2273 elisium
1082 2230 1188 2288 queque
1214 2216 1307 2284 gratiae
1329 2213 1455 2282 intuertur

660 2315 785 2369 auxilio.»
796 2313 921 2367 Naturam
936 2310 1066 2366 inmelins
1075 2310 1257 2370 instauratam,
1270 2303 1455 2359 remissionem

661 2405 717 2460 vult
730 2403 840 2473 intelligi
856 2410 1025 2473 peccatorum
1040 2418 1047 2453 z
1066 2398 1137 2470 quod
1149 2399 1202 2453 alio
1217 2398 1276 2452 laea
1290 2398 1316 2450 io
1333 2396 1383 2449 lroc
1397 2396 1455 2463 ipse

660 2496 729 2551 libro
743 2494 807 2549 satis
819 2493 1023 2558 dernenstrnrit‚
1035 2491 1081 2547 ubi
1093 2490 1140 2556 ait,
1157 2507 1167 2541 ι
1187 2487 1272 2544 Etiam
1289 2487 1326 2541 illi
1341 2486 1385 2555 qui
1398 2485 1456 2540 lan·

662 2603 696 2659 ge
711 2587 838 2659 peccandi
850 2602 899 2642 usu
914 2585 1029 2656 quedam
1044 2582 1124 2637 modo
1136 2580 1296 2646 obduruere,
1313 2577 1456 2633 instaurari

661 2694 710 2749 per
729 2677 913 2749 paenitentiam
933 2682 1054 2747 pessunt.
1081 2672 1245 2727 thunitiam
1271 2683 1336 2725 nero
1359 2669 1456 2724 dirinae

660 2771 753 2839 gratiae
778 2775 868 2840 potest
897 2775 924 2823 et
955 2765 998 2820 bic
1029 2778 1129 2836 ponere
1158 2763 1185 2817 in
1218 2760 1380 2817 revelatione
1405 2757 1457 2815 de-

660 2863 764 2918 carinae.

696 2952 807 3009 CrlPU'l
826 2950 968 3007 llxxlhl.
981 2980 1019 2992 -
1029 2950 1074 3005 lt.
1088 2947 1152 3004 item
1166 2947 1228 3003 alibi
1240 2948 1266 3002 in
1281 2946 1375 3004 endem
1398 2945 1456 3016 epi·

661 3043 751 3098 stola:
770 3060 779 3094 ι
799 3041 866 3096 Nam
890 3042 912 3095 si
934 3042 1014 3095 etiam
1037 3047 1098 3093 arete
1120 3039 1222 3109 legem,
1246 3055 1255 3087 ι
1273 3036 1376 3106 inquit,
1404 3040 1458 3090 rut

661 3133 793 3199 diximus,
804 3147 836 3186 ae
850 3131 933 3187 multo
953 3140 1016 3185 ante
1033 3128 1136 3183 Domini
1161 3126 1246 3182 nostri
1262 3136 1289 3183 et
1310 3126 1458 3182 Salratoris

660 3203 896 3293 ‚adrentumjusle
909 3219 1015 3292 quidnrr
1030 3229 1057 3276 et
1067 3227 1159 3274 sancte
1169 3220 1269 3274 risisse
1284 3217 1456 3286 reseruntur3

660 3325 760 3384 quante
780 3313 864 3384 magis
884 3322 943 3382 pest
958 3309 1162 3365 illrntrationem
1184 3309 1314 3364 adrentus
1337 3308 1394 3378 ejus
1408 3323 1458 3365 nos

662 3404 690 3459 id
712 3417 789 3474 posse
811 3401 974 3458 credendum
997 3407 1049 3464 cst,
1065 3399 1112 3467 qui
1130 3399 1268 3454 instaurati
1294 3414 1341 3469 per
1358 3397 1459 3454 Christi

661 3494 772 3565 qratiam
786 3503 813 3548 et
833 3494 858 3547 in
881 3492 1019 3547 meliorem
1034 3490 1168 3545 ltonriuem
1185 3490 1270 3545 renati
1285 3504 1393 3556 sumus,
1410 3490 1456 3560 qni

661 3584 790 3654 sarrqaine
803 3582 860 3651 ejas
872 3582 972 3651 expiati
987 3580 1202 3650 atqnemundati,
1215 3580 1350 3649 ipsiusque
1362 3594 1454 3634 exeru-

661 3678 707 3749 pla
726 3675 760 3731 ad
782 3673 972 3744 perfectionem
993 3673 1092 3727 incitati
1108 3671 1235 3742 justitian,
1256 3673 1380 3726 meliores
1404 3669 1458 3726 illio

662 3784 723 3824 esse
736 3767 874 3831 dehemus,
888 3767 934 3836 qui
947 3772 1010 3820 ante
1022 3764 1108 3835 legem
1122 3764 1217 3820 lnerel
1234 3783 1244 3818 ι
1259 3763 1355 3820 Videte
1365 3779 1459 3835 quent·

663 3860 807 3917 admodum
818 3870 845 3916 et
860 3859 903 3913 hic
912 3858 971 3914 aliis
985 3857 1092 3928 quidem
1102 3857 1200 3923 uerbis,
1212 3861 1259 3914 sed
1271 3867 1359 3913 tamen
1371 3858 1395 3911 in
1411 3872 1457 3914 re·

666 3954 795 4009 nrlssieae
818 3958 986 4023 peccatorum
1003 3957 1031 4004 et
1048 3948 1075 4008 in
1085 3948 1208 4018 exenrplo
1229 3947 1329 4004 Christi
1355 3946 1459 4017 adjuta·

663 4046 733 4100 rium
747 4042 839 4114 gratiae
860 4038 1040 4096 constituerit.
1060 4037 1161 4094 Deinde
1174 4037 1309 4107 subJ'uogit
1329 4046 1357 4092 el
1370 4036 1435 4091 dicit
1449 4053 1457 4090 a

668 4157 677 4190 ι
691 4137 812 4192 lleliores
821 4135 901 4189 etiam
915 4148 995 4203 quatu
1009 4132 1116 4188 luerunt
1130 4130 1259 4201 sublege,
1271 4131 1376 4186 dicente
1387 4132 1460 4199 hpa·

665 4227 744 4290 stolo,
758 4223 893 4279 Peccatum
905 4224 974 4278 uobis
992 4240 1044 4279 nott
1065 4221 1314 4286 duatittalaitur5aua
1333 4221 1398 4274 eninr
1412 4219 1459 4274 sub

664 4320 718 4388 que
733 4316 791 4371 eatis
802 4356 810 4380 ,
821 4314 866 4369 sed
885 4314 929 4368 suh
943 4315 1025 4385 qratia
1040 4312 1128 4386 (doru.
1147 4328 1184 4375 at.
1203 4312 1257 4382 tl).
1277 4311 1311 4366 El
1331 4310 1457 4382 qrronianr

666 4413 739 4480 hine,
755 4430 766 4467 ι
782 4411 877 4481 iuquit,
896 4428 905 4461 ι
922 4408 1095 4470 salhcicnter,
1111 4415 1140 4460 ut
1155 4414 1228 4475 puto,
1243 4403 1460 4469 diximus,nnna

666 4501 809 4570 perlectam
824 4500 992 4554 instituamus
1005 4497 1145 4565 virginem,
1157 4511 1216 4565 qaae
1227 4510 1259 4549 ca
1271 4503 1462 4562 atroquesem·

665 4607 713 4662 per
725 4605 848 4656 aceensa,
858 4596 885 4645 el
897 4599 997 4641 natura
1011 4587 1090 4642 simul
1104 4596 1130 4640 et
1142 4584 1235 4656 gratia>
1246 4585 1343 4638 hainaut
1355 4597 1458 4638 nraruut

665 4681 805 4737 snrtctitate
822 4688 941 4735 testetur.
958 4697 969 4732 r
984 4677 1018 4732 Et
1037 4677 1063 4731 in
1086 4677 1127 4730 his
1142 4674 1230 4730 verbis
1243 4673 1346 4729 dehetis
1362 4672 1459 4729 adrer-

667 4784 733 4836 tere,
745 4770 805 4827 ideo
818 4769 891 4826 illurn
903 4769 972 4839 quod
983 4767 1098 4832 dicebat,
1112 4767 1153 4821 sic
1165 4763 1459 4830 volnissecuncindere,

666 4875 694 4919 nt
706 4873 807 4918 naturae
820 4864 918 4918 bonurn
934 4859 1127 4929 intelligamus,
1141 4855 1285 4927 quodcum
1303 4870 1460 4911 crearemur

666 4954 835 5023 accepimus3
859 4952 953 5022 gratiae
977 4959 1084 5012 atatem,
1106 4964 1165 5003 cnm
1183 4946 1282 5002 Christi
1303 4946 1459 5003 intuemur¹

668 5044 819 5112 csernplum
833 5058 841 5097 a
857 5051 981 5110 tanlquam
1007 5038 1067 5093 idea
1089 5047 1226 5107 peccatum
1250 5049 1303 5090 non
1329 5034 1461 5090 indultum

667 5133 750 5189 interit
762 5132 802 5188 eis
815 5131 860 5201 qui
880 5129 1000 5198 sublege
1021 5127 1129 5182 luerunt
1145 5125 1186 5181 rel
1198 5134 1278 5192 sunt,
1292 5125 1354 5194 quia
1368 5139 1461 5180 exera·

669 5227 742 5297 phun
757 5222 856 5280 Christi
869 5221 925 5277 sire
940 5235 992 5275 non
1008 5217 1167 5282 babuerunt,
1183 5217 1238 5272 sire
1253 5231 1304 5271 raon
1319 5215 1441 5272 credunt.

637 5361 639 5365 Α
703 5314 817 5372 CAPUT
835 5313 958 5370 xxmx.
987 5312 1082 5366 -ιό,
1110 5309 1165 5364 lloc
1185 5319 1274 5363 autem
1291 5309 1462 5377 istumsape-¹

669 5425 714 5473 re,
731 5417 757 5463 et
769 5406 821 5461 alia
835 5406 894 5475 ejus
915 5403 995 5458 rerba
1017 5400 1178 5466 ostendunt,
1194 5415 1249 5454 nou
1270 5399 1297 5453 in
1312 5400 1362 5454 hoc
1375 5399 1460 5462 libro,

669 5499 716 5557 sed
732 5498 759 5552 in
773 5496 851 5551 tertio
861 5510 908 5566 pro
921 5494 1018 5548 Libere
1031 5490 1158 5557 Arbitrio,
1170 5489 1214 5545 ubi
1227 5488 1261 5544 ad
1276 5504 1336 5544 eunt
1350 5488 1462 5559 loquens

669 5600 763 5647 contra
780 5603 861 5659 quem
888 5585 1020 5656 disputat,
1040 5583 1163 5652 quoniam
1182 5581 1226 5636 ille
1242 5588 1367 5650 posuerat
1382 5579 1463 5634 rerba

670 5679 790 5749 Apostoli
804 5675 927 5742 dicentis,
941 5672 1002 5729 Noa
1016 5672 1083 5744 qnod
1096 5672 1152 5725 eolo
1165 5684 1213 5741 aqu
1223 5685 1233 5734 ,·
1243 5677 1280 5734 et,
1297 5667 1375 5722 Video
1385 5669 1464 5724 aliam

671 5773 751 5843 lcqem
763 5772 789 5825 in
808 5769 925 5824 atcmhria
940 5766 1001 5821 meir
1015 5772 1196 5836 renuntiantem
1213 5761 1263 5829 leqi
1279 5761 1460 5827 mentientem,

670 5871 698 5917 et
709 5871 805 5918 caetera
817 5876 876 5932 quae
889 5859 925 5914 ibi
937 5857 1077 5919 dicuntur:
1092 5854 1144 5910 iste
1157 5851 1305 5923 respondit,
1318 5860 1397 5923 atque
1407 5852 1462 5907 ait:

675 5974 685 6010 ι
702 5954 759 6010 lloc
775 5955 846 6010 enim
867 5952 937 6023 quud
951 5961 979 6008 tu
1000 5951 1033 6006 de
1055 5946 1184 6019 Aposmlo
1206 5945 1352 6017 intelligere
1370 5944 1463 6014 carpis,

672 6061 766 6105 atrones
778 6043 952 6103 ecclesiastici
970 6024 1067 6099 riri'in
1082 6038 1227 6112 peccatoris
1241 6046 1268 6095 et
1282 6038 1331 6093 sub
1345 6037 1404 6106 lcqe
1418 6034 1464 6090 ad·

707 6222 781 6269 tam.
800 6226 910 6283 ealles,
931 6218 1103 6273 taedio-ritate.
1124 6223 1147 6267 tn
1166 6214 1268 6280 epistole
1288 6211 1317 6264 ad
1333 6213 1466 6265 muenia

694 6298 745 6347 flat,
764 6285 868 6346 hqpeod.
888 6288 945 6331 tom.
965 6282 996 6340 2,
1012 6281 1042 6334 rie
1062 6279 1233 6331 aretin-rium.

702 6343 928 6415 ‚mrrnsl'tllt'h’tttllm
943 6350 990 6400 er..

1289 918 1318 976 S.
1338 917 1524 975 AUGUSTffl
1544 919 1694 978 uersuum

2250 921 2304 978 38⁰
2337 915 2340 922 ’

1511 1032 1563 1087 hue
1580 1033 1656 1102 positi
1672 1042 1795 1087 asserunt
1813 1049 1875 1089 euru
1890 1034 1990 1090 dhisse
2007 1049 2138 1105 persona,
2152 1034 2200 1104 qui
2220 1035 2304 1091 uiuri!
2333 1047 2346 1076 ·'

1505 1124 1630 1179 uitiorum
1643 1124 1836 1180 consuetudine
1850 1125 1922 1181 relat
1934 1126 2046 1195 qondam
2059 1134 2195 1181 teneretur
2206 1142 2305 1182 necce-

1505 1213 1582 1269 sitale
1597 1214 1740 1283 pecearrdi,
1753 1225 1779 1270 et
1792 1215 1913 1285 quamuis
1926 1216 2026 1271 borram
2044 1227 2183 1287 appeteret
2201 1218 2301 1272 rolun-
2343 1223 2346 1228 '

1506 1314 1576 1372 tate,
1590 1320 1639 1361 usu
1652 1314 1740 1362 tameo
1755 1308 1963 1377 precipitaretur
1976 1309 2002 1363 io
2016 1310 2126 1364 malunt.
2141 1310 2177 1387 lo
2186 1326 2303 1381 persam

1505 1406 1606 1464 autern,
1621 1417 1630 1450 r
1647 1398 1742 1469 iuquit,
1760 1416 1769 1451 a
1784 1399 1901 1454 bortrinis
1915 1402 2012 1469 unius,
2028 1402 2150 1474 designat
2170 1404 2301 1475 populum

1505 1489 1556 1543 suh
1569 1500 1659 1544 vetere
1672 1489 1759 1545 adhue
1773 1490 1832 1560 lege
1846 1504 2015 1561 peccantem
2029 1508 2108 1561 quero
2121 1494 2155 1549 ab
2169 1493 2220 1549 bec
2233 1512 2302 1550 corr·

1505 1579 1653 1633 suetudinis
1672 1584 1743 1635 male
1761 1580 1825 1636 dicit
1841 1582 2007 1638 liberandum
2020 1599 2079 1639 esse
2092 1600 2142 1654 pcr
2153 1585 2300 1655 Clnistunr,

1505 1671 1550 1741 qni
1572 1671 1743 1727 credentibus
1766 1672 1816 1727 sihi
1841 1674 1929 1743 primo
1950 1675 2038 1731 ornrria
2063 1692 2110 1745 per
2138 1678 2301 1747 baptismum

1507 1770 1613 1831 peccata
1628 1763 1754 1831 dimittit,
1767 1762 1863 1820 deinde
1878 1765 2024 1821 imitatione
2038 1766 2078 1822 sui
2096 1768 2131 1822 ad
2156 1768 2303 1839 perlectam

1505 1853 1597 1908 incitat
1611 1855 1789 1921 sarretitatem,
1805 1867 1833 1911 et
1846 1857 1969 1912 uitiorum
1984 1858 2205 1915 connsuetudinem
2220 1861 2304 1914 riori-

1506 1952 1561 1999 tunt
1580 1946 1662 2000 vineit
1681 1947 1813 2016 exempla.
1831 1965 1841 1999 ι
1866 1949 1934 2004 Ecce
1956 1950 2090 2018 quomode
2114 1951 2171 2004 rnlt
2193 1950 2303 2020 inlelliqi

1505 2036 1624 2106 adiuvari
1645 2051 1693 2092 eos
1715 2038 1759 2106 qui
1781 2038 1831 2093 sab
1854 2037 1911 2108 lege
1935 2050 2054 2109 peccant,
2073 2050 2101 2095 ut
2124 2056 2172 2110 per
2191 2043 2303 2110 gentiam

1505 2128 1603 2184 Christi
1612 2128 1749 2200 justificati
1762 2129 1920 2195 liberentur,
1935 2141 2057 2201 tanquam
2071 2132 2110 2185 eis
2123 2146 2177 2186 non
2190 2132 2303 2185 sullicint

1506 2220 1561 2275 sola
1583 2221 1635 2287 lex,
1657 2231 1766 2292 propter
1788 2222 1896 2277 nimiam
1920 2224 2046 2293 peccandi
2070 2225 2302 2292 consuetudinem,

1505 2310 1556 2365 nisi
1569 2309 1667 2366 Christi
1680 2311 1799 2380 accedat,
1814 2328 1866 2367 nou
1883 2314 2020 2383 inspiratio
2033 2313 2171 2370 alteritatis
2184 2331 2231 2385 per
2240 2316 2303 2386 Spi-

1507 2404 1586 2459 ritum
1600 2413 1739 2472 sanctuar,
1754 2406 1800 2460 sed
1822 2406 1978 2461 intuendam
1992 2417 2019 2461 et
2032 2407 2190 2462 imitandum
2210 2411 2238 2463 in
2252 2408 2302 2463 de·

1506 2496 1591 2549 ctrina
1612 2496 1763 2566 euangelica
1783 2496 1888 2552 rirtntis
1907 2498 1965 2566 ejus
1982 2501 2146 2569 exemplum.
2175 2500 2209 2554 Et
2229 2509 2302 2556 certe

1506 2586 1621 2641 maxima
1645 2584 1689 2641 hie
1707 2595 1766 2642 erat
1787 2603 1866 2642 causa
1888 2588 2077 2658 exprimendi,
2101 2604 2181 2660 quam
2202 2591 2304 2647 diceret

1506 2677 1629 2745 gratiam,
1644 2677 1687 2732 ubi
1702 2678 1788 2733 loctnn
1803 2679 1888 2747 ipsum
1902 2679 1935 2734 de
1948 2694 2001 2749 quo
2014 2665 2169 2750 respondet,
2181 2680 2220 2735 sic
2235 2696 2299 2735 con-

1507 2767 1586 2821 clusit
1599 2768 1759 2838 hpestulut,
1775 2778 1805 2823 ut
1817 2768 1918 2824 diceret
1934 2788 1941 2821 ε
1963 2768 2059 2839 latetis
2071 2786 2117 2840 apo
2141 2770 2227 2838 homo,
2247 2772 2301 2843 quir

1508 2875 1547 2912 are
1559 2857 1672 2912 liberabit
1693 2859 1724 2914 de
1742 2875 1847 2931 carpere
1860 2862 1947 2917 orertia
1962 2862 2058 2932 trajana?
2079 2862 2168 2917 Gratia
2189 2861 2239 2917 Dei
2260 2880 2302 2933 per

1507 2947 1596 3003 Jrsam
1610 2949 1737 3004 Christum
1752 2950 1888 3005 Damiama
1903 2963 2016 3007 trostrum
2028 2952 2115 3024 (Ram.
2132 2968 2178 3015 ru,
2193 2954 2237 3017 ts,
2252 2952 2301 3007 25·

1507 3038 1564 3109 ΞΒ).
1581 3039 1655 3095 lianc
1674 3040 1724 3096 iste
1738 3056 1798 3096 curn
1820 3043 1983 3108 constipet,
1999 3057 2052 3097 nan
2073 3043 2099 3096 in
2122 3043 2226 3097 rirtntis
2247 3042 2302 3112 ejus

1509 3130 1617 3195 auxilio,
1634 3131 1682 3185 sed
1696 3131 1852 3187 imitationis
1865 3133 1997 3202 exernplo,
2014 3132 2076 3203 quid
2091 3133 2205 3202 amplius
2215 3132 2248 3187 dc
2258 3133 2302 3187 iila

1510 3235 1619 3289 sperare
1632 3220 1771 3289 debemus,
1787 3222 1945 3292 ubicumque
1959 3223 2049 3293 gantiae
2062 3237 2161 3277 numen
2181 3224 2231 3279 sub
2248 3238 2302 3278 am·

1509 3309 1586 3379 higna
1601 3312 1772 3379 generalitate
1784 3312 1993 3367 eortuueororat?

1545 3398 1658 3456 CAPUT
1673 3401 1729 3456 XL.
1743 3433 1781 3442 —
1793 3402 1838 3458 ll.
1853 3402 1918 3458 ltern
1935 3403 1962 3457 in
1977 3403 2071 3458 eodem
2093 3402 2162 3459 libro
2176 3404 2210 3459 ad
2224 3405 2301 3475 uirgi-

1509 3506 1571 3546 nem
1585 3505 1708 3559 uncrarn,
1724 3492 1794 3548 urrde
1804 3492 1859 3562 jam
1872 3494 1952 3549 etiam
1967 3509 2046 3564 supra
2059 3492 2246 3561 disseruimus,
2260 3496 2304 3552 abi

1509 3581 1546 3634 ait
1558 3598 1564 3632 :
1580 3582 1697 3637 ‹Subditi
1707 3582 1789 3636 simus
1800 3584 1865 3650 ileo,
1877 3584 1987 3654 ejusque
1996 3584 2118 3640 iaciendo
2128 3585 2305 3656 uoluntatem,

1509 3670 1625 3727 dirimun
1639 3687 1788 3727 mereamur
1800 3676 1921 3744 qratiam,
1936 3684 1963 3730 et
1979 3675 2084 3732 [acilius
2096 3692 2209 3746 nequam
2224 3678 2306 3748 spiri·

1510 3763 1559 3827 tui,
1576 3763 1660 3818 sancti
1676 3763 1792 3834 Spiritus
1812 3766 1921 3831 auxilio,
1945 3767 2136 3823 resistamus.»
2160 3767 2188 3822 lo
2210 3770 2307 3839 quibus

1509 3854 1568 3924 eius
1580 3853 1669 3908 verbis
1683 3863 1755 3910 certe
1769 3853 1938 3911 manifestam
1952 3863 2002 3921 est,
2026 3858 2062 3912 ita
2080 3873 2142 3913 eunt
2166 3860 2235 3915 nelle
2256 3875 2306 3917 aas

1510 3945 1629 4015 atljurari
1650 3948 1733 4016 gratia
1758 3946 1873 4017 Spiritus
1898 3950 1992 4013 sancti,
2014 3965 2069 4005 non
2094 3950 2156 4020 quie
2179 3951 2238 4009 sine
2260 3953 2308 4009 ille

1511 4037 1590 4090 etianr
1602 4051 1649 4105 per
1663 4037 1747 4092 selam
1763 4045 1864 4093 naturas
1879 4039 2081 4109 possibilitatem
2095 4055 2148 4097 nan
2165 4058 2306 4112 possumus

1511 4129 1639 4184 resistere
1653 4129 1795 4195 tentatori,
1809 4129 1856 4186 sed
1872 4139 1901 4185 ut
1923 4130 2026 4187 facilius
2039 4133 2206 4189 resistanurs.
2229 4134 2306 4203 Quod

1512 4230 1599 4273 mirrea
1612 4219 1804 4290 qualecumque
1816 4229 1843 4277 et
1852 4223 2121 4293 quantulumcumque
2132 4224 2303 4294 adiutorium,

1511 4327 1572 4365 enm
1585 4311 1714 4367 credibile
1728 4321 1769 4367 est
1783 4313 1809 4367 in
1824 4312 1874 4368 hoe
1889 4317 2063 4381 constituere,
2077 4316 2148 4385 quod
2164 4316 2243 4371 nobis
2257 4316 2306 4372 ad·

1511 4402 1582 4458 ditur
1595 4403 1705 4458 scientia
1721 4404 1855 4461 revelante
1869 4403 1970 4475 Spiritu
1989 4421 2036 4476 per
2049 4407 2210 4469 doctrinam,
2225 4423 2306 4477 quam

1511 4494 1553 4548 rel
1568 4509 1620 4549 nen
1634 4509 1786 4565 possumus,
1801 4496 1844 4551 rel
1858 4496 1965 4551 dillicile
1976 4497 2073 4553 habere
2095 4513 2236 4567 possumus
2251 4514 2301 4568 per

1513 4591 1647 4643 naturam.
1664 4585 1714 4639 ista
1737 4593 1799 4640 sunt
1819 4602 1878 4654 quac
1899 4585 1927 4641 in
1946 4587 2031 4650 libra,
2054 4603 2133 4657 quem
2154 4589 2306 4660 scripsitad

1512 4676 1641 4745 uirginem
1663 4672 1771 4743 Christi,
1796 4677 1934 4734 advertere
1957 4680 2040 4748 potui,
2063 4681 2107 4737 ubi
2120 4680 2226 4739 ridetur
2243 4698 2306 4752 gra·

1514 4765 1578 4821 tiam
1590 4765 1711 4833 confiteri
1725 4783 1733 4820 :
1747 4782 1807 4841 quae
1820 4767 1939 4838 pmieete
1952 4770 2040 4841 qualia
2053 4772 2124 4838 sint,
2140 4773 2230 4844 utiquc
2243 4789 2307 4829 ccr-

1513 4856 1586 4911 nilis.

1548 4947 1660 5004 CAPUT
1670 4947 1832 5007 XLl.-d5.
1846 4951 1985 5022 «Legem,
2001 4972 2011 5006 ι
2028 4954 2127 5024 inquit,
2143 4973 2153 5008 ι
2167 4956 2247 5011 etiarn
2266 4974 2307 5012 re·

1513 5052 1577 5095 cens
1590 5054 1679 5094 meum
1690 5040 1864 5111 opusculum,
1886 5042 1957 5112 quad
1970 5057 2019 5112 pro
2037 5041 2134 5101 bibam
2156 5060 2242 5115 anper
2255 5047 2308 5100 hr-

1513 5129 1593 5185 hitrio
1613 5130 1694 5188 edere
1714 5131 1845 5201 compulsi
1867 5146 1976 5199 sumus;
2010 5142 2037 5189 et
2057 5146 2201 5204 agnoscent
2228 5129 2327 5206 quam¹

1515 5221 1603 5290 inique
1623 5236 1672 5276 nes
1690 5222 1831 5292 negatione
1845 5222 1936 5293 gratiae
1951 5222 2080 5278 inlnnrare
2093 5225 2248 5293 gestierint,
2263 5227 2308 5297 qui

1515 5321 1657 5384 pertulum
1676 5329 1746 5383 pene
1760 5313 1843 5383 ipsius
1865 5322 1964 5369 textum
1979 5315 2068 5384 operis
2090 5314 2208 5385 perlecto
2229 5325 2310 5389 atque

1515 5404 1618 5474 integre
1630 5410 1659 5457 et
1671 5403 1784 5457 liberum
1798 5403 1937 5460 arbitrium
1950 5405 2108 5461 conliteruur
2120 5415 2149 5461 et
2157 5407 2280 5476 gratiam.
2297 5426 2308 5461 ι

1515 5494 1636 5562 Quntuor
1649 5503 1711 5549 sum
1722 5492 1784 5549 libri
1795 5495 1883 5565 operis
1896 5494 1985 5566 bajus,
1998 5505 2026 5551 et
2037 5496 2085 5552 lros
2095 5497 2158 5567 legi,
2172 5508 2244 5555 etex
2260 5499 2313 5555 illie

1515 5587 1616 5656 sumpsi
1631 5602 1690 5657 quae
1705 5587 1842 5641 tractanda
1856 5595 1884 5642 et
1894 5588 2060 5644 discutienda
2079 5591 2225 5658 proposui,
2241 5598 2269 5645 et
2284 5597 2314 5650 al

1515 5676 1589 5747 partui
1605 5676 1774 5745 pertractari,
1788 5684 1930 5747 antequam
1944 5677 1976 5732 ad
1989 5679 2048 5747 ejos
2062 5677 2111 5733 bas
2125 5678 2238 5747 litteras,
2252 5696 2313 5750 que

1516 5767 1628 5822 llornanr
1653 5768 1742 5823 misse
1764 5777 1843 5835 sunl,
1869 5769 2028 5825 veniremus.
2049 5770 2102 5826 Sed
2124 5772 2149 5825 in
2172 5773 2214 5827 his
2231 5771 2314 5828 ctiam

1517 5868 1630 5932 quatuor
1642 5862 1716 5918 libris
1737 5877 1912 5934 quecumque
1933 5877 1981 5932 pro
1992 5864 2076 5934 qratia
2091 5863 2198 5920 ridetur·
2210 5864 2313 5930 dicere,

1518 5969 1568 6024 qun
1580 5955 1703 6024 juvamur
1722 5963 1751 6009 ut
1769 5956 1934 6011 declinemus
1948 5970 1963 6008 a
1978 5955 2049 6009 malo
2064 5955 2218 6026 bonumque
2231 5954 2314 6013 iacia-

1519 6060 1588 6113 mus,
1602 6048 1637 6100 ita
1649 6045 1722 6109 dicit,
1738 6055 1766 6101 ul
1778 6046 1852 6101 nulle
1864 6046 1944 6102 mado
1957 6061 1971 6100 a
1986 6046 2127 6102 verberum
2140 6045 2317 6118 ambiguitate

1519 6136 1647 6203 discedot,
1661 6153 1738 6208 qnam
1754 6138 1889 6208 discipulis
1905 6138 1943 6194 sic
1958 6139 2040 6209 pessit
2053 6153 2198 6209 exponere,
2214 6146 2244 6194 at
2256 6137 2317 6196 nul·

1521 6231 1574 6287 lurn
1587 6231 1712 6287 auxilium
1726 6234 1816 6302 gratie
1830 6232 1950 6300 credant,
1966 6248 2017 6304 qua
2033 6242 2135 6288 naturae
2151 6230 2315 6304 passibilitas

1521 6323 1668 6393 arlJnmlur,
1688 6323 1738 6379 nisi
1764 6326 1789 6380 in
1811 6325 1962 6397 legantque
1980 6325 2100 6381 doctrina
2117 6342 2124 6376 τ
2141 6325 2176 6380 ita
2192 6334 2221 6379 ut
2243 6323 2315 6394 ipsas
