5592 7350
661 1008 693 1062 ω
1361 993 1551 1049 alefanto.
2260 998 2294 1056 bd

660 1128 804 1186 sanctum
821 1116 905 1177 banc
921 1117 1117 1192 episcopum.
1137 1111 1227 1188 cujus
1246 1126 1300 1169 ore
1315 1110 1471 1169 Dominus
1489 1109 1546 1167 toli
1565 1108 1679 1170 alricus
1699 1111 1867 1170 sanitatem
1892 1111 2022 1172 unitatis
2044 1114 2201 1174 exslincto
2226 1115 2286 1175 llo-

661 1206 850 1264 natistarum
866 1195 1035 1255 schismate
1058 1189 1244 1259 indulserat,
1264 1187 1461 1265 usqueadeo
1479 1187 1647 1264 injuriosa,
1667 1188 1778 1248 odensi
1794 1195 1953 1265 quotquot
1973 1191 2117 1257 aderant,
2135 1210 2207 1253 etun
2225 1212 2288 1253 nou

657 1300 676 1341 e
694 1284 852 1340 conventu
868 1274 983 1337 solum,
1001 1270 1053 1330 sed
1069 1270 1164 1329 eliam
1180 1269 1321 1327 exomni
1345 1266 1485 1326 Ecclesia
1507 1267 1688 1343 pellendum
1713 1269 1965 1326 conclamarunt.
1989 1270 2069 1327 Tum
2095 1288 2168 1328 vero
2189 1272 2281 1331 ioan

660 1376 728 1426 ues,
747 1374 842 1433 quem
856 1351 1026 1414 extrudere.
1041 1349 1214 1412 debuisset,
1231 1346 1407 1424 enmjnssit
1423 1344 1532 1404 sedere
1548 1346 1630 1405 inter
1650 1347 1864 1423 presbyteros.
1879 1347 2040 1405 bominem
2056 1348 2171 1406 laicum
2193 1360 2290 1426 :eterno

660 1439 792 1513 insuper
808 1434 839 1491 in
861 1429 993 1491 crimine
1011 1428 1168 1486 inereseos
1188 1425 1434 1501 deprehensum.
1460 1424 1497 1483 El
1527 1431 1677 1498 praterea
1697 1442 1761 1499 quo
1785 1424 1914 1483 lituuius
1942 1426 2092 1501 injuriam
2112 1432 2292 1504 stuglrstino

660 1516 780 1575 illatam
798 1511 857 1588 ipsi
872 1512 1061 1587 ignoszeret,
1082 1504 1226 1565 eamdem
1246 1505 1276 1562 in
1296 1520 1330 1562 sc
1353 1503 1494 1577 recipere
1519 1502 1680 1577 professus
1704 1508 1774 1560 est:
1796 1503 1989 1577 :logostileos
2011 1522 2065 1581 epo
2076 1523 2153 1570 secur.
2177 1506 2292 1583 iuquit.

660 1591 715 1655 Cui
731 1594 772 1653 ab
786 1588 901 1650 Oresio
916 1586 1021 1646 statim
1038 1584 1213 1661 repositum
1231 1601 1238 1639 :
1255 1582 1292 1642 Si
1306 1580 1476 1658 Augustini
1490 1598 1656 1659 personam
1670 1582 1774 1648 stlatis,
1790 1581 1959 1658 ‚despertiri
1978 1587 2292 1660 sequereseatentiam

660 1671 774 1753 (iufra.
791 1665 932 1746 Appenni.
942 1673 1033 1748 parte
1051 1662 1094 1736 2).

698 1772 755 1832 llis
771 1772 813 1830 ita
827 1768 923 1847 gestis
943 1764 1122 1825 sciscitatus
1138 1766 1185 1822 est
1198 1761 1352 1831 loannes,
1370 1776 1411 1821 an
1433 1776 1505 1835 quoe
1523 1759 1707 1838 legerentur
1722 1779 1762 1821 ex
1779 1761 1914 1838 epistola
1932 1763 2114 1840 Augustini,
2131 1766 2294 1845 Pelagium

683 1854 816 1914 olerent,
829 1865 870 1906 cru
882 1846 981 1905 alitum
996 1842 1180 1919 quempiam
1195 1860 1202 1900 :
1220 1839 1381 1915 simulque
1397 1838 1522 1915 adjecit,
1539 1841 1564 1897 si
1582 1839 1729 1916 Pelagius
1745 1839 2000 1916 impugnantem,
2023 1861 2115 1919 posse
2135 1862 2202 1912 eos,
2224 1862 2293 1921 quse

655 1947 691 1990 aa
705 1931 760 1988 illo
772 1923 1092 2002 reprehenderentur,
1102 1920 1277 1978 (lecturam.
1291 1916 1574 1977 llicannucnlibus
1586 1918 1730 1993 reliquis,
1744 1919 1786 1977 ita
1796 1920 1929 1977 Orosius
1942 1919 2102 1996 :reimm-
2113 1923 2187 1984 na‘ici
2196 1923 2294 1989 tiiril,

658 2009 758 2068 elicere
768 2025 797 2064 se
808 2003 958 2063 bominem
967 1998 1340 2074 posseessesincpeccoto,
1351 2004 1377 2053 et
1386 1994 1531 2053 mandore
1545 1995 1873 2132 Dep‘pbcilecuslodira
1884 1999 1911 2058 si
1919 1998 2002 2056 eeiit.
2012 1999 2056 2056 ‚ld
2067 2018 2137 2075 quor
2148 2001 2293 2078 Pelagius

660 2085 817 2145 universis
829 2081 1032 2141 audientibus
1044 2075 1207 2152 respondit
1218 2094 1225 2131 ε
1238 2074 1309 2133 iloc
1319 2083 1347 2133 el
1358 2073 1476 2133 elisisse
1485 2091 1539 2138 me,
1550 2081 1576 2131 et
1611 2073 1700 2139 icere,
1713 2091 1824 2149 nepare
1835 2078 2138 2152 peloponensium
2148 2080 2293 2138 Orosius:

662 2164 773 2224 Hocin
790 2159 938 2222 celestio,
954 2156 1068 2232 inquit,
1079 2152 1373 2232 :lsrdcanaspnodns
1392 2152 1538 2210 cielestota
1553 2160 1594 2210 est
1608 2171 1618 2210 :
1630 2152 1688 2212 doc
1699 2153 1892 2228 Artpustinns
1903 2154 2066 2232 episcopas
2076 2157 2204 2233 scriptis
2218 2160 2294 2222 sais.

658 2242 739 2303 sicul
751 2238 893 2302 areclislis.
903 2234 1080 2299 caltorrnin
1091 2233 1148 2291 boc
1159 2234 1192 2292 in
1202 2232 1298 2308 ipsius
1308 2230 1517 2306 rrrtncPciapir'
1525 2231 1653 2307 scriptis
1665 2250 1721 2289 saa
1733 2232 1934 2309 responsione
1943 2234 2122 2292 condemnat
2134 2235 2185 2310 (Id
2192 2246 2246 2300 cst,
2257 2235 2295 2296 li·

658 2321 715 2382 ltro
729 2320 764 2378 dc
777 2317 902 2378 Naana
916 2322 943 2373 ei
956 2312 1080 2389 Gratia)
1093 2332 1103 2370 .·
1115 2310 1172 2370 boc
1186 2319 1213 2369 et
1227 2309 1331 2369 beatus
1345 2309 1566 2385 [lieronymus.
1585 2307 1673 2387 crtjru
1688 2311 1790 2386 eloqui
1795 2330 1843 2368 nm
1858 2311 2021 2369 tuncorsos
2039 2310 2200 2379 Occidens,
2215 2316 2294 2374 sicut

660 2418 714 2460 ros
729 2399 762 2458 in
776 2397 883 2460 celius,
894 2400 1054 2471 exspectat
1066 2389 1174 2466 (anniti
1183 2389 1261 2448 enim
1268 2388 1333 2466 Jarn
1345 2386 1481 2446 haretici
1491 2405 1558 2445 cunr
1571 2386 1766 2464 eloquentibus
1780 2389 1845 2448 suis
1859 2388 1927 2466 ipso
1939 2399 2139 2467 oppugnante
2155 2390 2295 2468 supplosi

658 2479 761 2555 seint),
777 2476 811 2535 in
825 2472 957 2551 epistola
970 2489 1038 2535 sera,
1058 2487 1148 2547 qaam
1162 2483 1262 2545 nuper
1276 2465 1316 2525 ad
1329 2464 1553 2542 Ctesiphontem
1573 2465 1681 2536 edidit,
1704 2465 1940 2532 condulmerii:
1955 2468 2099 2527 sinriiiter
2118 2480 2144 2526 el
2165 2472 2195 2530 ln
2214 2468 2293 2530 libro

678 2574 745 2616 neue
757 2571 840 2614 nnnc
856 2547 976 2615 scribit,
993 2548 1107 2608 coliata
1124 2547 1159 2605 in
1174 2545 1296 2604 nrodrun
1318 2543 1437 2619 diedopi
1453 2543 1655 2603 altercatione
1679 2545 1832 2621 constitet.
1850 2544 1991 2604 locmnes
2013 2562 2089 2604 vero
2104 2550 2237 2608 alaribus
2256 2546 2294 2608 ad

591 2673 600 2682 -
656 2575 844 2695 iecomnia
860 2627 1028 2695 obturatis,
1045 2627 1117 2684 illos
1132 2623 1283 2682 inducere
1296 2623 1485 2683 conabatur.
1503 2622 1548 2679 nti
1563 2622 1646 2695 apud
1664 2640 1697 2680 se
1720 2622 1858 2699 inclinem
1883 2627 2036 2698 tanquam
2050 2624 2295 2704 ierosolymita-

657 2730 737 2770 num
748 2709 934 2773 antistitem,
946 2704 1117 2764 accusandi
1132 2700 1248 2777 Pelagii
1265 2700 1423 2758 actionem
1440 2698 1500 2774 ipsi
1515 2700 1725 2774 susciperent.
1736 2699 1793 2758 Cui
1806 2699 1921 2776 saepius
1934 2701 1975 2759 ab
1989 2703 2148 2763 uniuersis
2164 2722 2295 2780 respon·

658 2808 730 2851 sum
748 2809 756 2848 ε
773 2787 840 2848 ilios
854 2789 1048 2844 accusatores
1061 2780 1152 2858 bajas
1167 2796 1232 2837 non
1246 2796 1368 2840 stemus:
1382 2776 1435 2835 sed
1448 2777 1522 2853 ‹prrid
1536 2778 1650 2854 [castres
1666 2779 1723 2845 tui,
1738 2787 1843 2854 patres
1857 2778 1969 2845 nostri,
1986 2782 2134 2839 senserint
2147 2792 2174 2840 el
2188 2782 2294 2841 decre·

658 2868 759 2929 verint
774 2863 934 2942 superbae
949 2860 1168 2937 temesaqnom
1186 2874 1269 2915 nrrnc
1294 2856 1392 2916 iaicas
1416 2855 1511 2931 eulpa
1539 2855 1702 2931 predicat,
1727 2856 1924 2923 iutiramnns,·
1952 2875 1990 2915 ue
2015 2857 2188 2919 Ecclesiam
2211 2868 2294 2920 tuam

657 2946 839 3027 prasertim,
857 2941 897 3000 ad
913 2938 1001 3017 crcjrts
1016 2937 1117 2997 sinum
1134 2934 1377 2998 convolavimus,
1397 2942 1426 2991 te
1439 2933 1606 3010 ipaornnle
1622 2932 1795 2993 eornurbet.
1818 2935 1958 2994 loannes
1976 2935 2113 3007 inlerea,
2134 2945 2167 2997 ul
2183 2956 2237 2997 cos
2254 2937 2293 2999 ad

659 3024 814 3105 agendam
830 3017 1027 3080 accusatoris
1044 3030 1212 3092 personam
1230 3014 1403 3087 pelliceret,
1417 3012 1538 3071 instare
1556 3014 1719 3089 pergebat,
1731 3011 1864 3072 docendi
1880 3012 2086 3075 simulatione
2098 3017 2295 3077 rarioratio-

659 3104 743 3162 cinia
757 3103 788 3159 in
802 3099 940 3158 medium
956 3093 1132 3172 profereus,
1149 3093 1180 3151 iu
1198 3093 1314 3167 qnilms
1332 3091 1478 3166 quadam
1490 3107 1573 3160 cssc,
1591 3108 1663 3167 qam
1677 3092 1717 3151 ab
1734 3089 1873 3169 Origene
1889 3098 2053 3152 mutuatus
2076 3103 2171 3165 esset,
2188 3098 2296 3155 anim·

659 3181 867 3242 advertebant
881 3176 1073 3249 complures.
1094 3174 1133 3230 llt
1148 3187 1247 3229 namn
1263 3171 1322 3228 boc
1339 3171 1380 3228 ab
1401 3169 1464 3228 illis
1489 3187 1679 3245 responsum
1705 3169 1776 3227 tulit
1792 3190 1800 3227 z
1819 3169 1887 3229 illos
1899 3170 1958 3248 filit
1973 3171 2123 3231 Ecclesia
2136 3173 2295 3234 caliloiice

658 3278 779 3324 snmus:
794 3274 859 3314 uon
874 3254 981 3328 eaipas
998 3250 1129 3315 unoiris,
1142 3250 1246 3311 Pater.
1262 3258 1296 3307 nl
1312 3248 1455 3306 doctores
1469 3265 1563 3325 saper
1575 3248 1718 3307 desereres
1735 3267 1796 3306 esse
1810 3247 1985 3316 prodeamus,
2000 3259 2053 3308 aret
2066 3250 2189 3328 judices
2203 3267 2294 3331 snper

657 3335 909 3418 indicesPatres
926 3349 1003 3409 qnos
1025 3331 1168 3389 arneersa
1192 3344 1250 3405 per
1272 3325 1374 3386 orbem
1402 3326 1547 3384 Ecclesia
1565 3325 1690 3404 probat,
1718 3343 1850 3404 pecorum
1873 3329 2082 3390 conmmnioni
2107 3348 2163 3388 nos
2187 3332 2290 3390 adine-

657 3434 725 3475 rere
742 3413 918 3493 pandemus,
933 3407 1123 3470 daretnabilr'o
1134 3407 1196 3466 bec
1214 3425 1275 3464 esse
1290 3405 1434 3484 doprrrnla
1457 3403 1657 3464 decreverant
1675 3424 1685 3464 .·
1706 3404 1773 3465 iliis
1792 3403 2001 3483 probantibus
2021 3425 2078 3468 uos
2100 3408 2221 3469 obedire
2239 3410 2291 3471 eli-

659 3512 753 3573 pnrnn
767 3501 820 3552 esi.

697 3592 846 3652 Pluribus
865 3586 970 3648 adbuc
983 3584 1149 3661 disputare
1165 3581 1381 3660 perseverarit
1395 3584 1559 3643 loannes:
1579 3582 1655 3659 quid
1673 3586 1779 3643 aulem
1796 3583 1988 3661 disputando
2004 3584 2133 3658 dixerit,
2157 3586 2292 3652 Orosius

585 3710 588 3715 .
660 3688 724 3732 non
740 3667 900 3746 exprimit.
919 3664 1053 3724 Volebat
1068 3680 1145 3722 saue
1160 3662 1303 3721 eltrudem
1317 3661 1479 3729 Orosinru,
1497 3664 1589 3738 quusi
1607 3664 1632 3722 is
1650 3668 1797 3723 rralnram
1813 3661 1952 3723 llorrriuis
1971 3665 2088 3725 malam
2104 3675 2200 3744 atque
2218 3689 2291 3746 pcc-

659 3749 750 3811 candi
767 3745 945 3807 necessitati
960 3743 1133 3802 obnoxiam
1150 3758 1168 3800 a
1186 3743 1249 3798 lleo
1263 3741 1420 3798 conditum
1431 3756 1501 3798 csse
1513 3742 1640 3810 ausen,
1657 3761 1676 3818 p
1689 3747 1883 3820 astringere.
1900 3743 1984 3802 idern
1996 3744 2047 3804 ille
2060 3765 2135 3805 vero
2148 3750 2292 3818 aldistcs,

658 3828 735 3905 quid
759 3843 867 3886 eoram
883 3841 917 3883 se
941 3820 1263 3898 inierosolymitauo
1288 3825 1449 3877 conventu
1473 3834 1536 3876 nou
1563 3820 1683 3895 pridem
1707 3827 1791 3878 essct
1817 3826 1935 3889 aeterno,
1961 3830 2092 3900 rogatus
2118 3825 2148 3885 in
2172 3829 2293 3905 synodo

658 3906 891 3983 Diospolitana,
907 3901 1014 3960 retulit
1031 3900 1113 3958 int··r
1129 3901 1203 3961 alia,
1226 3898 1388 3974 Peleginrn
1413 3896 1529 3955 acriter
1547 3897 1704 3957 traceseos
1727 3915 1764 3957 ea
1789 3898 1827 3956 de
1851 3917 1949 3959 cansa
1974 3903 2180 3978 postulatum,
2207 3907 2291 3982 qamt

658 3986 778 4045 diceret
791 3981 939 4062 quoniam
949 3989 1051 4056 polest
1066 3977 1165 4040 iterare,
1183 3977 1209 4035 si
1223 3976 1369 4040 onirocrit,
1387 3993 1447 4033 csse
1464 3974 1675 4054 siucpeccalo.
1693 3977 1738 4034 El
1754 3975 1791 4035 ae
1807 3975 1876 4042 ltoc,
1892 3977 2007 4054 inquit,
2025 3981 2292 4059 interrogantibus

659 4063 749 4124 ηοω,
764 4080 840 4126 eafa,
857 4057 1018 4136 respondit
1033 4078 1043 4115 .·
1059 4056 1134 4116 d'on
1149 4056 1220 4117 aiei
1231 4055 1377 4133 ipsaniam
1389 4053 1502 4130 recepit
1517 4065 1632 4112 uentura
1646 4054 1779 4114 itominis
1792 4064 1826 4113 at
1839 4056 2044 4134 inpeccabilis
2060 4060 2099 4119 sit
2114 4081 2123 4126 ‚·
2144 4063 2195 4121 sed
2210 4063 2291 4129 (liri,

659 4143 806 4220 quoniam
818 4139 872 4218 qni
886 4138 1017 4197 noluerit
1030 4153 1090 4213 pro
1108 4135 1240 4211 propria
1261 4134 1358 4191 satan
1376 4131 1518 4191 laborare
1539 4141 1565 4191 et
1581 4133 1760 4209 aporriznre.
1783 4142 1817 4193 at
1837 4153 1901 4193 reon
1917 4146 2030 4212 peccel,
2057 4148 2084 4197 er
2107 4141 2238 4200 ‹rurbniet
2258 4143 2291 4202 in

658 4219 820 4301 preceptis
830 4217 899 4282 Dei,
913 4214 1021 4275 lraberc
1034 4232 1100 4273 errae
1114 4214 1192 4271 leone
1204 4210 1443 4289 possibilitatem
1464 4230 1481 4268 a
1507 4212 1579 4269 Deo.
1599 4214 1805 4288 Prosequitur
1824 4214 1965 4273 loannes
1981 4237 1987 4274 :
2007 4218 2095 4276 'l'nuc
2110 4219 2291 4296 quilrasrlmn

659 4295 896 4359 scesruranliiras
911 4303 939 4352 et
950 4290 1132 4356 dicentibus.
1145 4290 1228 4369 qirod
1239 4292 1303 4350 sinc
1320 4290 1375 4348 ilci
1389 4289 1493 4367 pratea
1505 4289 1619 4348 diceret
1635 4291 1780 4369 Priapios
1789 4310 1879 4369 posse
1893 4292 2043 4355 learninem
2052 4299 2173 4375 perlici,
2188 4300 2216 4357 id
2231 4307 2292 4368 est,

661 4397 722 4437 esse
760 4395 823 4437 osse
839 4373 990 4433 nerninem
1001 4372 1067 4430 sine
1079 4378 1206 4448 peccalo
1215 4390 1224 4435 ,·
1242 4369 1383 4446 scalpens,
1403 4367 1519 4443 inquil,
1536 4386 1629 4446 seqrer
1650 4369 1707 4428 boc
1734 4371 1824 4430 etiarn
1850 4371 1955 4437 inlati,
1981 4376 2054 4451 prtia
2078 4384 2105 4432 ct
2131 4377 2294 4455 aposlolus

660 4396 780 4517 Pauiies
796 4454 927 4513 rrrnitron
940 4449 1096 4514 laborans,
1114 4447 1165 4507 sed
1179 4465 1243 4506 non
1256 4446 1423 4505 sectantium
1440 4465 1523 4505 scetem
1536 4449 1692 4514 virtutem,
1710 4449 1761 4506 sed
1779 4450 1944 4508 scrinulum
1963 4453 2096 4526 pralium
2116 4455 2182 4519 liri.
2197 4457 2292 4522 diali.

662 4558 676 4588 u
695 4535 834 4611 Arnplius
845 4528 985 4588 ornantibus
999 4529 1063 4586 iliis
1078 4526 1233 4589 laborm-t:
1245 4545 1308 4583 non
1325 4535 1424 4583 aretem
1441 4542 1506 4603 epo,
1522 4526 1573 4584 seli
1588 4527 1690 4602 pratia
1708 4527 1764 4586 ilci
1777 4547 1890 4586 mecmn
1905 4553 1918 4582 n
1936 4529 1959 4606 (l
1974 4532 1997 4590 C
2003 4548 2048 4589 or.
2067 4550 2120 4599 ur,
2142 4534 2203 4610 ld),
2220 4542 2293 4604 eta,

660 4622 689 4672 ep
703 4614 767 4672 plia
779 4613 875 4672 ,serilla
884 4607 999 4668 siruilin
1010 4606 1157 4670 (liniatus,
1169 4605 1282 4681 inquit,
1296 4604 1516 4680 descriptoris
1528 4605 1642 4663 sarntis
1654 4605 1769 4684 (Infra
1787 4606 1822 4664 dc
1835 4605 1860 4665 G
1865 4609 1936 4667 estis
1949 4608 2079 4685 Pelagii,
2098 4629 2127 4668 n.
2139 4611 2202 4685 ὃί).
2215 4612 2293 4672 Citra

661 4697 768 4752 autem
784 4690 822 4749 ils
838 4704 909 4764 cquae
924 4703 941 4746 a
959 4686 1082 4744 ioarrrne
1096 4683 1294 4750 dicebantur,
1313 4682 1453 4741 inolidum
1468 4683 1527 4740 sibi
1544 4683 1741 4742 salislactnm
1755 4703 1826 4744 esse
1837 4688 2049 4764 obstrependo
2063 4690 2294 4766 significarent,

661 4775 727 4830 pm,
740 4769 885 4848 pelagius
903 4785 910 4824 :
930 4765 972 4823 Et
987 4782 1052 4840 epo,
1069 4765 1124 4830 all,
1138 4762 1183 4821 sic
1194 4761 1284 4820 credo
1299 4781 1308 4819 .·
1324 4760 1486 4819 ‹retolleerua
1499 4761 1550 4823 sit.
1567 4761 1710 4839 (pudicit
1726 4761 1835 4841 absque
1850 4765 2009 4843 acijnlorio
2029 4769 2085 4826 ilei
2101 4771 2295 4846 possedoni-

660 4868 726 4908 nan
737 4848 777 4909 ad
788 4849 961 4927 profectum-
976 4844 1112 4901 orrereinrn
1123 4841 1227 4899 ecrrire
1242 4841 1402 4898 rirlntam.
1415 4840 1565 4918 Agnoscit
1580 4843 1710 4916 ipsemet
1724 4843 1869 4911 Orosius,
1887 4845 2046 4923 Pelagium
2057 4848 2188 4915 elisisse,
2202 4850 2296 4908 Posse

660 4925 808 4987 pompam„
825 4943 886 4984 me
898 4925 963 4981 eine
975 4932 1112 4998 peccalo,
1128 4936 1192 4979 nou
1206 4919 1270 4977 sias
1284 4918 1445 4997 ‹aljittorto
1462 4918 1529 4978 Dei.
1546 4919 1621 4978 lndc
1636 4920 1843 4998 subjunxisse
1860 4924 2058 4999 episcopum,
2073 4926 2109 4985 Si
2123 4927 2189 4984 sine
2203 4927 2295 5004 crebre·

661 5007 745 5066 torio
763 5005 817 5064 Pei
835 5004 891 5061 lroc
905 5001 1055 5060 bominem
1068 5017 1156 5076 porse
1174 4998 1297 5063 diceret,
1313 4997 1478 5074 pessimum
1495 5005 1521 5056 el
1541 4996 1800 5057 darnuabileerat.
1821 5001 1963 5076 Cariaque
1985 5002 2100 5061 debinc
2114 5005 2294 5064 sciscitatus

661 5081 771 5143 luisset
786 5081 937 5157 (residuam
953 5084 1103 5153 [recelleret
1120 5077 1245 5152 Pelagio
1260 5077 1468 5153 ‹rlrjeelnrent.
1479 5091 1561 5134 altre
1576 5077 1629 5135 bei
1645 5077 1964 5152 negarenlannilinm
1977 5099 1984 5146 ;
1999 5098 2034 5138 se
2045 5080 2193 5138 Ortlsiuru
2209 5083 2295 5140 illico

660 5160 877 5236 respomlisse,
892 5155 1057 5218 asteleburna
1069 5155 1096 5213 ci
1106 5155 1160 5233 qai
1175 5164 1265 5228 nepot
1277 5152 1469 5231 <arbitrarium
1488 5154 1565 5213 Pei:
1585 5172 1636 5231 0po
1653 5164 1733 5213 certe
1746 5171 1808 5214 reon
1827 5172 1922 5232 nepo:
1930 5158 2087 5235 praecipue
2100 5177 2166 5217 curn
2183 5177 2198 5218 e
2214 5179 2295 5219 corr-

661 5239 761 5300 trario
781 5238 812 5299 in
827 5236 983 5296 irccretieos
998 5233 1184 5310 coropalarim
1198 5232 1315 5309 (lrrsro.
1330 5231 1472 5309 append.
1483 5241 1574 5310 porte
1589 5232 1631 5308 2).

700 5339 835 5401 Orosius
852 5337 949 5396 lertine
965 5335 1168 5411 loquebatur,
1184 5350 1284 5411 graece
1302 5333 1456 5405 ioannes,
1470 5333 1516 5392 sic
1530 5337 1564 5391 ul
1580 5333 1692 5392 neuter
1708 5339 1857 5393 neulrum
1873 5332 2074 5410 inlelligerel,
2089 5337 2142 5396 sed
2159 5343 2295 5417 uterque

665 5438 747 5498 opus
762 5420 891 5478 baberet
908 5414 1101 5490 interpretis.
1124 5416 1221 5473 Porro
1239 5412 1294 5484 qui
1312 5412 1408 5470 hasce
1422 5420 1527 5487 partes
1545 5411 1709 5470 obeumlas
1730 5416 1927 5487 susceperat,
1950 5412 2046 5471 boum
2068 5415 2184 5474 Orodo
2204 5419 2296 5479 inco-

663 5501 784 5578 gnitus,
805 5509 1009 5571 mqtmqnam
1022 5490 1160 5550 oldclnm
1179 5492 1330 5567 inmlebat
1346 5508 1452 5548 snuur.
1474 5489 1641 5547 lininnero
1657 5491 1807 5552 alinalio,
1824 5507 1921 5565 cqlnmr
1943 5492 2024 5551 clieta
2044 5495 2179 5561 l'uerunt,
2198 5516 2292 5558 seusu

661 5577 828 5645 retldclrat3
845 5575 908 5632 ulia
921 5571 992 5630 aliis
1004 5570 1093 5629 dictis
1112 5572 1265 5640 armabat,
1277 5569 1413 5644 ‹lcrrnqne
1425 5567 1578 5626 nonrmlla
1591 5568 1755 5627 orrrittelml
1770 5589 1777 5626 ε
1792 5575 1888 5641 atique
1901 5570 1942 5627 ila
1954 5575 2180 5648 respunsimms
2190 5575 2293 5636 Orosii

662 5655 1009 5734 plerasqneomnesaut
1019 5647 1547 5725 eorrnmpebcdautsupprimebal:
1557 5663 1619 5721 qua
1632 5651 1735 5705 ltlnlcu
1746 5649 1775 5706 in
1784 5665 1817 5706 re
1828 5647 2044 5725 preritleuuepls
2053 5653 2295 5730 inlargistlrosins

660 5735 934 5809 aes-uternensem
946 5727 1048 5786 sellem.
1061 5727 1147 5787 lllins
1159 5736 1265 5786 autem
1281 5726 1502 5785 frustrationes
1519 5724 1679 5784 Passerius
1692 5731 1720 5783 et
1736 5725 1846 5785 :tritus
1863 5729 2052 5806 presbyteri,
2064 5750 2186 5790 aeermn
2197 5733 2297 5792 llorni·

663 5832 723 5872 nus
732 5831 769 5873 es
778 5812 856 5871 liure
871 5807 1176 5868 animadvertebant.
1189 5808 1470 5881 Quaproptercum
1481 5803 1722 5879 interpretetam
1733 5823 1844 5880 parum
1855 5808 2034 5870 ccnrunodo.
2046 5818 2173 5886 trinaque
2182 5830 2296 5888 partlm

662 5908 755 5968 aequo
768 5891 872 5968 judice
883 5887 927 5947 uti
943 5903 977 5945 sc
991 5885 1181 5963 intelligeret
1192 5883 1339 5952 Orosius,
1356 5882 1462 5958 palam
1477 5882 1639 5958 protessus
1656 5890 1714 5947 est,
1731 5882 1866 5941 latinam
1882 5903 1952 5945 esse
1969 5887 2163 5952 irenreticum.
2185 5907 2220 5949 se
2243 5891 2295 5950 iti-

661 5971 731 6032 dem
748 5969 892 6033 latinum,
908 5963 1052 6025 baeresim
1067 5963 1203 6039 denique
1218 5963 1324 6022 latinis
1341 5961 1485 6038 partibus
1498 5961 1597 6038 rrlrrgis
1612 5968 1719 6020 erolum
1734 5962 1875 6037 ejusdem
1891 5964 2177 6042 linguaejudicibus
2193 5986 2294 6028 reser-

663 6049 798 6109 vandam
814 6066 821 6103 τ
837 6047 992 6105 icaunam
1009 6042 1114 6102 minus
1140 6043 1288 6102 idoneum
1309 6039 1447 6118 iadicem
1474 6039 1584 6107 rideri,
1607 6040 1691 6115 (quod
1717 6059 1788 6101 curn
1808 6049 2027 6102 accusatorem
2050 6052 2160 6119 ageret
2189 6065 2294 6113 rrerno,

662 6128 795 6205 ipsemet
809 6142 879 6184 sese
894 6123 931 6181 ad
949 6121 1156 6199 judicandum
1175 6122 1342 6197 ingereret.
1359 6117 1475 6178 Oresio
1491 6116 1655 6194 suffragati
1673 6122 1853 6196 eonrplures
1875 6121 1973 6181 iibere
1994 6126 2099 6181 testati
2124 6132 2209 6186 sunt.
2232 6143 2295 6183 nrm

662 6222 756 6298 posse
770 6202 915 6264 eumdem
931 6206 959 6259 el
972 6201 1163 6261 advocatum
1176 6216 1245 6259 esse
1260 6206 1291 6258 et
1300 6195 1451 6275 judicem.
1473 6197 1580 6256 llultis
1595 6197 1722 6256 eternum
1740 6206 1812 6259 utro
1825 6201 1969 6275 citroque
1986 6202 2137 6271 actitatis,
2154 6203 2296 6262 loanrrcs

663 6303 730 6363 epse
744 6280 976 6362 pronuntiarit,
987 6279 1144 6357 quosdam
1157 6278 1196 6339 ad
1210 6275 1431 6339 lnnocennum
1446 6277 1624 6337 doruauum
1638 6278 1817 6354 porrtilrcem
1831 6296 1902 6339 curn
1919 6277 2063 6355 epistolis
2074 6279 2296 6345 «testinantes.

662 6369 695 6421 nl
713 6358 870 6439 quidquid
891 6356 945 6418 ille
962 6357 1157 6429 decerneret,
1174 6357 1317 6421 urrircrsi
1331 6352 1489 6441 iudicium
1516 6354 1585 6436 elus
1606 6362 1842 6434 sequerentur:
1859 6356 1974 6418 debere
1992 6358 2119 6420 interim
2139 6359 2299 6449 Pelagium

641 6438 819 6495 sr'lorniarn
833 6437 904 6496 sibi
913 6436 1104 6514 Impositum
1116 6438 1303 6509 obsecrare,
1320 6434 1521 6501 adversarias
1537 6443 1643 6497 sunem
1657 6438 1696 6497 ab
1713 6434 1919 6497 insultatione
1932 6435 2001 6514 ejus
2017 6454 2075 6499 eeu
2088 6438 2222 6499 corrricb
2232 6438 2298 6515 jam
