5592 7350
507 1024 576 1073 nem,
589 1014 679 1078 potest
694 1004 788 1059 rideri.
801 1003 865 1058 Nam
880 1017 971 1058 earum
983 1001 1108 1072 quandam
1125 1016 1186 1055 suas
1200 1002 1305 1071 negarit

506 1113 573 1162 usse,
595 1097 691 1153 dicens
714 1094 909 1159 tantummodo,
927 1112 936 1144 ι
953 1107 1001 1162 pro
1024 1091 1063 1146 cis
1082 1106 1135 1145 nou
1157 1107 1186 1147 se
1207 1089 1306 1147 debere

508 1188 745 1244 satisfactionem:
771 1182 1022 1240 ›arratltematizare
1045 1191 1134 1237 autem
1161 1184 1187 1237 in
1212 1182 1305 1237 eadem

507 1278 625 1335 turtula
638 1277 735 1343 uelauit,
745 1292 804 1347 qtae
819 1276 966 1330 istasunt:
980 1272 1084 1328 elidam
1096 1272 1235 1327 mortalem
1246 1286 1306 1329 esse

508 1371 616 1436 laetum,
637 1369 684 1439 qui
706 1367 763 1423 sire
785 1374 919 1436 peccaret,
938 1365 995 1420 sire
1013 1379 1066 1418 uon
1085 1372 1219 1434 peccaret,
1234 1369 1307 1418 esset

507 1460 666 1516 moriturus.
678 1457 754 1525 Quod
769 1465 905 1527 peccatum
918 1453 984 1510 Adae
999 1454 1084 1509 solum
1101 1454 1188 1524 ipsum
1205 1468 1304 1509 nocue·

508 1555 538 1609 ιιι
555 1560 586 1608 et
607 1566 663 1606 non
681 1564 766 1621 genus
786 1547 942 1603 bumauum.
955 1545 1031 1614 erud
1051 1546 1094 1602 lex
1113 1546 1153 1601 sic
1171 1546 1257 1601 mittat
1271 1544 1305 1600 ad

508 1662 617 1718 rugum
643 1646 795 1710 emiorum,
816 1640 1042 1714 quaemadmodum
1068 1649 1096 1695 et
1118 1639 1303 1709 Euatrsgelium.

508 1737 580 1808 οιιοιι
596 1736 713 1793 irrlames
725 1749 811 1805 suuper
823 1734 876 1788 nati
892 1734 917 1787 in
932 1732 978 1787 illo
992 1739 1064 1786 statu
1078 1732 1141 1792 sint,
1153 1730 1179 1784 in
1194 1745 1247 1800 qno
1258 1728 1306 1785 luit

509 1828 593 1883 Adam
614 1836 677 1883 astte
699 1824 958 1898 praevaricationem.
973 1821 1049 1890 Quod
1063 1836 1151 1892 aequae
1168 1837 1215 1890 per
1231 1836 1305 1876 mor-

509 1932 558 1977 tem
573 1920 616 1975 rel
630 1917 878 1990 prevaricationem
887 1914 954 1969 Adae
967 1928 1047 1969 omne
1060 1928 1146 1984 genus
1158 1911 1304 1966 bumanum

508 2012 648 2074 moriatur,
660 2024 747 2080 neque
759 2023 808 2080 per
822 2006 1044 2063 resurrectionem
1057 2003 1154 2059 Cbristi
1165 2019 1245 2059 ornae
1259 2019 1306 2074 ge·

509 2120 557 2161 aus
571 2103 720 2159 hamanum
740 2109 871 2171 resurgat.
885 2099 1014 2167 letantes,
1033 2098 1136 2154 etiarnsi
1152 2113 1204 2151 nou
1220 2096 1306 2165 bapti-

506 2203 611 2261 tantur,
634 2194 733 2249 babere
752 2192 834 2247 sitam
857 2200 1004 2246 aeternam·
1018 2188 1120 2243 Diuites
1142 2186 1302 2257 baptizatos,

507 2288 558 2344 rusi
570 2284 698 2341 omnibus
710 2281 968 2345 abrenuntiaverint,
983 2278 1082 2349 siquid
1102 2278 1164 2333 boni
1182 2276 1305 2331 sidentur

505 2376 608 2443 iacere,
625 2390 680 2431 nort
699 2373 752 2429 illis
772 2370 906 2443 reputari,
921 2384 1008 2440 neque
1023 2368 1161 2423 babituros
1181 2367 1242 2422 illos
1261 2380 1305 2421 re·

505 2484 589 2542 guum
608 2466 740 2523 coelorom
758 2484 768 2518 ι
784 2462 836 2535 (a).
849 2462 890 2517 Ad
906 2462 955 2516 ista
970 2459 1068 2531 quippe
1083 2459 1109 2512 in
1125 2456 1245 2513 ebartula
1260 2456 1304 2511 illa

505 2563 543 2618 ita
556 2558 716 2631 reposuit:
731 2575 741 2609 ι
755 2556 818 2611 llaec
829 2554 919 2609 omnia
933 2551 1077 2608 secundum
1093 2537 1211 2619 ipsorum
1228 2547 1303 2603 testi-

507 2656 629 2711 monium
644 2669 659 2708 a
674 2666 719 2708 me
732 2650 803 2706 dicta
818 2665 871 2704 non
892 2655 964 2712 sunt,
979 2660 1028 2701 nce
1040 2659 1089 2715 pro
1103 2644 1143 2700 eis
1155 2642 1240 2699 debeo
1259 2655 1304 2696 sa-

507 2745 700 2802 tislactiorrem.
717 2760 727 2795 ι
742 2739 772 2796 ιιι
784 2741 866 2813 gestis
880 2745 969 2792 autem
983 2736 1016 2790 ad
1031 2733 1125 2790 eadem
1141 2735 1196 2803 ipsa
1212 2736 1247 2787 ita
1261 2731 1303 2786 lo·

507 2846 588 2893 eunt
606 2843 667 2891 est:
684 2852 695 2886 ι
712 2830 864 2889 wiredum
889 2830 1008 2898 ipsorum
1033 2826 1213 2882 testimonium
1230 2840 1244 2878 a
1259 2840 1304 2881 me

507 2929 580 2984 dicta
594 2942 648 2982 noa
662 2932 735 2990 suat,
746 2940 795 2996 pro
805 2923 961 2995 quibusego
975 2919 1128 2975 satisfacere
1139 2933 1191 2974 non
1203 2917 1302 2983 debeo;

506 3021 556 3078 ted
574 3028 665 3075 tamen
682 3017 715 3074 ad
733 3017 940 3074 nstisiaetionenr
961 3023 1059 3069 sanetae
1073 3011 1174 3084 synodi
1193 3011 1305 3066 anathe-

506 3111 609 3167 matizo
622 3125 671 3166 eos
684 3110 728 3181 qui
742 3110 781 3165 sic
796 3116 899 3172 teuent,
913 3116 958 3161 aut
972 3105 1113 3177 aliquando
1123 3113 1275 3159 tenuerunt.
1291 3123 1300 3157 ι

505 3204 635 3275 Curergo
644 3218 698 3256 nou
712 3202 748 3256 ita
761 3210 788 3256 et
800 3200 827 3255 in
843 3200 887 3255 illa
901 3197 1021 3254 cbartula
1034 3197 1161 3268 scriptum
1175 3196 1235 3252 esti
1245 3196 1303 3252 Non

506 3295 633 3360 maritum,
651 3303 680 3348 ιιι
699 3293 805 3362 opinor,
825 3290 984 3355 atramenti,
1003 3304 1053 3345 nee
1074 3288 1232 3351 litterarum,
1254 3302 1305 3343 nec

507 3401 601 3451 mora,
615 3399 665 3440 nec
676 3384 759 3454 ipsius
767 3383 905 3448 cbartulae,
915 3382 936 3435 si
949 3381 985 3435 ita
996 3380 1082 3447 deret,
1094 3378 1303 3449 impenderetur.

506 3476 693 3547 Mquisnon
704 3474 797 3530 credat
810 3474 835 3528 id
849 3472 930 3527 luime
941 3480 1124 3542 procuratum,
1139 3477 1168 3523 ιιι
1180 3478 1304 3538 tanquam

508 3584 558 3638 pro
572 3578 710 3638 gestorum
726 3566 831 3621 illorum
844 3563 1019 3629 breviatione,
1038 3563 1086 3617 ista
1103 3560 1195 3616 charta
1211 3575 1306 3629 usque·

510 3675 614 3731 quaque
624 3658 788 3715 discurreret
799 3656 827 3709 ¹?
839 3656 882 3712 ubi
897 3663 1043 3725 putaretne,
1055 3668 1110 3708 non
1119 3665 1179 3708 esse
1192 3650 1305 3706 ablatam

511 3754 655 3824 genualibet
669 3767 761 3808 earum
775 3751 971 3819 ‚sententiarum
986 3747 1146 3804 defendendi
1160 3745 1305 3811 licentiam,

512 3845 579 3913 qurrd
594 3846 619 3899 ei
636 3841 822 3898 tantummodo
836 3841 962 3911 objectae,
976 3855 1024 3893 uec
1037 3839 1095 3908 ejus
1109 3838 1225 3907 probatae
1240 3835 1307 3889 luis·

513 3948 580 4000 seut,
596 3951 650 3989 non
667 3944 754 3988 umen
768 3931 999 3986 anathematizatae
1011 3939 1090 4010 atque
1102 3927 1245 3982 dauumtc.

545 4029 591 4085 ts.
613 4029 712 4090 Postea
736 4027 816 4081 etiam
838 4024 872 4080 de
895 4024 963 4079 libro
982 4022 1099 4079 Coelestii
1122 4020 1235 4090 capitula
1258 4019 1308 4073 sibi

512 4121 616 4191 otijeen
630 4120 657 4174 in
671 4118 765 4174 eadem
775 4115 897 4172 chartula
911 4114 994 4169 multa
1005 4114 1137 4182 congessit
1149 4128 1157 4177 ;
1170 4126 1256 4180 tueque
1268 4111 1309 4165 bis

518 4212 666 4273 ietersallis
684 4226 744 4280 quas
765 4210 905 4264 continent
924 4216 1009 4276 testa,
1023 4205 1089 4260 duas
1110 4205 1308 4273 responsiones,

514 4305 609 4374 uatibus
630 4302 726 4358 cadem
748 4302 863 4371 capitula
886 4299 1137 4360 anathematizavit,
1160 4297 1206 4351 scd
1230 4311 1308 4348 umuu

515 4395 592 4450 simul
601 4393 729 4449 omatibus
739 4391 865 4447 subdidit.
875 4391 949 4458 Quod
961 4390 1049 4444 studio
1060 4387 1196 4442 breuitatis
1212 4385 1309 4440 lactum

517 4496 647 4556 putarem,
661 4486 711 4541 nisi
727 4485 868 4556 plurimum
886 4482 919 4537 ad
934 4482 959 4536 id
972 4481 1042 4551 quod
1058 4497 1106 4535 nos
1118 4488 1215 4544 nrovct,
1227 4462 1311 4532 iuter-

515 4595 573 4636 esse
593 4579 783 4650 perspicerem.
804 4576 842 4630 lta
863 4575 935 4630 cuim
953 4574 1048 4629 clausit
1070 4590 1077 4626 ι
1094 4590 1104 4626 ι
1127 4573 1223 4626 ltcrttm
1239 4569 1309 4635 dtus,

515 4671 640 4742 causariam
663 4671 715 4724 ista
738 4677 766 4724 et
787 4666 933 4722 secundum
953 4679 1045 4720 eorum
1063 4662 1241 4719 testimoninm
1257 4676 1309 4715 nou

515 4772 577 4817 snat
591 4776 663 4822 anea.
678 4774 728 4830 pro
741 4758 847 4829 quibus,
862 4768 889 4812 ut
902 4756 967 4818 dixi,
984 4754 1190 4810 satisfactionem
1205 4768 1256 4805 non
1268 4750 1312 4808 dc·

515 4854 583 4917 beo;
598 4868 659 4922 «pue
672 4860 762 4906 autem
779 4865 838 4904 mea
851 4864 911 4904 esse
923 4847 1062 4903 carriessus
1076 4860 1152 4910 surus,
1168 4845 1225 4899 bae
1240 4853 1312 4899 reete

516 4959 558 5000 ure
580 4944 672 4998 dicere
693 4941 800 4996 allinno
815 4959 822 4995 :
838 4956 897 5010 uptam
918 4948 1006 4993 autam
1024 4937 1079 4992 dixi
1100 4951 1157 4991 ntea
1172 4950 1224 4989 nou
1240 4949 1309 4999 esse,

515 5035 664 5091 secundum
687 5034 815 5105 judicium
837 5041 937 5086 sauata·
957 5030 1084 5085 Ecclesiae
1108 5027 1232 5097 reprobo,
1249 5040 1313 5078 aua-

515 5129 606 5185 tbema
617 5126 711 5182 dicens
720 5125 794 5180 ouini
806 5121 1013 5179 cururuueuieuti
1027 5129 1125 5176 sartcte
1137 5130 1164 5174 et
1174 5117 1314 5173 catholicae

515 5219 646 5276 temesis·
661 5217 809 5279 doctrinis;
822 5215 945 5270 similiter
961 5222 988 5268 et
1005 5213 1045 5267 bis
1059 5212 1104 5283 qui
1126 5211 1189 5265 laisa
1209 5209 1313 5280 bargen·

514 5322 566 5376 tes,
579 5312 659 5366 nmns
671 5308 831 5364 calumniam
847 5316 1058 5362 caruimus-erunt.
1074 5323 1083 5356 ι
1101 5304 1175 5358 lianc
1190 5303 1313 5358 ultimum

514 5418 625 5459 rersnm
639 5417 693 5457 non
709 5401 811 5456 babent
828 5408 919 5471 gesta,
940 5399 986 5454 sed
1009 5399 1073 5453 nibil
1088 5398 1120 5453 ad
1136 5413 1192 5453 rem
1212 5396 1246 5452 de
1262 5411 1314 5466 quta

514 5496 625 5551 solliciti
646 5508 707 5550 esse
727 5492 867 5548 debemus.
878 5493 937 5548 Sint
957 5493 1027 5547 enim
1045 5505 1155 5561 prorsus
1173 5490 1315 5545 anatliema

516 5594 544 5639 et
567 5584 596 5638 bi
619 5584 664 5653 uui
690 5582 756 5637 laisa
778 5583 919 5652 lingentes,
935 5582 975 5638 eis
988 5582 1147 5636 calumniam
1162 5595 1316 5636 commore-

517 5684 591 5729 rsmt.
607 5674 662 5731 Sed
675 5689 738 5730 cum
755 5678 869 5743 primum
890 5673 950 5742 legi,
969 5672 1056 5741 «Qum
1075 5681 1163 5727 autem
1183 5671 1236 5725 dixi
1256 5685 1315 5726 mea

517 5782 571 5822 ιιοιι
592 5780 665 5833 este,
686 5764 833 5821 secuudum
855 5764 983 5833 judicium
1006 5771 1105 5818 sancte
1126 5761 1252 5816 Ecclesiae
1270 5777 1316 5816 re·

518 5864 620 5934 probo:
631 5879 642 5915 r
655 5863 753 5917 laetum
768 5858 830 5914 illud
843 5875 902 5914 esse
911 5859 1038 5928 judicium
1049 5857 1171 5913 Ecclesia
1181 5856 1315 5918 nesciens,

517 5955 647 6026 alumniam
664 5953 708 6007 bic
721 5952 830 6007 tacitum
844 5960 895 6015 est,
908 5961 935 6005 ct
949 5959 1022 6020 gesta
1037 5965 1089 6004 ιιοιι
1106 5949 1237 6019 legeram.
1251 5946 1316 6002 nibil

519 6047 591 6103 alind
610 6045 776 6111 existimari,
795 6059 873 6114 qrmm
891 6059 951 6097 enm
970 6043 1050 6098 lusisse
1064 6041 1208 6112 pollicitum
1223 6038 1273 6094 boc
1288 6053 1318 6094 sc

549 6207 559 6238 ¹
572 6197 729 6255 rollscrti'nus
739 6208 792 6259 tte,
803 6207 920 6250 cmreret.

548 6281 589 6330 aas
604 6268 714 6315 theresia
725 6262 860 6327 tela-,gisna
877 6263 998 6326 praecipua
1012 6261 1124 6325 dogamta
1135 6262 1226 6324 repetit
1238 6269 1319 6323 bugu

519 6339 599 6383 ιιιιιιιι
610 6326 673 6376 itura
685 6340 709 6374 ιι.
722 6324 762 6376 st

1218 886 1316 942 Ltuuu
1334 886 1432 944 taus

2099 898 2153 957 b'il

1358 1001 1391 1055 de
1415 1001 1455 1055 bis
1476 1018 1615 1057 serrstrrum
1639 1021 1698 1060 esse
1721 1008 1857 1076 cuntulis,
1873 1012 1943 1080 qaum
1959 1006 2075 1067 Ecclesia
2094 1015 2149 1084 ιιιιιι

1358 1107 1410 1146 ιιοιι
1424 1095 1580 1161 jtrrlicasset,
1593 1097 1638 1150 seu
1653 1099 1812 1169 apatarrdoque
1823 1101 1968 1170 judicaret,
1983 1116 2007 1159 et
2022 1121 2053 1159 ea
2066 1121 2095 1161 se
2106 1124 2150 1161 re·

1358 1186 1541 1251 primumcum,
1557 1203 1616 1256 (μιν
1632 1189 1675 1243 illa
1687 1192 1741 1259 jam
1757 1206 1808 1246 non
1823 1194 1999 1263 reprobasset.
2011 1197 2058 1250 scd
2069 1213 2151 1266 utran-

1357 1275 1444 1346 dnque
1464 1279 1635 1347 reprobaret,
1651 1289 1680 1335 ut
1699 1281 1731 1335 ad
1754 1282 1803 1337 boc
1823 1285 1968 1353 pertineret
1987 1288 2066 1341 etiam
2080 1290 2151 1357 arrad

1357 1366 1494 1436 adjunxit,
1513 1388 1522 1420 ι
1538 1371 1678 1426 anatliema
1694 1371 1785 1427 dicens
1798 1375 1869 1428 omni
1879 1379 2093 1446 ¹coruramuieuti
2109 1382 2150 1433 rel

1357 1458 1547 1513 contradicenti
1570 1470 1669 1515 sanctae
1690 1462 1826 1518 catholicae
1840 1464 1966 1519 Ecclesiae
1980 1468 2118 1522 doctrinis.
2138 1488 2148 1523 s

1359 1547 1455 1603 Verum
1470 1557 1569 1618 autem,
1586 1559 1614 1605 ιιι
1627 1562 1701 1621 gesta
1721 1562 1861 1621 testantur,
1877 1556 1931 1625 jam
1951 1557 1984 1611 dc
2005 1557 2046 1612 bis
2060 1561 2148 1614 eccl-2·

1356 1637 1493 1693 siasticum
1506 1639 1634 1709 judicium
1648 1642 1683 1696 ab
1694 1642 1827 1715 episcopis
1838 1647 2037 1715 quattuordecim
2053 1650 2149 1705 iactum

1356 1740 1425 1793 erat,
1439 1732 1585 1786 secundum
1598 1734 1667 1803 qrrod
1679 1734 1808 1805 judicium
1822 1753 1852 1793 se
1864 1738 1930 1793 dixit
1945 1740 1993 1794 ista
2008 1743 2096 1795 omnia
2109 1760 2150 1797 re·

1357 1824 1480 1892 probare,
1496 1833 1523 1879 et
1536 1825 1678 1881 arratbema
1698 1828 1788 1885 dicere
1806 1830 1846 1884 bis
1861 1832 1906 1902 qui
1924 1833 1985 1887 talia
2000 1835 2149 1899 sentiendo,

1356 1923 1449 1968 contra
1460 1915 1588 1983 judicium
1602 1919 1722 1986 veniunt,
1734 1920 1803 1990 qrrod
1812 1920 1867 1989 jam
1879 1922 1976 1977 lactum
1987 1922 2068 1979 lusisse
2077 1935 2151 1996 gesta

1356 2005 1484 2060 indicant.
1498 2008 1557 2062 lam
1570 2012 1642 2063 enim
1653 2011 1776 2067 dixerant
1786 2014 1900 2084 judices,
1917 2034 1927 2067 ι
1942 2017 2009 2083 Quid
2024 2018 2058 2073 ad
2074 2019 2151 2085 bac,

1355 2115 1416 2169 qnae
1431 2101 1499 2155 lecta
1511 2113 1572 2156 sunt
1584 2104 1710 2173 capitula,
1724 2106 1788 2161 dicit
1799 2123 1917 2177 praeseus
1928 2111 2049 2182 Pelagius
2060 2127 2152 2166 nrorra·

1355 2191 1441 2246 cirus?
1455 2193 1515 2248 llaec
1535 2195 1605 2248 cuim
1626 2197 1753 2266 reprobat
1768 2208 1857 2253 saneta
1872 2200 2005 2272 synodus,
2020 2211 2046 2257 et
2059 2214 2151 2258 saneta

1356 2283 1403 2339 Dei
1419 2285 1551 2340 eatbolica
1574 2287 1706 2344 Ecclesia.
1726 2307 1736 2342 ι
1759 2290 1811 2345 Sed
1837 2290 1888 2346 boe
1910 2293 1954 2363 qui
1979 2294 2108 2358 nesciunt,
2125 2303 2153 2349 ct
2249 2358 2253 2365 ,

1356 2374 1435 2429 istam
1457 2377 1578 2433 ebartam
1602 2380 1704 2451 legunt,
1725 2389 1818 2450 putant
1839 2384 1936 2454 aliquid
1958 2386 2062 2440 illorum
2081 2387 2153 2441 licito

1355 2482 1435 2537 posse
1447 2469 1565 2536 delendi,
1582 2478 1707 2542 tartunam
1724 2490 1776 2528 ιιιιιι
1797 2474 1875 2530 iuuerit
1893 2476 2038 2547 judicatum
2058 2480 2152 2533 cattio-

1356 2558 1414 2613 licae
1434 2561 1597 2616 contrarium
1617 2579 1677 2618 esse
1690 2564 1828 2633 doctrina,
1847 2577 2022 2639 paratumque
2034 2586 2063 2624 se
2077 2570 2153 2625 Pela·

1358 2651 1418 2721 gius
1437 2652 1543 2718 dixerit,
1566 2654 1591 2707 id
1611 2654 1645 2709 de
1667 2656 1708 2710 ltis
1730 2656 1809 2712 rebus
1829 2673 1932 2727 sapere,
1950 2660 2020 2730 quod
2034 2660 2153 2715 Ecclesia

1359 2757 1412 2797 non
1424 2742 1562 2811 judicavit,
1576 2745 1623 2800 sed
1637 2745 1803 2815 judicaverit.
1815 2747 1872 2803 Non
1888 2749 1976 2820 itaque
1990 2751 2029 2806 sie
2047 2752 2155 2821 scripsit
2237 2805 2245 2819 ,

1358 2834 1385 2888 in
1401 2848 1442 2893 ca.
1458 2833 1492 2891 de
1506 2850 1557 2905 qua
1573 2851 1645 2891 nune
1659 2837 1762 2907 agimus
1777 2838 1907 2902 cbartula,
1923 2849 1952 2894 ut
1965 2851 2155 2911 agnosceretur

1358 2926 1429 2997 qurod
1442 2927 1521 2983 babet
1533 2930 1759 3010 gestorumjidcs,
1770 2933 1857 2985 omnia
1871 2932 1974 2988 scilicet
1988 2933 2032 2987 iila
2044 2932 2156 3003 dogma·

1357 3025 1391 3082 ta,
1405 3018 1502 3088 quibus
1516 3019 1610 3074 eadem
1625 3019 1736 3075 itaresis
1749 3023 1933 3091 proserpebat,
1948 3030 1975 3078 et
1987 3022 2155 3079 contentiosa

1356 3109 1561 3165 convalescebat
1572 3111 1693 3179 audacia,
1704 3113 1887 3168 ecclesiastico
1897 3112 1998 3183 judicio
2010 3112 2157 3181 praesiden-

1358 3200 1429 3253 tibus
1451 3201 1653 3270 qutatuordecim
1675 3203 1808 3272 episeopis
1831 3216 1891 3258 esse
1914 3202 2048 3258 damnata.
2070 3203 2155 3272 eram

1359 3304 1429 3355 rem,
1446 3290 1467 3343 si
1485 3299 1513 3344 ut
1525 3300 1576 3356 cst,
1592 3290 1759 3347 innotescere
1775 3292 1872 3358 timuit,
1884 3306 1912 3346 se
1928 3293 2015 3360 potius
2028 3293 2154 3362 corrigat,

1357 3395 1438 3448 getam
1456 3390 1554 3434 nostrae
1569 3381 1631 3435 licet
1652 3396 1720 3435 scra}
1735 3382 1877 3451 vigilantiae
1895 3383 2080 3452 qtralitutmqee
2094 3397 2157 3437 suc·

1359 3483 1479 3527 censeat.
1493 3472 1520 3527 Si
1544 3481 1633 3527 autem
1656 3473 1706 3527 boc
1720 3489 1781 3527 eum
1803 3475 1921 3530 timuisse
1942 3474 2038 3530 laisum
2061 3484 2112 3542 est,
2129 3486 2157 3532 et

1360 3564 1429 3617 sicut
1451 3563 1573 3617 leotariues
1594 3565 1770 3633 suspicamur,
1790 3566 1917 3635 ignoscat,
1932 3566 1995 3621 dom
2015 3576 2104 3623 mmen
2124 3583 2156 3623 ea

1361 3668 1421 3724 qum
1434 3654 1526 3723 gestis,
1542 3654 1637 3726 quilxns
1652 3656 1758 3710 ariditas
1771 3663 1821 3723 est,
1835 3656 2055 3714 anathematizata
2070 3668 2096 3716 et
2111 3676 2156 3715 re·

1362 3745 1474 3815 probata
1499 3756 1578 3809 sum,
1601 3746 1635 3801 de
1658 3757 1757 3802 eutero
1781 3756 1938 3818 oppugnct;
1962 3763 1997 3803 ne
2024 3750 2158 3819 parcendo

1360 3838 1424 3903 illis,
1449 3852 1500 3890 non
1524 3837 1609 3890 solum
1634 3837 1690 3891 brec
1713 3846 1789 3893 antea
1811 3838 1966 3906 credidisse,
1981 3839 2029 3894 sed
2045 3840 2158 3897 credere

1361 3930 1491 3982 rideatur.

1396 4020 1509 4076 tetrus
1528 4020 1648 4075 ιιιιιιι.
1661 4051 1695 4060 -
1708 4021 1752 4076 59.
1770 4021 1883 4077 Proinde
1899 4022 1977 4077 istum
1998 4024 2113 4089 librum,
2129 4026 2157 4079 iu

1362 4113 1502 4179 tetragami
1520 4123 1545 4166 et
1566 4113 1658 4182 grandi
1679 4128 1757 4168 caussa
1774 4129 1825 4167 ιιιιιι
1841 4112 1939 4168 irrrstra
1960 4115 2073 4171 [curtasse
2092 4130 2157 4187 pro·

1362 4202 1454 4267 lixum,
1471 4203 1505 4255 ob
1519 4203 1569 4257 boc
1585 4203 1616 4255 ad
1633 4212 1704 4256 tuam
1721 4202 1924 4258 Verterationem
1939 4205 2060 4261 seribere
2073 4206 2155 4270 volari,

1363 4303 1390 4346 ιιι
1405 4295 1426 4346 si
1441 4294 1492 4346 tuis
1504 4294 1626 4346 sensibus
1640 4309 1692 4346 nun
1708 4292 1882 4363 displicuerit,
1897 4295 2056 4349 auctoritate
2069 4297 2158 4364 potius

1363 4393 1418 4448 trra,
1434 4401 1493 4452 ιμιιιι
1509 4384 1586 4454 louge
1599 4385 1684 4452 major
1694 4392 1735 4438 est
1745 4399 1824 4454 qurum
1839 4396 1938 4439 nostrae
1951 4385 2103 4456 exiguitatis
2116 4387 2158 4441 in·

1363 4473 1476 4539 dustria,
1488 4473 1584 4540 quibus
1595 4475 1774 4528 successorium
1785 4475 1986 4539 existimaverit,
1998 4476 2156 4542 innotescat,

1363 4564 1398 4619 ad
1411 4579 1503 4619 eorum
1514 4565 1643 4620 saturitates
1654 4564 1890 4634 contentionesque
1900 4565 2099 4635 opprimendas,
2110 4570 2156 4637 qrri

1364 4665 1457 4725 putant
1469 4655 1591 4709 absoluto
1605 4654 1720 4725 Pelagio,
1737 4655 1872 4724 judicibes
1886 4656 2017 4726 episcopis
2036 4657 2157 4713 orienta-

1364 4748 1433 4802 libus
1448 4747 1490 4800 illa
1505 4747 1629 4817 dogmata
1646 4745 1785 4816 placuisse,
1804 4762 1863 4816 qaam
1878 4746 2019 4801 aduersum
2033 4746 2158 4804 christia·

1365 4853 1425 4891 narn
1446 4838 1539 4901 iidem,
1554 4845 1580 4891 et
1598 4837 1643 4891 Dei
1658 4836 1833 4906 graticulam
1849 4851 1976 4891 vocamur
1988 4846 2016 4892 et
2028 4837 2158 4907 justifica-

1365 4946 1441 4994 mur,
1462 4928 1685 4998 pcrnin'osissimc
1704 4927 1876 4998 pullulentia,
1890 4926 2035 4982 cltristiana
2053 4945 2160 4998 semper

1365 5023 1465 5076 toritas
1478 5021 1602 5083 damnat,
1617 5027 1645 5072 ct
1663 5018 1773 5073 islortutt
1787 5019 1867 5074 etiam
1882 5019 2081 5089 (petatuurtlccitn
2101 5022 2160 5091 ep't·

1365 5126 1508 5181 scoparum
1530 5109 1688 5163 auctoritate
1707 5108 1858 5174 mannas-it,
1874 5125 1933 5178 nem
1951 5110 2067 5166 simulet
2081 5111 2157 5167 Pela

1366 5203 1456 5275 giam,
1471 5202 1520 5257 nisi
1536 5201 1627 5255 abillo
1642 5208 1731 5254 essunt
1744 5201 1982 5268 anatliematirata,
1997 5201 2159 5259 damnasset.

1366 5291 1646 5362 Nuncjam‚quorriam
1655 5291 1820 5345 reddidimus
1830 5290 1932 5345 lrouriui
1940 5292 2162 5347 curamlratemat

1367 5386 1521 5451 charitatis,
1537 5392 1564 5439 ct
1582 5383 1617 5438 de
1630 5383 1677 5437 illo
1690 5397 1721 5437 ae
1735 5397 1783 5451 pro
1795 5382 1843 5437 illo
1862 5392 1979 5436 nostram
2002 5381 2161 5436 sollicitudi·

1368 5494 1429 5534 nem
1445 5477 1556 5531 iideliter
1570 5475 1758 5544 prompsimus,
1773 5474 1911 5528 uideamus
1923 5473 2057 5543 qrtomodo
2071 5472 2163 5527 breri-

1368 5581 1410 5627 ter
1424 5571 1508 5642 possit
1520 5568 1632 5633 adverti,
1649 5569 1729 5622 etiam
1744 5566 1801 5630 illo,
1818 5565 1888 5636 quod
1901 5566 2015 5630 ciarum,
2028 5565 2098 5634 apud
2111 5564 2162 5619 ιιο-

1369 5663 1456 5718 miues
1469 5660 1606 5724 absoluto,
1623 5659 1746 5713 baeresim
1761 5668 1848 5712 tantun
1865 5656 1948 5725 ipsam
1960 5655 2051 5709 dirirro
2062 5655 2166 5723 judicio

1369 5772 1477 5827 semper
1487 5754 1676 5818 damnabilem,
1692 5753 1770 5806 etiam
1779 5749 1880 5820 judicio
1890 5748 2091 5818 quatuordeeim
2104 5751 2162 5820 epi·

1370 5863 1512 5919 scoparum
1525 5844 1696 5902 oricrualium
1712 5857 1772 5898 esse
1785 5841 1947 5894 damnatam.

1407 5939 1520 5996 stadt
1540 5936 1648 5992 XXXV.
1661 5965 1696 5975 —
1715 5935 1759 5989 00.
1776 5932 1838 5988 llaec
1852 5943 1892 5987 est
1912 5931 1982 5988 illius
2001 5931 2094 6000 iudicii
2113 5947 2165 6004 po·

1371 6042 1469 6088 strena
1485 6029 1627 6084 sententia.
1642 6024 1765 6098 Synudtts
1776 6024 1841 6078 dixit
1853 6041 1860 6077 ι
1873 6041 1883 6075 ι
1897 6023 1971 6079 Nunc
1981 6024 2107 6094 qouniam
2120 6039 2166 6079 sa·

1372 6127 1504 6184 tisiactum
1520 6131 1560 6176 est
1574 6120 1650 6174 uobis
1669 6117 1900 6188 prosecutionibus
1915 6118 2054 6189 praesentis
2068 6114 2167 6186 Peragit

1373 6215 1514 6280 usnemu-bi,
1532 6212 1576 6282 uui
1596 6209 1702 6281 qutidem
1723 6208 1773 6278 piis
1789 6207 1919 6263 doctrinis
1937 6209 2086 6271 consentit,
2099 6223 2169 6263 eort-

1374 6310 1454 6365 traria
1468 6321 1531 6360 sero
1546 6302 1671 6387 Ecclesia
1685 6301 1746 6358 iidei
1759 6303 1884 6375 reproba
1897 6310 1924 6356 et
1942 6301 2163 6360 aaatbematisat.
