5592 7350
570 923 623 981 stt

571 1032 730 1103 instillemus
753 1042 844 1100 pacem
858 1026 893 1081 ad>
907 1026 989 1081 liemn
1004 1022 1102 1078 trabere
1116 1020 1227 1089 ceperit
1244 1036 1250 1071 :
1266 1030 1363 1071 sccun-

572 1131 635 1184 dmn
654 1132 742 1176 antem
760 1116 1024 1190 praedestinationem·
1044 1114 1109 1180 lici,
1130 1112 1185 1183 jain
1204 1110 1272 1163 iliius
1295 1106 1366 1177 pacis

571 1222 639 1269 erat.
652 1212 741 1282 Neque
752 1212 822 1266 enim
836 1209 936 1264 dietum
952 1216 1003 1274 est,
1018 1205 1192 1275 Superquem
1206 1198 1368 1270 requieverit

573 1321 623 1376 pat
640 1314 738 1369 vestra,
754 1301 802 1356 stet·
813 1301 881 1355 silius
894 1299 966 1370 pacis
981 1296 1060 1362 :sed,
1077 1296 1107 1351 si
1121 1295 1155 1349 iii
1169 1293 1256 1364 suerit,
1272 1292 1366 1360 inquit,

573 1395 643 1461 iiiito
660 1395 739 1466 pacit,
755 1394 889 1457 requiescet
901 1406 977 1459 super
992 1388 1064 1442 illem
1077 1384 1197 1441 ιοιιιιιιιι
1212 1399 1263 1453 pue
1275 1391 1366 1436 uestra.

576 1487 631 1543 laun
648 1495 746 1555 ergoet
760 1493 900 1553 antequam
917 1481 955 1535 iiii
969 1478 1171 1534 annuntiaretur
1184 1476 1240 1530 inec
1253 1488 1317 1545 pat,
1340 1471 1369 1526 ir-

575 1589 625 1634 tms
641 1577 712 1646 puteis
725 1575 759 1629 ibi
773 1583 841 1638 erat,
855 1573 923 1629 siem
934 1586 994 1625 eum
1009 1577 1119 1623 noverat
1128 1578 1207 1636 atque
1218 1564 1370 1636 prescierit

575 1682 627 1721 ttau
642 1664 814 1734 etangelisia,
832 1660 879 1717 setl
895 1661 976 1715 Deus.
990 1659 1029 1714 ,td
1045 1672 1093 1712 nos
1106 1670 1168 1727 ergo
1182 1656 1226 1725 qui
1238 1655 1370 1709 tuscitntts

576 1758 698 1828 quisnam
711 1757 746 1809 sit
761 1755 829 1809 illius
848 1753 930 1823 pacis,
945 1760 990 1806 aut
1008 1751 1118 1811 nonsit,
1139 1751 1252 1819 pertinet
1265 1747 1365 1801 attilium

577 1857 718 1917 exceptum
742 1845 844 1908 lacere,
864 1844 1018 1914 nuiimnque
1038 1842 1208 1904 discernere3
1232 1839 1278 1895 sed
1302 1838 1370 1893 selle

577 1956 671 1994 orrrncs
689 1939 777 1992 salros
792 1937 867 2003 lteri,
887 1937 984 2007 quibus
998 1935 1172 2005 praedicamus
1187 1934 1254 1988 iraric
1266 1947 1369 2003 pacem.

580 2032 670 2101 Neque
684 2034 755 2085 euim
771 2028 942 2084 metuendum
956 2037 995 2083 est
1009 2045 1041 2081 tre
1057 2025 1199 2096 perdamus
1212 2040 1281 2089 carii,
1296 2023 1317 2076 si
1329 2021 1373 2076 iiie

579 2125 620 2179 cni
635 2123 817 2193 predicamus,
834 2135 887 2174 non
898 2130 938 2174 est
953 2119 1023 2173 itlius
1037 2117 1119 2188 pact,
1134 2116 1316 2187 ignorantibus
1326 2128 1374 2167 no-

578 2215 620 2269 bis
635 2231 642 2267 ε
658 2212 690 2266 rid
709 2227 758 2267 nos
771 2212 842 2266 enim
863 2219 1023 2273 revertetur,
1044 2207 1069 2262 id
1090 2214 1148 2274 est,
1165 2205 1241 2259 nobis
1255 2203 1375 2275 proderit

580 2306 628 2358 ista
645 2301 816 2374 praedicatio,
832 2316 884 2356 non
902 2309 929 2354 et
948 2300 1004 2363 llli;
1019 2299 1041 2352 si
1057 2307 1145 2350 antem
1159 2310 1309 2366 supereum
1324 2308 1373 2365 pat

581 2394 722 2467 praedicata
736 2392 906 2463 requieverit,
921 2399 946 2446 et
959 2390 1046 2454 nuliis,
1062 2398 1089 2444 et
1103 2389 1151 2444 ilii.

511 2498 516 2506 ·
614 2487 659 2542 tt.
674 2487 739 2554 Quia
756 2500 821 2555 crgo
836 2498 886 2539 nos
905 2482 949 2554 qui
963 2482 1028 2537 salci
1043 2482 1123 2537 iutrrri
1137 2481 1192 2551 sint
1206 2480 1373 2543 nescientes,

579 2594 674 2633 omnes
697 2579 793 2649 quiims
817 2576 991 2647 predicamus
1011 2574 1080 2629 bane
1101 2589 1194 2645 pacem
1215 2573 1303 2628 salios
1318 2569 1376 2627 deri

581 2670 647 2725 teile
663 2670 730 2724 Detts
745 2670 838 2738 jubet,
853 2679 880 2725 et
892 2668 949 2739 ipse
962 2669 988 2723 in
1011 2669 1087 2724 nobis
1103 2666 1153 2722 line
1167 2674 1310 2738 operatur,
1326 2662 1378 2719 dil·

580 2760 715 2816 tundendo
734 2762 813 2817 istarn
836 2760 994 2816 charitatem
1018 2760 1044 2814 in
1068 2758 1193 2814 cordibus
1215 2756 1315 2812 nostris
1330 2771 1378 2825 per

581 2850 708 2921 Spiritum
724 2861 845 2907 sanctum
868 2852 912 2922 qui
926 2851 1060 2905 datuscst
1081 2849 1157 2905 notis
1172 2847 1261 2919 (Rom.
1280 2863 1308 2913 v,
1325 2847 1352 2918 5)
1366 2860 1380 2901 t>

583 2952 670 3013 potest
690 2945 769 2999 etiam
785 2944 824 2998 sic
843 2943 975 3013 intelligi,
991 2942 1062 3013 quod
1084 2956 1168 2994 oranter
1182 2939 1294 2993 tonderet
1310 2936 1378 2992 lteris

582 3036 634 3089 cult
649 3036 731 3089 seiros
746 3035 819 3102 fieri:
838 3035 967 3105 quoniam
980 3049 1028 3088 nos
1044 3032 1106 3088 ineit
1126 3031 1213 3087 veile:
1228 3030 1296 3084 sicut
1311 3029 1384 3083 utirit

583 3129 708 3197 Spiritum
735 3127 796 3181 Filii
824 3128 863 3182 rui
886 3127 1053 3190 clamantem,
1075 3123 1163 3189 Adita,
1181 3121 1260 3176 Peter
1279 3120 1377 3192 (datar.

582 3236 618 3288 tv,
633 3220 674 3290 o),
688 3219 784 3285 idest,
801 3234 850 3274 nos
862 3220 980 3274 clamare
992 3218 1142 3271 facientem.
1161 3216 1199 3269 ile
1212 3214 1270 3283 ipso
1281 3214 1380 3283 qnippe

582 3312 695 3377 Spiritu,
710 3311 763 3363 aiio
776 3309 835 3363 loco
846 3307 920 3373 dicit,
935 3308 1084 3376 derepinure
1097 3306 1222 3376 Spiritum
1235 3304 1380 3375 adoptionis

583 3400 706 3466 fitiorum,
717 3399 743 3451 in
753 3414 801 3466 quo
812 3397 960 3462 clamantur,
973 3395 1052 3461 utta,
1066 3394 1142 3449 Peter
1153 3394 1240 3464 (Rotae.
1250 3409 1308 3459 ιιι,
1323 3393 1378 3468 lb)-

584 3489 638 3543 Nos
653 3505 717 3557 ergo
732 3489 895 3552 clamamus,
911 3486 959 3542 sed
974 3487 1017 3541 ille
1031 3486 1147 3542 ciamare
1159 3486 1246 3541 dictus
1260 3494 1318 3552 est,
1334 3487 1380 3558 qui

584 3581 666 3636 eiiicit
694 3592 723 3635 ut
748 3582 904 3637 clamemus.
930 3581 1043 3652 Siergo
1069 3581 1227 3637 clamantem
1252 3580 1380 3651 Spiritum

584 3683 658 3727 reete
670 3673 735 3727 dixit
756 3673 908 3743 Scriptura,
925 3689 939 3727 a
959 3687 1016 3743 quo
1031 3670 1145 3728 ellieitur
1168 3681 1197 3728 ut
1216 3673 1379 3741 clamemus;

585 3774 657 3818 recte
675 3763 757 3819 etiarn
777 3764 911 3819 nolentem
926 3763 1041 3819 neuma
1065 3777 1118 3832 quo
1133 3761 1248 3818 eflicitur
1265 3771 1294 3819 ιι
1313 3764 1379 3820 vell·

584 3871 655 3912 mus.
671 3857 708 3911 be
721 3872 769 3928 per
782 3856 843 3923 boc,
860 3857 920 3926 qnia
941 3865 969 3912 et
982 3855 1151 3926 corripiendo
1164 3855 1230 3911 nibil
1248 3857 1318 3913 aliud
1333 3857 1382 3914 de-

585 3946 678 4002 bemus
695 3962 793 4018 agere,
815 3946 865 4003 nisi
880 3955 909 4002 ut
926 3947 960 4002 ab
978 3948 1028 4002 ista
1043 3961 1180 4017 paceque
1194 3946 1282 4002 estad
1297 3947 1381 4004 Deum

586 4053 639 4093 oon
654 4039 807 4104 recedatur,
819 4047 864 4095 ιιι
877 4038 910 4094 ad
923 4055 982 4094 earn
993 4038 1037 4110 qui
1051 4047 1200 4095 recesserat
1211 4048 1380 4108 reuertatur,

586 4146 635 4186 nos
654 4146 763 4201 agamus
777 4132 836 4188 sine
853 4131 1039 4201 desperatione
1053 4128 1123 4200 quod
1143 4130 1255 4200 agimus.
1271 4127 1299 4185 Si
1313 4129 1382 4184 lilius

587 4223 660 4291 pacis
679 4232 720 4277 est
741 4238 820 4294 quern
843 4223 1022 4294 corripimus,
1046 4222 1195 4292 requiescet
1218 4235 1382 4291 supereum

587 4329 636 4384 pax
653 4325 743 4369 nostra
759 4333 766 4368 :
780 4316 821 4371 sin
834 4324 935 4379 autern,
948 4314 982 4369 ad
1002 4328 1051 4369 tros
1064 4322 1222 4370 revertetur.

623 4407 805 4475 tuomum
827 4409 917 4478 itaque
937 4406 1095 4461 etiamdum
1119 4405 1295 4473 quorumdam
1318 4405 1383 4461 irdes

587 4496 767 4561 subvertitur,
783 4498 888 4552 lirmum
902 4495 948 4551 Dei
964 4496 1163 4551 tundamentum
1175 4505 1242 4563 stet,
1258 4497 1383 4565 quoniam

589 4586 667 4640 scitii
690 4587 815 4639 lionrinns
830 4588 874 4656 qui
895 4597 957 4640 sinu
972 4587 1030 4655 ejus
1046 4605 1052 4640 :
1066 4587 1123 4642 ¹troo
1146 4597 1233 4642 tamen
1256 4587 1316 4643 ideo
1335 4603 1390 4646 nos

590 4677 656 4748 pigri
668 4685 695 4730 et
705 4677 870 4746 negligentes
880 4692 939 4732 esse
954 4677 1082 4733 debemus
1098 4678 1125 4732 in
1138 4679 1323 4748 eerripiendis,
1338 4680 1392 4751 qui·

590 4767 750 4838 corripiendi
773 4777 845 4823 sunt.
871 4767 962 4839 Neque
985 4768 1056 4825 enim
1080 4768 1177 4827 trustra
1202 4770 1384 4838 dictumest,

593 4857 763 4928 Corrumpunt
790 4874 872 4913 utores
893 4860 969 4913 donor
990 4861 1115 4929 colloquio
1129 4860 1196 4915 nroiu
1216 4859 1237 4929 (l
1252 4859 1310 4916 co.
1333 4878 1385 4930 xv,

591 4949 654 5023 53);
674 4959 712 5016 et,
729 4950 824 5005 Peribit
837 4952 848 4983 ⁸
860 4951 1012 5020 infirmaria
1023 4961 1067 5005 tuo
1076 4951 1197 5018 scientio,
1214 4935 1309 5021 irater,
1323 4968 1385 5024 pro·

593 5082 804 5202 walttpolpqcapoeo
815 5091 868 5135 use
880 5092 909 5135 ιι
927 5084 987 5137 editt
997 5085 1095 5166 babent,
1108 5099 1180 5151 rupee
1196 5093 1306 5151 erenget
1316 5094 1388 5143 omit-

625 5209 635 5238 ι
652 5213 676 5257 ιι
687 5213 751 5268 ilus,
764 5205 838 5259 uerit.

978 913 1021 973 ΑΙ)
1042 902 1310 977 sbuseeueutes
1331 900 1420 959 otios
1437 900 1559 959 ttuttos
1571 900 1776 957 nouorttrto.

2156 904 2209 963 stt

1420 1012 1678 1089 ptrrqtrcntiliristur
1691 1015 2018 1085 mercenariorum,
2034 1016 2088 1091 ll).
2102 1018 2213 1076 Nonar-

1419 1120 1605 1181 garrientemur
1619 1118 1710 1165 eoritra
1722 1110 1772 1165 ista
1786 1117 1916 1179 precepta
1927 1108 2115 1180 salubremque
2130 1120 2214 1166 terro·

1419 1216 1477 1256 rem
1490 1200 1626 1265 dicentes,
1649 1201 1681 1254 Et
1694 1208 1865 1271 corrumpant
1880 1214 1969 1254 mores
1982 1199 2068 1255 bonos
2081 1200 2213 1270 colloquia

1421 1290 1501 1357 ntala;
1517 1292 1560 1356 Ει,
1576 1301 1669 1362 pereat
1682 1291 1813 1358 infirmus,
1824 1290 1887 1362 qnid
1900 1290 1933 1346 ad
1945 1291 2013 1347 tros?
2024 1291 2143 1347 Firmum
2156 1291 2216 1347 irrit-

1421 1382 1574 1438 damemum
1588 1384 1634 1439 liei
1648 1391 1710 1450 stat,
1726 1393 1753 1439 et
1764 1397 1843 1439 uento
1858 1382 1926 1454 perit
1940 1381 1991 1438 nisi
2006 1382 2074 1437 silius
2087 1381 2215 1454 perditio·

1423 1488 1475 1531 itis.

1457 1562 1570 1618 eleut
1590 1562 1659 1618 xvi.
1673 1594 1708 1604 -
1724 1564 1797 1618 Absit
1811 1572 1841 1619 ut
1863 1564 1912 1619 ista
1925 1564 2092 1635 garrientes,
2107 1577 2216 1619 securos

1424 1673 1472 1711 nos
1489 1657 1515 1711 iu
1531 1658 1580 1711 liae
1594 1658 1751 1728 negligentia
1766 1672 1824 1712 esse
1842 1657 1940 1711 debore.
1951 1656 2101 1712 crednmts.
2119 1657 2215 1711 Verum

1424 1760 1464 1804 cst
1477 1750 1547 1804 enim
1560 1750 1620 1819 qnia
1635 1765 1715 1804 nertio
1727 1748 1817 1821 perit,
1832 1749 1882 1802 nisi
1897 1750 1965 1802 iilius
1980 1748 2136 1819 perditionis
2150 1766 2157 1801 ι
2170 1747 2218 1802 scd

1424 1842 1461 1895 ait
1476 1841 1544 1894 lictis
1557 1857 1603 1910 pm
1616 1840 1782 1894 Ezecltieletn
1802 1839 1975 1909 proplietam,
1997 1835 2048 1892 lile
2068 1840 2169 1907 quidem
2190 1837 2219 1891 itt

1426 1944 1526 2002 preccuto
1543 1950 1589 1987 ruo
1604 1932 1740 1995 atteritur,
1763 1934 1911 2001 surrpuinem
1930 1948 1987 1985 ecro
2010 1931 2065 2002 ejtts
2089 1932 2119 1985 de
2141 1947 2219 1985 ιιιιιι

1425 2024 1589 2095 speculatoris
1600 2026 1724 2096 requiram
1739 2022 1846 2093 (Eteri.
1861 2039 1907 2090 ιιι,
1921 2025 1977 2093 18).

1462 2118 1506 2174 ta.
1522 2118 1655 2182 Proinde,
1670 2117 1843 2188 quantnnrad
1863 2134 1911 2172 nos
1926 2118 2058 2187 pertinet,
2081 2118 2125 2189 qui
2150 2133 2220 2189 prar-

1427 2208 1600 2264 destinatosa
1621 2224 1673 2263 non
1695 2208 1889 2279 predestinatis
1908 2209 2061 2265 discernere
2082 2226 2135 2264 non
2149 2210 2222 2265 rale-

1428 2316 1504 2363 mus,
1520 2309 1547 2354 ct
1566 2300 1600 2353 nb
1621 2300 1672 2355 boc
1686 2301 1780 2355 omues
1799 2302 1887 2354 saltus
1903 2299 1958 2355 lteri
1979 2302 2048 2357 teile
2072 2300 2220 2365 debemus:
2286 2318 2290 2325 ·

1428 2392 1562 2460 onudbus,
1576 2409 1610 2448 ne
1624 2401 1743 2464 pereant.
1757 2392 1799 2447 rel
1812 2408 1845 2449 ne
1857 2392 1925 2448 alios
1937 2394 2059 2462 perdant,
2072 2393 2222 2450 adhibenda

1428 2498 1467 2542 est
1482 2503 1496 2541 a
1513 2488 1588 2542 nolis
1603 2486 1795 2542 medicinaliter
1816 2501 1907 2541 severa
1929 2488 2063 2556 correptio
2086 2506 2093 2543 e
2114 2487 2161 2543 liei
2181 2495 2224 2543 est

1428 2588 1516 2646 auten
1531 2578 1582 2632 iilis
1596 2594 1655 2633 earn
1670 2576 1758 2632 lareere
1774 2577 1886 2645 utilem,
1902 2592 1969 2647 quos
1982 2578 2038 2646 ipse
2051 2578 2183 2648 prescivit
2195 2587 2225 2635 et

1431 2670 1628 2740 pradestinavit
1650 2669 1801 2726 conformes
1826 2670 1948 2741 imaginis
1962 2670 2021 2726 Filii
2043 2671 2093 2726 sni.
2109 2671 2137 2727 Si
2151 2670 2224 2726 enim

1429 2761 1572 2833 aliquando
1583 2764 1677 2817 timore
1690 2778 1743 2817 non
1753 2763 1923 2832 corripimus,
1934 2778 1967 2817 ne
1977 2762 2072 2833 aliquis
2086 2762 2147 2818 inde
2160 2778 2221 2833 per·

1430 2863 1484 2920 ear,
1497 2871 1545 2910 cur
1555 2871 1607 2908 non
1622 2855 1701 2909 ctiam
1716 2855 1811 2911 timore
1823 2856 1991 2925 corripimus,
2004 2870 2039 2911 ne
2053 2854 2148 2925 aliquis
2163 2854 2225 2912 inde

1432 2945 1492 3015 plus
1511 2944 1619 3015 pereat?
1637 2944 1728 3014 licque
1742 2945 1814 2999 enirn
1835 2944 1986 3000 dilectionis
2006 2944 2108 3001 viscera
2124 2944 2233 3015 majora.

1431 3050 1566 3109 gestamus
1576 3052 1654 3105 qnam
1668 3036 1762 3091 beatus
1775 3036 1927 3103 Apostolus,
1942 3037 1986 3105 qoi
1999 3036 2063 3091 dicit
2078 3055 2084 3089 :
2101 3037 2226 3105 Corripire

1432 3128 1569 3195 inquietos,
1583 3127 1748 3181 consolamini
1758 3126 1945 3196 prrsittnnimes,
1960 3127 2079 3195 suscipite
2092 3126 2224 3193 irrfirmor,

1434 3220 1560 3287 protientur·
1569 3225 1646 3271 estote
1662 3216 1702 3269 ud·
1716 3228 1802 3271 ontrree
1814 3234 1825 3272 ε
1837 3216 1917 3271 uidete
1937 3233 1969 3269 tre
1982 3217 2037 3287 quir
2061 3217 2156 3269 ιιιιιιιιιιι
2179 3233 2226 3286 pro

1434 3311 1501 3365 triuio
1513 3308 1693 3364 attererentur
1707 3307 1727 3379 (l
1738 3308 1826 3363 Tltcst.
1839 3323 1866 3373 tt,
1883 3307 1925 3373 ll,
1943 3309 1998 3377 ta').
2014 3305 2065 3363 tibi
2078 3306 2228 3375 intelligeti-

1433 3401 1498 3456 tlum
1512 3411 1554 3456 est
1567 3412 1629 3455 tunc
1640 3401 1726 3471 potius
1742 3400 1839 3454 errulum
1854 3415 1903 3471 pro
1916 3400 1985 3453 attalo
1998 3398 2091 3461 reddi,
2103 3396 2227 3453 sicorii·

1433 3492 1546 3563 pientius
1560 3507 1613 3547 non
1627 3491 1787 3561 corripitur,
1800 3491 1847 3546 scd
1861 3506 1941 3562 prata
1954 3489 2164 3545 dissimulatione
2178 3504 2228 3545 ne·

1434 3588 1552 3658 gligitur.
1572 3585 1641 3640 Dicit
1654 3584 1734 3641 etiam
1749 3600 1756 3638 ι
1773 3582 1910 3639 Pereuntes
1925 3600 2016 3658 corum
2033 3582 2148 3635 omnibus
2167 3597 2227 3635 cor·

1433 3680 1503 3750 ripe,
1520 3687 1547 3732 ιι
1560 3677 1643 3733 ceteri
1663 3678 1777 3731 timorem
1796 3676 1904 3730 iubeant
1918 3674 2014 3748 (iiiut.
2029 3690 2057 3740 t,
2076 3673 2135 3744 20).
2151 3670 2229 3743 erorl
2284 3744 2290 3758 Ι

1433 3768 1468 3825 de
1481 3767 1523 3824 bis
1537 3767 1652 3838 pcccatis
1666 3767 1849 3838 accipiendum
1866 3777 1908 3822 est
1927 3782 1987 3837 quae
2008 3780 2061 3821 nou
2081 3764 2180 3829 latent,
2195 3779 2231 3821 ne

1434 3870 1527 3916 contra
1549 3859 1653 3915 Domini
1672 3856 1830 3916 sententiam
1850 3867 1957 3929 putetur
1971 3858 2083 3913 locutus.
2099 3856 2144 3912 llle
2157 3855 2230 3913 enim

1434 3953 1499 4011 dicit
1515 3971 1522 4008 :
1538 3953 1570 4008 Si
1580 3953 1718 4026 percurrerit
1730 3953 1756 4006 in
1769 3965 1793 4006 te
1806 3954 1885 4024 [iuter
1897 3961 1954 4005 tuus
1967 3990 1975 4016 ,
1989 3950 2088 4020 corripe
2098 3965 2155 4004 eum
2165 3950 2231 4004 inter

1434 4056 1458 4100 te
1478 4055 1502 4100 et
1516 4047 1611 4114 iprum.
1622 4043 1813 4100 Verumtamen
1825 4049 1852 4097 et
1875 4042 1933 4112 ipse
1947 4041 2116 4096 severitatem
2140 4055 2233 4096 corre·

1435 4137 1533 4208 ptionis
1543 4151 1575 4191 eo
1590 4150 1673 4205 usque
1687 4133 1825 4205 perducit,
1842 4142 1872 4189 ut
1883 4133 1969 4200 dicat,
1985 4132 2015 4189 Si
2030 4149 2075 4187 nec
2088 4130 2231 4187 Ecclesiam

1434 4229 1554 4293 audierit,
1565 4230 1597 4284 tit
1610 4228 1653 4282 tiiri
1667 4238 1786 4295 tuaquom
1799 4226 1911 4280 etimicus
1925 4235 1948 4280 et
1959 4226 2108 4295 publicanus
2122 4224 2231 4296 (llattit.

1437 4335 1520 4386 tritt,
1538 4320 1585 4382 ts.
1601 4315 1657 4390 Π).
1678 4317 1712 4372 Et
1723 4317 1783 4386 quis
1796 4316 1880 4387 magis
1894 4315 1987 4370 dilexit
2005 4315 2138 4380 irtitrtnos,
2152 4330 2231 4386 qnam

1436 4411 1481 4466 iile
1495 4411 1540 4482 qui
1557 4427 1604 4482 pro
1617 4409 1741 4466 omnibus
1763 4420 1804 4467 est
1818 4408 1903 4464 laetus
1917 4407 2059 4472 latiaribus,
2073 4416 2099 4462 ct
2114 4425 2161 4477 pro
2174 4423 2232 4462 om·

1436 4503 1516 4560 nibus
1539 4518 1571 4562 et
1597 4503 1654 4574 ipsa
1676 4501 1830 4558 inllrmitate
1847 4499 2011 4556 crucifixus?
2031 4499 2095 4567 Qum
2114 4514 2175 4554 eunt
2196 4499 2233 4554 ita

1437 4599 1490 4652 sint
1501 4612 1571 4664 ,nee
1585 4598 1670 4666 gratia
1686 4594 2023 4666 protribctcorreptionem,
2035 4607 2085 4648 nce
2099 4592 2234 4660 correptio

1438 4699 1518 4760 negat
1538 4691 1648 4760 gratiam
1664 4706 1671 4743 ι
1687 4697 1715 4745 et
1736 4687 1798 4743 ideo
1809 4687 1849 4742 sie
1867 4692 1909 4742 est
1924 4683 2099 4754 precipiendo
2109 4683 2232 4754 justitia,

1439 4795 1468 4837 ut
1481 4799 1496 4836 a
1511 4782 1564 4836 lieo
1585 4782 1686 4852 gratia,
1701 4795 1753 4850 qua
1777 4779 1803 4834 id
1822 4777 1892 4849 quod
1907 4776 2059 4849 precipitur
2078 4775 2140 4840 stat,
2164 4773 2235 4832 nteit
2311 4823 2313 4825 ,

1438 4878 1560 4933 oratione
1581 4886 1725 4947 poscatur,
1740 4885 1769 4933 et
1792 4876 1844 4932 ltoe
1864 4885 2006 4946 utrumque
2025 4875 2060 4931 ita
2082 4874 2236 4931 laciendum

1439 4980 1497 5034 est,
1514 4977 1543 5024 ut
1556 4984 1643 5040 neque
1655 4969 1729 5038 iusta
1742 4968 1876 5039 correptio
1887 4967 2045 5037 negligatur.
2060 4965 2156 5021 Omnia
2172 4981 2236 5021 tero

1441 5062 1498 5119 lime
1516 5079 1576 5118 cunt
1599 5062 1730 5118 citaritate
1753 5063 1818 5117 liant
1832 5079 1840 5118 ι
1853 5061 1979 5132 quoniam
1993 5058 2110 5117 citarista
2128 5073 2178 5114 nee
2197 5057 2238 5114 le·

1440 5155 1476 5211 cit
1489 5164 1641 5226 peccatura,
1657 5163 1685 5209 et
1704 5157 1827 5225 cooperit
1839 5151 2037 5208 multitudinem
2052 5157 2236 5221 peccatorum.

612 5316 1133 5330 --ὴ-ὴ..-
1148 5320 1166 5330 .
1177 5316 1316 5327 ......-

603 5308 2236 5369 mm

901 5451 979 5534 Ab
1012 5451 1464 5563 SUBSEQUENTES
1494 5452 1678 5538 DUOS·
1697 5451 1926 5543 LIBROS,
1981 5521 1984 5527 .

722 5606 812 5649 undat
835 5605 875 5648 titt
898 5604 1199 5651 PRAEDESTIMTIONE
1221 5606 1427 5664 stuctottuut,
1453 5608 1608 5654 terentiae
1632 5609 1675 5652 D!
1704 5606 1788 5652 BONO
1812 5602 2107 5660 PERSEVEMNTIAE„

1158 5725 1684 5858 ADMONITIO

1006 5911 1151 5973 enum
1183 5910 1243 5974 ιιι
1277 5890 1580 5976 uovuntensruu
1615 5914 1820 6003 uniamus.

1317 6057 1520 6093 *umene-

631 6146 773 6215 Postqmm
783 6146 809 6200 in
822 6144 921 6201 Gallias
932 6144 1003 6199 allati
1019 6143 1094 6200 tuere
1108 6142 1168 6200 libri
1179 6143 1285 6214 qnidam
1299 6153 1437 6216 augustini
1451 6157 1543 6203 eontra
1556 6146 1714 6219 Pelagianos
1727 6150 1829 6221 scripti,
1839 6165 1892 6206 aon
1901 6165 2044 6223 paucorum
2057 6150 2111 6209 iilic
2122 6153 2237 6220 animos,

597 6238 783 6303 utendorum
801 6255 853 6294 non
869 6237 949 6293 modo
963 6236 996 6292 de
1010 6236 1145 6292 communi
1160 6235 1299 6292 doctorum
1313 6239 1410 6307 arrigo,
1423 6237 1471 6294 sed
1486 6238 1660 6310 quorumdam
1674 6241 1755 6314 etiarn
1770 6242 1988 6316 prosbyterorum
2007 6245 2237 6320 coepiscoporum

595 6336 639 6404 qui
652 6341 679 6386 et
695 6331 790 6402 pietate
799 6324 829 6389 ‘et
839 6331 988 6388 eruditione
1003 6329 1122 6387 celebres
1145 6338 1170 6384 ct
1183 6330 1361 6387 commendati
1372 6330 1537 6389 habebantur
1553 6333 1639 6390 :adeo
1663 6344 1692 6391 ut
1714 6337 1789 6392 rnulti
1816 6353 1922 6411 quoqne
1944 6338 2083 6410 angustini
2108 6336 2235 6395 doctrine
