5592 7350
610 902 664 963 a,
1049 894 1096 951 oc
1116 891 1220 949 antae
1239 890 1283 947 et
1303 887 1383 945 tros
1403 885 1553 955 etttctne,
1573 886 1601 944 s.
1621 884 1803 948 aucusrtttt
2193 901 2247 963 tea

608 1024 684 1078 rilnts
696 1020 831 1076 debuisset
845 1014 979 1070 itotttinetn
995 1011 1124 1081 jardicare,
1139 1025 1192 1063 non
1204 1007 1238 1062 de
1251 1004 1398 1077 paracogni-
1458 1002 1567 1058 rationis
1588 1002 1649 1059 irinc
1672 1014 1785 1072 exeant;
1796 1006 1832 1062 ‘ln
1853 1008 1976 1070 baeresim
1999 1011 2164 1082 Pelagiamm
2188 1016 2249 1073 altas

609 1119 657 1182 ,μ’
677 1129 727 1170 „ec
749 1112 806 1167 fleri
825 1105 966 1179 ,liquando
983 1104 1135 1176 ⁴perpessis.
1150 1101 1217 1157 Nem
1237 1099 1259 1154 si
1281 1104 1401 1168 pcccati,
1455 1089 1619 1154 dubitatione
1636 1096 1813 1155 damnabilem
1825 1100 1991 1159 damnandus
2017 1105 2144 1161 incurret.
2166 1107 2247 1177 Quod

610 1223 672 1278 nurse
689 1206 711 1260 si
726 1205 805 1257 immo
823 1200 922 1254 vireret
942 1196 1135 1252 commissurus
1154 1200 1235 1256 essct,
1249 1190 1329 1245 ctiam
1346 1202 1400 1242 non
1455 1183 1528 1252 eine
1544 1186 1690 1260 contingat,
1705 1199 1805 1260 quanto
1823 1192 1918 1248 meiius
1931 1203 2002 1250 tenet
2017 1194 2052 1251 de
2073 1197 2169 1254 anime
2188 1200 2248 1257 ori·

612 1296 753 1351 enmmissa
770 1293 929 1348 damnantur
942 1288 969 1344 iu
989 1298 1104 1349 monuo,
1122 1282 1221 1350 nullum
1241 1282 1400 1340 bcttedcium
1455 1278 1517 1350 gire
1531 1282 1725 1338 cuuctatiouem
1740 1299 1837 1349 meam,
1849 1300 1884 1341 ne
1903 1287 2000 1343 aeden
2017 1288 2247 1362 aidmmuued

610 1388 734 1444 collatum
747 1394 788 1441 cst
807 1384 844 1438 illi
858 1383 903 1453 troi
919 1390 1008 1451 raptas
1027 1389 1063 1435 est
1078 1396 1110 1434 ne
1126 1377 1224 1432 ntolitie
1235 1382 1343 1430 tttttlttrei
1356 1373 1401 1429 iu·
1456 1384 1506 1425 nec
1519 1371 1633 1426 ltutnaua
1646 1375 1749 1429 ratione
1762 1376 1974 1445 comprehendit,
1990 1393 2041 1436 nec
2054 1378 2145 1436 diuina
2154 1394 2249 1438 aucta·

611 1476 804 1545 perpetuusque
818 1472 895 1548 (sap.
913 1487 951 1540 rr,
966 1471 1030 1544 ili:
1042 1468 1258 1541 quandoquidem
1270 1464 1401 1537 jttdicabi·
1456 1461 1538 1518 ritate
1557 1462 1689 1530 deiendit;
1716 1481 1751 1521 nc
1773 1476 1886 1538 cogatur
1909 1469 2090 1539 iusipientia·
2114 1471 2247 1543 mut,

611 1577 655 1624 tur
667 1563 814 1623 secuudum
829 1579 899 1627 earn.
911 1578 972 1633 quae
992 1561 1019 1617 in
1040 1561 1086 1617 illo
1104 1559 1189 1615 luerat
1209 1556 1402 1621 interamnii·
1455 1551 1519 1609 dem
1531 1563 1636 1610 teretur
1645 1556 1819 1626 menmium
1830 1557 1962 1620 ωηίιειί.

610 1656 692 1720 tiant;
709 1670 762 1710 non
780 1652 927 1710 secundum
951 1666 1022 1716 eam,
1038 1664 1098 1720 nuce
1120 1649 1146 1702 in
1161 1647 1208 1703 ilio
1230 1647 1335 1701 inuenta
1348 1652 1401 1706 est,
1490 1642 1603 1701 esebi
1621 1644 1739 1701 xtt.-
1754 1649 1795 1703 li.
1817 1648 1865 1704 llic
1886 1649 1955 1706 lette
1974 1650 2056 1719 dicat,
2082 1655 2247 1720 sententiam

610 1748 789 1804 innocentiam
805 1763 812 1799 ι
827 1753 854 1800 et
874 1744 908 1799 dc
933 1744 1006 1798 nullu
1023 1749 1130 1797 murteo
1152 1740 1284 1810 baptizate
1304 1736 1403 1808 poterit
1455 1750 1531 1791 seam
1542 1737 1630 1793 (lirina
1641 1741 1799 1798 anctoritate
1810 1742 1917 1800 delendi
1933 1747 2079 1817 :pamniam
2092 1760 2248 1806 sanctam

610 1853 670 1895 csse
690 1836 912 1906 secturitas;quitt
933 1843 1040 1905 etpost
1061 1832 1234 1902 thptisnuun,
1252 1843 1306 1884 non
1320 1827 1403 1898 naali-
1454 1826 1649 1899 scripturarum
1670 1833 1829 1889 testimoniis
1840 1836 1954 1905 probare
1975 1853 2006 1894 se
2026 1840 2171 1906 existimat,
2185 1841 2247 1898 ani·

611 1940 766 2009 tercomque
780 1942 901 1998 peccare,
916 1941 1008 1982 terum
1019 1926 1098 1981 etiam
1113 1931 1264 1993 apostatare
1277 1920 1401 1975 bemincs
1454 1932 1540 1973 masa
1555 1919 1621 1985 Deo,
1634 1936 1689 1976 nott
1709 1938 1743 1979 ex
1759 1927 1901 1997 propagine
1913 1926 1982 1995 deri,
1994 1929 2043 1985 sed
2058 1945 2141 1986 noras
2157 1931 2248 2003 singu·

611 2029 731 2092 possent.
744 2018 813 2089 Quid
826 2019 848 2074 si
867 2033 932 2089 crgo
943 2017 989 2088 qui
1001 2015 1151 2085 baptizatus
1165 2013 1226 2068 itioc
1238 2020 1329 2082 raptus
1346 2019 1397 2075 est,
1454 2012 1488 2068 lis
1507 2012 1646 2069 iosuiiiari.
1667 2014 1774 2081 Probet,
1797 2018 1820 2073 si
1833 2027 1931 2087 petest,
1946 2028 1973 2078 ot
1996 2018 2099 2076 fatebor
2119 2036 2163 2078 tnc
2175 2021 2247 2078 didi-

609 2120 730 2181 oposeta
744 2119 802 2166 erat
816 2110 930 2176 loturus,
945 2109 966 2163 si
977 2108 1098 2171 rit-eren
1113 2097 1249 2160 nullumne
1264 2102 1300 2167 illi
1317 2101 1401 2157 bone·
1454 2102 1524 2158 cisse
1541 2103 1574 2158 ab
1585 2104 1641 2168 iilo,
1656 2104 1728 2174 qnod
1746 2122 1840 2176 magro
1854 2108 2000 2165 intentione
2016 2111 2178 2180 querebant.
2190 2111 2245 2168 Sed

611 2203 698 2259 liciam
712 2202 865 2273 putabimus
885 2215 946 2257 esse
961 2199 1099 2264 collatum,
1121 2195 1192 2267 quod
1213 2204 1300 2277 raptus
1320 2202 1356 2249 est
1369 2209 1402 2247 na
1453 2202 1554 2278 necerat
1569 2192 1632 2258 alia,
1647 2209 1681 2250 oe
1700 2193 1822 2251 fortassis
1836 2196 1971 2253 inveniat:
1986 2214 2047 2253 uam
2067 2198 2119 2255 itoc
2132 2200 2191 2256 istis
2203 2210 2245 2258 ts·

610 2293 707 2349 auditio
721 2301 826 2347 ntatnrct
839 2289 993 2346 inteliecttrnt
1010 2289 1084 2359 ejus:
1100 2293 1128 2341 et
1141 2293 1250 2356 propter
1271 2284 1317 2340 liei
1332 2299 1401 2353 pre·
1453 2282 1603 2350 stimoniis,
1628 2299 1688 2353 quse
1707 2284 1763 2355 jann
1787 2286 1889 2354 posuit,
1912 2303 1965 2342 non
1994 2289 2123 2357 probauit.
2147 2288 2245 2345 Omnia

609 2384 759 2445 scientiam.
779 2397 832 2437 non
855 2382 924 2436 sicut
947 2378 1025 2435 fidele
1048 2378 1198 2434 membrum
1219 2375 1329 2439 Christi,
1352 2373 1400 2429 sed
1453 2373 1621 2443 qttippequae
1634 2372 1677 2430 iric
1696 2374 1826 2443 adhibuit,
1846 2376 1880 2430 ad
1900 2377 2001 2447 aliquid
2022 2388 2095 2435 certa
2118 2387 2193 2443 sunu
2209 2381 2245 2435 at

610 2466 1016 2543 sicutapostutam'judicaodum
1026 2483 1086 2524 esse
1098 2466 1266 2523 censebimus
1276 2465 1401 2533 tonante
1454 2464 1505 2520 boc
1518 2479 1591 2529 vero,
1605 2465 1676 2536 quoti
1697 2465 1732 2522 dc
1751 2468 1847 2523 anianae
1865 2470 1967 2540 origine
1981 2471 2118 2540 queritur,
2133 2472 2245 2528 demun·

608 2563 679 2618 enim
697 2561 802 2629 melius,
824 2561 847 2617 si
861 2567 969 2630 peccata
985 2558 1102 2614 noudum
1121 2559 1201 2624 lacta,
1218 2556 1335 2611 nundum
1357 2570 1400 2610 co
1453 2566 1571 2613 strantur
1589 2559 1722 2629 ambigua.
1741 2558 1851 2614 Certum
1874 2569 1915 2616 est
1939 2561 2011 2617 cuim
2034 2563 2116 2617 murm
2135 2562 2245 2619 dedisse

501 2651 503 2655 ’
608 2655 700 2723 gitatt,
715 2652 762 2709 sed
774 2653 935 2723 praecognita
956 2661 983 2707 ct
1002 2650 1088 2706 latura
1108 2650 1263 2719 puniuntor,
1287 2647 1396 2719 projice·
1453 2649 1604 2705 leontinibus
1622 2649 1712 2705 dantum
1727 2659 1756 2705 et
1774 2652 1908 2720 spiritum,
1922 2651 2028 2707 dicente
2041 2652 2179 2722 propbeta,
2195 2654 2245 2709 Sic

607 2754 700 2801 rentur
711 2746 747 2799 iili
762 2744 816 2799 dun
831 2742 864 2799 de
880 2743 1002 2812 paradiso
1015 2752 1077 2797 auto
1089 2749 1238 2812 peccatum,
1251 2756 1285 2794 nc
1298 2741 1323 2794 iu
1339 2740 1397 2794 loeo
1452 2741 1513 2797 dicit
1528 2741 1649 2797 dicaciam
1668 2745 1711 2814 qui
1723 2744 1782 2812 [ecit
1801 2744 1904 2810 ceiam,
1927 2756 1952 2799 et
1966 2745 2080 2815 [undant
2095 2755 2197 2807 tenum
2221 2755 2246 2799 et

608 2846 662 2891 tntu
680 2845 773 2891 sancto
792 2844 820 2891 ct
835 2834 957 2890 bettilico
974 2832 1148 2904 peccaretur?
1165 2831 1244 2899 Qttid,
1259 2830 1329 2901 qntrd
1343 2831 1398 2899 ipsa
1451 2847 1508 2901 narr
1520 2842 1578 2886 aaut
1593 2833 1618 2887 in
1639 2850 1679 2899 en,
1700 2832 1801 2902 quidet
1819 2835 1909 2901 fletum
1922 2836 2017 2905 pupulo
2038 2850 2113 2903 saper
2130 2852 2196 2900 caat,
2219 2846 2245 2889 et

607 2924 757 2982 exinanitur
769 2923 876 2979 omniuo
892 2923 1069 2993 prescientia,
1081 2921 1181 2993 siquod
1193 2919 1332 2991 praescitur
1346 2936 1398 2974 nun
1451 2923 1568 2991 spiritam
1577 2923 1731 2977 cucurutium
1745 2938 1800 2977 aaut
1816 2923 1890 2995 (lsai.
1906 2940 1969 2988 xctt,
1983 2924 2022 2994 5).
2043 2924 2099 2979 lloc
2118 2926 2244 2981 testimo-

607 3014 677 3072 criti
691 3014 829 3083 Qentttodu
849 3015 919 3068 enim
934 3021 1006 3069 recte
1023 3012 1120 3068 dicitur
1136 3011 1255 3082 presciti
1270 3010 1396 3075 tutnrnn,
1451 3014 1524 3069 niam
1535 3015 1585 3069 istc
1598 3016 1623 3070 in
1638 3030 1697 3072 eam
1707 3016 1867 3072 sententiam
1882 3017 1937 3073 nult
1951 3018 2046 3088 accipi,
2061 3018 2247 3089 neamdcicn·

607 3106 678 3178 nttod
702 3122 754 3161 uon
778 3114 820 3161 cst
846 3105 981 3160 lotttrtttu?
1007 3103 1146 3173 Quomodo
1170 3118 1234 3174 crgo
1256 3103 1400 3173 puniantur
1451 3105 1499 3169 (tit,
1515 3104 1625 3176 etquod
1640 3107 1688 3169 ait,
1700 3108 1744 3161 dat
1755 3107 1845 3176 nuum
1859 3109 1963 3178 populo,
1985 3124 2038 3163 non
2051 3124 2084 3165 ex
2098 3110 2245 3180 propagine

607 3208 714 3270 peccata
725 3214 784 3267 nuce
798 3197 869 3251 nttlla
879 3205 958 3261 snut;
972 3194 1059 3263 idest,
1073 3210 1132 3266 qum
1146 3194 1258 3250 nectite
1272 3195 1322 3247 ista
1333 3209 1400 3247 nun-
1451 3194 1538 3251 lacere
1553 3197 1656 3251 attintas
1667 3198 1774 3267 populo,
1786 3197 1834 3251 sed
1855 3212 1938 3253 noras
1957 3198 2092 3255 inscitiane
2105 3199 2243 3256 crodntttr.

606 3292 670 3346 datm
692 3289 835 3359 incipiente
859 3286 1002 3344 commissa
1027 3294 1090 3341 sent
1115 3293 1177 3340 ante
1199 3298 1323 3347 camene,
1350 3298 1398 3337 nce
1452 3284 1555 3341 dudem
1568 3301 1631 3356 ergo
1646 3286 1736 3341 eiicere
1745 3302 1798 3343 oon
1813 3287 1897 3356 ipsum
1914 3289 1989 3344 rrobis
2001 3288 2107 3344 dedisse
2118 3304 2243 3348 earnem.

607 3390 692 3435 teorte
703 3379 882 3450 presumente
896 3384 956 3447 pust
967 3373 1096 3432 carnemt
1451 3376 1512 3446 noia
1524 3376 1559 3430 dc
1572 3378 1725 3445 parentibus
1743 3379 1818 3447 origo
1838 3381 1926 3434 cantis
1940 3389 2052 3436 attracta
2070 3389 2121 3435 est.
2142 3380 2176 3435 Et
2196 3381 2231 3435 ul·

641 3472 754 3530 cnettt
774 3472 843 3528 bill.
856 3501 892 3513 -
903 3470 946 3525 lli.
969 3470 1024 3525 lloc
1039 3469 1127 3539 ibique
1148 3466 1276 3531 medium,
1293 3480 1324 3519 cx
1345 3478 1398 3532 otto
1450 3467 1488 3522 ait
1502 3468 1646 3535 Apostolos
1659 3467 1694 3522 dc
1715 3466 1840 3523 frumeuti
1853 3483 1947 3538 guanto,
1963 3468 2030 3524 detta
2042 3469 2082 3524 illi
2094 3471 2244 3539 dotcorptts

606 3566 693 3620 anima
709 3564 788 3619 missa
803 3570 846 3618 est
866 3564 892 3618 in
910 3576 1030 3628 ceratem,
1045 3575 1098 3631 qno
1110 3574 1193 3630 usque
1213 3558 1362 3613 solueretur
1382 3571 1397 3609 a
1450 3556 1575 3626 emunda
1592 3557 1698 3611 uoluerit
1713 3555 1802 3628 (lCor.
1820 3573 1868 3622 xv,
1884 3558 1931 3629 58)
1942 3577 1949 3624 ;
1962 3568 2050 3630 ureret,
2064 3560 2087 3614 si
2101 3560 2192 3624 audet,
2204 3560 2242 3617 do

607 3669 697 3720 earne,
712 3654 836 3724 ntuentium
849 3651 952 3722 parvuli
969 3650 1056 3706 anima
1070 3659 1121 3714 cst,
1138 3664 1188 3704 ncc
1207 3647 1281 3704 liberi
1295 3645 1398 3702 arbitrii
1451 3649 1539 3704 tritico
1551 3648 1665 3704 triticum
1681 3650 1764 3713 nasci,
1777 3658 1803 3706 et
1819 3650 1927 3707 ltcrbam
1940 3650 1998 3722 ejus
2017 3666 2053 3708 ex
2074 3653 2178 3708 semine
2198 3667 2246 3710 se·

607 3748 690 3817 gessit
711 3753 828 3810 etaient,
854 3759 907 3799 non
929 3741 1030 3799 invenit
1056 3741 1126 3796 unde
1146 3739 1318 3798 damnaretur
1344 3753 1398 3792 nnn
1450 3740 1565 3794 ctmdom
1577 3754 1671 3810 gentas.
1686 3739 1760 3807 Quod
1775 3741 1796 3795 si
1813 3756 1910 3811 negare
1923 3758 1974 3795 iton
1989 3741 2087 3806 audet;
2103 3741 2175 3799 unde
2190 3743 2244 3815 igi·

609 3843 732 3906 rerccpte
746 3834 891 3903 liaptismo,
913 3832 965 3887 nisi
978 3830 1107 3902 originale
1122 3837 1269 3900 peccatum.
1294 3827 1331 3883 Er
1346 3826 1398 3883 ltnc
1452 3837 1495 3884 tur
1519 3829 1571 3886 scit
1592 3830 1727 3900 quonuedo
1752 3830 1851 3886 dictum
1873 3833 1917 3897 sit,
1946 3832 2099 3904 dnt'flntarn
2125 3836 2244 3905 populo:

609 3934 716 3994 peccato
730 3925 800 3995 juste
819 3923 941 3979 damnari
964 3921 1079 3977 attimam
1102 3936 1153 3976 non
1176 3934 1303 3991 negamus
1317 3936 1324 3974 :
1337 3920 1398 3990 quia
1450 3927 1538 3977 utrum
1556 3935 1617 3977 eum
1632 3921 1739 3978 traltens
1752 3920 1786 3978 de
1801 3925 1965 3993 parentibus,
1988 3941 2021 3980 an
2037 3926 2177 3982 incolitans
2189 3942 2241 3983 no·

608 4025 717 4086 precato
736 4015 893 4085 supplicium
907 4013 950 4069 lcx
970 4012 1043 4085 justa
1063 4012 1210 4068 corrstiteit.
1226 4010 1279 4067 Sed
1300 4009 1333 4065 etl
1347 4011 1398 4064 ltoc
1450 4011 1532 4067 runt?

608 4115 745 4175 peccatum
764 4103 931 4161 subcundum
946 4102 1130 4160 condemnata
1145 4101 1189 4168 sit,
1205 4101 1361 4172 querimus,
1375 4100 1397 4155 si
1486 4106 1529 4162 ιδ.
1545 4105 1622 4163 iJnde
1632 4108 1711 4164 etiam
1725 4110 1791 4177 scit,
1807 4118 1893 4165 utmrn
1908 4111 2036 4181 repetitio·
2044 4111 2183 4167 mittentia
2195 4112 2241 4178 ait,

608 4215 660 4254 nun
679 4212 712 4253 en
736 4197 780 4251 iila
804 4210 857 4250 ena
879 4194 1004 4263 trabitur,
1028 4209 1087 4265 quac
1108 4191 1135 4248 in
1158 4191 1264 4262 generis
1288 4189 1413 4246 humaui
1452 4198 1502 4266 Qui
1513 4198 1558 4254 tint
1568 4200 1660 4271 pictam
1680 4201 1774 4271 papeia
1789 4219 1865 4273 super
1877 4219 1949 4270 saur,
1965 4211 1989 4258 et
2010 4204 2127 4275 spiritum
2137 4203 2242 4260 mm.

608 4289 694 4359 primo
715 4299 789 4359 patre
807 4286 934 4358 peccarit.
949 4284 1127 4353 Quamobrem
1150 4284 1173 4339 si
1188 4283 1259 4340 bees
1278 4297 1332 4338 eon
1351 4281 1398 4336 da-
1450 4289 1516 4344 tiias
1525 4289 2244 4364 muttutdeunareotrentqeedictuminteiligatur,et

608 4390 680 4437 rurrmt
698 4381 862 4444 innocentes,
886 4393 936 4435 nec
956 4375 1020 4433 lacit
1041 4384 1169 4433 rtocentes
1189 4389 1257 4446 quos
1270 4372 1398 4444 perspicit
1450 4395 1503 4435 non
1518 4380 1633 4436 animam
1651 4382 1694 4437 rel
1723 4383 1845 4453 spiritum
1862 4399 1916 4454 nno
1924 4394 2017 4440 natura
2031 4385 2095 4438 risit
2113 4384 2241 4451 bamus,

607 4475 779 4561 innocentie&
792 4481 820 4528 et
833 4471 856 4525 si
873 4469 978 4525 animas
990 4482 1043 4523 non
1056 4467 1152 4523 liberat
1168 4465 1223 4523 sinc
1234 4466 1270 4522 ab
1279 4464 1396 4532 origina-
1449 4471 1496 4527 ced
1507 4471 1634 4542 spiritum
1643 4473 1921 4544 nncmmstrnttteare
1933 4474 2243 4531 solueritiSieoimssate

608 4566 686 4630 tibus,
700 4563 755 4622 sire
769 4578 784 4616 a
797 4560 912 4633 propriis
924 4558 1050 4630 pcccatis,
1063 4558 1112 4614 nisi
1127 4560 1152 4612 in
1168 4555 1286 4612 Ecclesia
1296 4554 1396 4610 Christi
1450 4578 1502 4620 nen
1517 4572 1607 4634 posset
1626 4564 1769 4634 significari
1783 4564 1899 4637 Spiritus
1910 4575 2029 4634 sanctes,
2044 4582 2099 4622 uon
2113 4567 2243 4624 Dominus

608 4655 756 4727 iluptismus
769 4651 884 4719 Curisti;
903 4651 964 4706 etti
978 4649 1075 4706 anime
1090 4657 1151 4703 ante
1165 4661 1275 4703 carnem
1295 4645 1395 4700 nullum
1450 4662 1510 4723 porr
1528 4653 1754 4709 munerationem
1777 4654 1938 4711 insufflasset
1949 4654 2100 4727 discipulis,
2115 4667 2143 4712 et
2154 4656 2242 4712 dixis.

607 4746 756 4804 imbuerunt
766 4745 877 4800 omnino
889 4751 1043 4815 peccatumt
1056 4750 1084 4797 et
1096 4740 1118 4796 si
1133 4749 1239 4810 peccata
1254 4748 1395 4811 remquam
1449 4751 1508 4808 set,
1518 4741 1629 4813 Δεάριιι
1641 4741 1768 4812 Spiritum
1777 4751 1890 4798 sanctam
1906 4743 2001 4816 (mun.
2013 4760 2059 4807 xx,
2073 4743 2130 4814 ιι).
2147 4743 2242 4815 Neque

607 4839 815 4902 committantur,
840 4845 868 4892 et
885 4834 970 4890 multo
989 4831 1073 4904 magis
1092 4847 1153 4903 qum
1173 4845 1307 4901 nunquam
1322 4843 1397 4883 cont·
1449 4834 1576 4902 scriptum
1603 4842 1675 4889 esset
1698 4834 1849 4889 inertibus
1866 4835 2071 4904 Apostolorum,
2094 4834 2243 4890 Fatuae

607 4928 687 4984 uttissa
701 4934 772 4994 sunt,
784 4923 903 4981 mmnari
915 4923 987 4995 justa
997 4924 1055 4994 lege
1065 4936 1117 4977 non
1130 4928 1257 4991 pessunt;
1274 4918 1338 4973 niltii
1350 4918 1397 4973 lto·
1449 4924 1531 4979 sabito
1544 4923 1577 4978 dr
1597 4923 1661 4979 eoeto
1674 4941 1752 4979 wana
1763 4964 1771 4990 ,
1782 4925 1854 4995 meai
1874 4928 1982 4996 serretur
1994 4927 2072 4996 ptura
2093 4926 2240 4990 ulam,

607 5032 665 5074 tum
680 5026 793 5088 quatuor
806 5015 857 5070 iste
870 5014 960 5070 dicat:
975 5022 1012 5080 ct,
1035 5013 1059 5069 ti
1079 5018 1177 5082 potest,
1192 5009 1316 5080 explicet.
1334 5023 1395 5079 par·
1449 5023 1473 5068 et
1485 5014 1546 5068 οιιω
1556 5015 1679 5070 tortitiis
1694 5015 1788 5086 iiam
1807 5015 1895 5069 diriter
1914 5015 1979 5069 rictu
1991 5015 2072 5086 iestis,
2085 5016 2130 5085 qai
2139 5025 2164 5070 et
2176 5015 2244 5069 inae·

606 5107 729 5165 rttlorttm
753 5092 951 5173 auimtefoucc
975 5103 1033 5159 sine
1056 5102 1191 5171 baptismo
1215 5108 1343 5156 exeuntes
1368 5099 1395 5154 in
1449 5103 1576 5172 ditmper
1586 5119 1786 5174 manuumque
1798 5119 1902 5170 mrem,
1919 5114 1943 5158 et
1962 5103 2058 5175 impteti
2075 5113 2135 5158 aaut
2156 5120 2243 5160 carm

606 5195 804 5253 damnationem
835 5194 992 5253 mittuntur,
1019 5205 1073 5261 otto
1104 5188 1201 5246 merito
1225 5190 1253 5244 in
1286 5203 1394 5244 caruem
1449 5191 1550 5262 spirita
1559 5193 1720 5263 sanctouct.
1730 5208 1759 5255 n,
1769 5192 1919 5263 autentu
1930 5194 1952 5247 si
1966 5193 2016 5248 boc
2028 5192 2242 5264 Prophetaprae·

607 5287 854 5360 peccatricemque
869 5284 935 5340 nillil
955 5290 1141 5354 peccaverent,
1163 5279 1251 5335 misse
1273 5288 1344 5345 stunt,
1366 5287 1396 5334 ot
1448 5283 1594 5349 nuntiavit,
1610 5282 1715 5348 dicens,
1734 5281 1785 5349 Qut
1798 5284 1942 5354 dormtum
1962 5285 2057 5355 populo
2075 5300 2153 5355 saper
2165 5285 2243 5339 nm!

604 5383 661 5440 iilic
681 5380 834 5437 investirent
854 5385 1003 5449 peccatum,
1018 5381 1126 5444 propter
1143 5371 1215 5444 quod
1237 5371 1333 5427 merito
1345 5371 1394 5426 da·
1447 5384 1475 5430 et
1499 5386 1624 5445 tanquam
1638 5391 1775 5444 exponens
1797 5375 1861 5444 ottid
1880 5376 1976 5432 dixerit
1997 5377 2104 5443 datum,
2119 5378 2244 5448 repetiuit

605 5482 770 5532 runarentur.
785 5472 871 5529 Porro
882 5470 905 5526 si
917 5479 1030 5541 nitatem
1042 5468 1092 5523 ista
1106 5466 1238 5531 devitans,
1256 5480 1316 5536 nunc
1328 5480 1394 5520 sana
1447 5476 1527 5537 atquc
1539 5466 1593 5532 ait,
1605 5476 1629 5520 et
1638 5467 1755 5536 ruricort
1767 5467 1922 5522 maumites
1932 5469 2008 5523 mar?
2019 5469 2093 5525 Tunc
2105 5469 2177 5525 enim
2185 5469 2246 5526 eri·

604 5567 725 5624 dtrctrina
738 5565 909 5628 condemnat,
924 5560 951 5617 id
964 5567 1014 5624 est,
1026 5559 1049 5614 si
1061 5573 1113 5614 nen
1126 5557 1228 5613 audens
1237 5557 1337 5622 dicere,
1352 5556 1392 5611 tel
1447 5558 1602 5613 deotissime
1627 5557 1726 5614 iactum
1748 5567 1804 5626 est,
1818 5559 1925 5630 ottando
1945 5560 2048 5631 impleti
2070 5570 2134 5616 sunt
2145 5576 2243 5619 omnes

602 5665 662 5720 sins
673 5663 730 5718 olio
739 5666 849 5731 peccato
864 5657 1022 5722 existentes,
1041 5667 1056 5707 a
1072 5652 1129 5708 lieo
1141 5649 1198 5707 lieri
1212 5651 1315 5705 aniruas
1329 5663 1394 5719 pec·
1447 5648 1548 5718 Spiritu
1557 5656 1659 5705 sancto.
1675 5650 1729 5704 dot
1742 5650 1765 5705 si
1779 5651 1897 5705 nottdum
1917 5651 2046 5708 dicendus
2059 5662 2100 5708 est
2114 5654 2242 5724 populas,

602 5755 725 5820 mtriccs,
738 5760 785 5806 aot
794 5749 852 5806 sine
865 5746 962 5804 Cirristi
976 5746 1151 5802 Sacramenta
1161 5741 1188 5796 in
1202 5741 1242 5797 eis
1255 5739 1322 5795 solui
1336 5738 1392 5794 ori·
1447 5750 1553 5798 cuntot
1565 5741 1656 5812 viginti
1670 5741 1803 5807 lucerinae,
1817 5742 1862 5812 qui
1872 5751 1936 5798 tunc
1947 5744 1974 5797 in
1985 5745 2045 5799 loeo
2056 5744 2239 5807 ttttoaderattt

602 5846 690 5916 gistela
703 5852 852 5915 peccatam,
867 5848 969 5895 anteat
985 5836 1082 5893 alicubi
1099 5847 1234 5905 peccasse,
1248 5841 1391 5901 antennam
1447 5833 1636 5904 certeqtrando
1648 5832 1727 5887 simul
1739 5841 1854 5903 quatuor
1870 5834 1911 5889 rel
1931 5835 2048 5905 quinque
2075 5835 2158 5890 millia
2179 5850 2242 5891 cre·

603 5936 774 5992 mitterentur
786 5934 813 5988 itt
829 5945 949 5998 cernent,
964 5938 1011 5985 atti
1029 5943 1060 5985 ea
1074 5942 1135 6000 quac
1147 5940 1281 5996 uunquam
1292 5923 1392 5980 tabee
1447 5923 1588 5988 dideruut,
1601 5933 1628 5979 et
1651 5922 1775 5992 baptizati
1795 5933 1955 5994 acceperunt
1969 5924 2097 5995 Spiritum
2117 5937 2242 5982 sattctam

601 6038 663 6084 rnnt
679 6026 708 6084 lu
727 6027 768 6083 cis
780 6033 887 6097 pereso
901 6022 1022 6080 damomi
1037 6039 1044 6075 :
1058 6021 1082 6077 si
1096 6021 1154 6076 lttcc
1171 6018 1251 6075 nobis
1269 6031 1321 6073 uon
1342 6031 1391 6071 aa·
1447 6013 1502 6087 (dd.
1517 6030 1555 6080 tt,
1569 6010 1636 6082 titt,
1659 6013 1719 6083 quis
1731 6012 1892 6069 dubitauerit
1916 6014 1996 6070 simul
2015 6014 2140 6085 popoinm
2161 6029 2240 6071 acec-

602 6122 667 6179 dens
677 6120 777 6186 dicem,
787 6117 912 6188 coortum
922 6131 976 6172 non
990 6122 1051 6170 sont
1064 6109 1285 6184 utiqeedieenda,
1295 6109 1392 6164 dixerit
1447 6106 1518 6176 pose
1532 6104 1659 6174 Spiritum
1676 6113 1807 6167 sanctem,
1823 6112 1851 6159 ct
1862 6104 2057 6160 multitudinem
2071 6118 2131 6174 qtae
2142 6104 2242 6161 amba·

601 6213 725 6286 tumulos
736 6225 789 6265 troo
805 6207 912 6265 trabere
925 6206 1055 6278 origittale
1068 6215 1216 6276 peccatam,
1231 6217 1280 6259 nec
1293 6202 1392 6256 ltaltere
1448 6198 1518 6253 intrat
1531 6198 1557 6252 in
1573 6207 1653 6259 terra,
1668 6195 1757 6261 idest,
1772 6196 1894 6252 bontims
1904 6197 2038 6253 calcantes
2048 6194 2241 6252 termnttliana

600 6304 670 6361 ooth
681 6303 850 6362 damnentur,
864 6299 886 6353 si
902 6314 954 6354 aton
969 6305 1079 6362 accepto
1093 6295 1265 6352 sacramento
1281 6306 1392 6362 regene-
1448 6289 1491 6345 liic
1503 6289 1548 6359 quui
1561 6270 1639 6342 datur
1650 6287 1683 6342 ad
1704 6295 1822 6341 ttaittram
1839 6286 1953 6342 bominis
1967 6287 2114 6358 pertinens,
2134 6285 2192 6344 tite
2206 6299 2239 6339 cx
