5592 7350
599 928 653 991 urii

600 1045 651 1099 stri
661 1040 819 1095 auctoritato
831 1038 960 1093 subversa
971 1043 1042 1097 suut,
1059 1048 1109 1089 nec
1119 1031 1230 1087 ulterius
1244 1029 1393 1100 objicienda

600 1146 662 1192 sunt
677 1133 764 1199 uoltis,
779 1131 870 1203 quide
890 1127 1011 1199 originali
1027 1134 1135 1196 peccato
1153 1140 1184 1180 ea
1197 1124 1319 1186 dicimus,
1333 1138 1394 1192 quae

598 1225 730 1285 distillo,
745 1222 789 1290 qiu
804 1234 889 1289 neque
905 1218 1021 1273 itomiuis
1041 1216 1204 1270 creationem
1223 1213 1330 1268 diabolo
1353 1222 1394 1266 st.-

601 1314 702 1377 triituit,
717 1326 803 1382 neque
826 1309 933 1379 nuptias
954 1305 1152 1370 condemnavit,
1179 1320 1264 1372 nequo
1285 1303 1393 1373 justitiae

600 1404 790 1477 perfectionem
805 1403 830 1457 iu
846 1412 941 1455 natora
953 1398 1069 1456 hominis
1079 1397 1239 1465 desperavit.

636 1497 747 1554 catut·
758 1495 800 1551 iii.
813 1524 849 1535 -—
859 1496 885 1551 5.
897 1495 933 1548 ile
941 1492 1115 1547 dooiutsrcro
1127 1488 1238 1543 residuis
1253 1502 1393 1557 argumen-

599 1590 636 1645 tis
649 1589 756 1649 restris,
768 1603 828 1659 qum
841 1586 874 1641 ad
887 1586 1050 1654 Baptismum
1074 1583 1218 1652 pertincnt,
1240 1597 1301 1634 mox
1317 1572 1393 1633 'ritic-

600 1682 687 1737 irimus
700 1680 762 1750 quid
775 1680 819 1733 ille
833 1679 874 1733 tir
889 1676 1014 1739 senserit,
1028 1685 1055 1730 et
1074 1673 1209 1742 quomodo
1230 1688 1277 1727 ros
1291 1671 1391 1739 ingenti

598 1771 670 1826 tnoie
695 1767 861 1824 auctoritatis
887 1767 1028 1821 obtriverit
1044 1766 1064 1818 ¹.
1087 1764 1154 1818 Dicit
1180 1762 1251 1817 euim
1277 1762 1302 1814 iu
1326 1760 1393 1814 liiuo

598 1872 691 1918 contra
705 1862 868 1916 Novatianos
885 1875 891 1911 :
911 1876 920 1910 t
938 1857 1038 1912 Omnes
1060 1855 1183 1911 ltoutiucs
1210 1853 1260 1908 sub
1284 1863 1393 1922 pecccata

599 1954 747 2018 rtactnnn,
762 1965 874 2021 qnorum
890 1950 947 2020 ipse
957 1957 1032 2001 ortus
1047 1947 1073 2000 iu
1090 1945 1215 2009 vitiocst‚
1228 1945 1297 1999 sicut
1309 1942 1393 1997 ltaltcs

600 2045 709 2106 lcctrnn,
732 2043 837 2095 dicente
867 2038 960 2103 Dauid,
984 2036 1049 2091 licre
1085 2036 1197 2090 enimin
1220 2032 1393 2103 iniquitatibus

599 2146 732 2201 conceptus
747 2149 812 2195 turri,
822 2141 845 2184 et
855 2132 882 2183 iu
893 2130 990 2184 delictis
1003 2131 1099 2199 peperit
1112 2144 1152 2180 ute
1162 2137 1241 2180 nsoter
1254 2141 1318 2178 ntro.
1331 2122 1392 2179 idco

598 2224 672 2280 Pauli
687 2240 749 2278 cat-o
763 2237 860 2291 corpus
878 2224 971 2275 mortis
998 2229 1065 2283 erat,
1091 2219 1161 2274 sicut
1184 2218 1242 2287 ipse
1260 2225 1307 2281 att,
1327 2216 1392 2283 Quis

552 2326 559 2333 ‘
597 2336 638 2375 ιιι
649 2318 762 2373 liberabit
785 2316 816 2371 de
842 2331 948 2382 corporo
971 2314 1059 2367 ruortir
1079 2312 1156 2382 liujus
1172 2310 1260 2383 (dont.
1272 2325 1318 2374 tu,
1332 2308 1392 2378 dili

596 2410 695 2467 (llrristi
709 2418 797 2464 autem
810 2420 874 2461 caro
888 2390 1022 2459 dato'nanit
1034 2411 1184 2473 pcccutum,
1197 2401 1268 2471 quod
1279 2415 1393 2455 nascens

597 2500 634 2555 do
645 2515 697 2553 uon
712 2497 807 2562 sensit,
822 2495 894 2565 quod
911 2494 1051 2548 moriendo
1064 2491 1207 2555 crttciitritr
1222 2499 1252 2545 ut
1270 2490 1296 2544 iu
1309 2505 1391 2545 carue

598 2600 689 2647 nostra
704 2596 776 2644 essct
797 2584 952 2655 justificatio
968 2583 1150 2652 pergratiam,
1178 2580 1225 2635 uiti
1252 2589 1309 2634 crat
1328 2586 1392 2633 autc

596 2680 713 2738 colluvio
736 2694 784 2749 per
808 2677 912 2746 culpam
929 2694 941 2731 ι
956 2673 1025 2745 (tto.
1040 2675 1051 2730 i
1065 2672 1096 2727 dc
1109 2671 1211 2733 Pleuit..
1224 2688 1282 2743 cop.
1293 2670 1333 2741 5).
1344 2669 1393 2726 iiic

598 2787 664 2828 sanc
679 2771 768 2826 omnia
788 2768 867 2822 sinurl
883 2776 971 2822 restra
996 2774 1150 2836 argumenta
1175 2764 1301 2819 sttbversa
1318 2771 1390 2818 sutri.

597 2863 625 2920 Si
638 2863 709 2918 entim
723 2876 816 2916 οιιιιιιι
834 2859 954 2914 itomiucs
969 2858 1019 2913 solt
1033 2863 1143 2926 peccatu
1153 2854 1298 2918 nascimur,
1322 2870 1392 2923 quo·

598 2971 658 3011 rum
673 2956 730 3025 ipse
746 2962 821 3007 ortus
832 2953 858 3007 in
872 2952 937 3006 uitio
950 2960 992 3005 est
1008 2967 1014 3002 :
1030 2963 1079 3007 cor
1092 2946 1156 3006 utiiti
1170 2961 1202 3001 ex
1217 2945 1270 3001 itoc
1284 2946 1390 3014 objicis,

597 3045 669 3114 qunti
682 3044 768 3100 dicam
779 3040 914 3099 diaitoium
927 3039 1064 3098 itnminum
1074 3046 1244 3100 creatorem,
1259 3051 1319 3091 cum
1340 3038 1393 3091 itoc

597 3136 688 3193 dicere
702 3148 744 3188 nte
755 3131 854 3197 videos,
871 3129 942 3201 quod
958 3128 1086 3194 illedixit,
1102 3128 1148 3197 qui
1164 3127 1300 3182 hominum
1313 3141 1390 3186 orca·

597 3235 683 3282 torem
697 3223 832 3279 diabolum
846 3236 907 3278 esse
922 3236 974 3276 nou
985 3221 1051 3275 dixit
1062 3220 1073 3274 i
1086 3220 1114 3275 Si
1135 3219 1262 3289 quoniam
1275 3217 1391 3275 ltominis

597 3326 674 3373 ortus
689 3317 715 3371 iu
730 3315 794 3371 titio
806 3323 858 3379 cst,
872 3313 934 3370 idco
943 3312 1010 3369 dicit
1022 3312 1117 3378 Dorici,
1133 3311 1198 3366 Ecce
1211 3313 1277 3365 enim
1299 3312 1327 3366 iu
1339 3312 1390 3366 ini-

596 3407 737 3479 quitatibus
749 3415 884 3477 conceptor
896 3420 963 3469 tum,
977 3413 1001 3458 et
1014 3403 1041 3456 in
1053 3404 1152 3458 delictis
1165 3403 1259 3472 peperit
1282 3418 1322 3455 me
1337 3418 1392 3457 ιιι·

597 3507 721 3561 morico:
744 3511 793 3551 noc
807 3502 915 3550 accusat
932 3508 984 3548 uox
1006 3493 1055 3547 ista
1076 3493 1194 3564 nuptiate
1216 3491 1390 3558 consortium,

596 3586 646 3643 aed
670 3586 798 3655 originale
823 3593 962 3655 peccatum
976 3598 1043 3638 :cor
1057 3598 1101 3637 nte
1118 3581 1304 3640 damnatorem
1325 3580 1393 3638 dicis

597 3692 659 3743 estc
671 3679 835 3747 nuptiarum,
848 3673 918 3745 quod
925 3674 1015 3729 dicere
1028 3690 1080 3730 uon
1088 3671 1199 3731 studebis
1208 3670 1392 3728 Ambrosiumi

597 3769 628 3826 Si
641 3769 766 3840 quoniam
779 3780 876 3821 onmes
900 3764 1023 3820 immittes
1037 3763 1087 3822 suit
1114 3773 1221 3832 peccato
1247 3762 1391 3831 nascimur,

596 3848 627 3916 et
640 3859 697 3929 ipsc
709 3868 786 3911 ortos
796 3855 920 3912 nosteriu
936 3853 1000 3910 sitio
1012 3864 1064 3920 est,
1077 3853 1138 3908 idco
1159 3853 1234 3909 Pauli
1249 3868 1312 3908 caro
1329 3868 1392 3908 cor·

601 3965 651 4022 pos
664 3952 759 4006 mortis
772 3959 841 4013 ernt,
867 3947 938 4004 sicut
957 3946 1071 4018 ipseait,
1095 3946 1157 4012 Quis
1178 3963 1216 4000 nte
1235 3947 1348 4001 tilernlit
1361 3950 1393 4003 dc

598 4057 705 4112 corpore
714 4040 802 4093 mortis
813 4039 910 4110 injus?
919 4038 975 4108 jaro
991 4037 1097 4094 tarttlem
1109 4039 1240 4111 perspicis
1257 4039 1338 4093 ctiam
1363 4054 1393 4094 sc

598 4133 687 4203 ipsum
700 4132 726 4187 in
740 4130 781 4184 itis
795 4130 851 4185 suis
860 4131 949 4191 scrisis
961 4129 1077 4186 voluisse
1090 4129 1201 4198 intelligi
1214 4129 1392 4199 Apostoiutni

599 4225 686 4296 ipsius
699 4239 763 4294 erpo
776 4223 886 4278 interior
900 4221 980 4283 ltomn
1001 4237 1064 4280 com
1087 4222 1317 4281 condelectaretur
1342 4223 1394 4293 legi

602 4315 661 4379 liei,
672 4314 780 4370 sidcitat
792 4314 871 4371 oliam
883 4314 969 4384 legem
982 4313 1008 4368 in
1024 4313 1153 4369 meinimis
1172 4314 1228 4368 suis
1245 4329 1393 4384 repugnan-

600 4414 654 4462 tem
668 4406 719 4476 lepi
732 4405 830 4465 utentis
840 4419 905 4467 som,
918 4413 946 4458 ct
960 4415 1100 4473 propterca
1115 4418 1224 4458 ιιιιιιι
1238 4418 1313 4460 soom
1327 4418 1389 4464 cur·

599 4513 650 4569 pos
662 4498 755 4552 mortis
766 4511 829 4553 osse
841 4494 956 4551 dicebat.
972 4494 1000 4549 in
1013 4495 1096 4564 ipsius
1107 4509 1172 4566 orgo
1184 4509 1264 4553 carae
1277 4509 1331 4555 uon
1344 4496 1392 4557 lta-

600 4587 824 4651 linostimum,
839 4583 1034 4656 propterquod
1051 4599 1103 4639 non
1123 4583 1194 4656 quod
1221 4585 1335 4649 rolehm,
1352 4585 1392 4641 ia·

515 4718 519 4724 -
601 4681 689 4737 ciebm
700 4679 817 4744 Ιιοιιιις
833 4677 880 4737 scd
896 4677 997 4736 maium
1017 4677 1087 4748 qood
1099 4678 1203 4743 oderat,
1226 4677 1277 4732 itoc
1299 4679 1395 4748 agebat

603 4770 690 4846 (dont.
703 4787 751 4838 uu,
767 4770 869 4842 i5-2il.
883 4769 925 4833 En
936 4779 991 4828 tota
1001 4779 1090 4829 vestra
1104 4785 1183 4830 causa
1197 4771 1321 4841 impulsa,
1334 4786 1395 4841 pro-

601 4869 695 4928 strata,
708 4862 833 4923 contuita,
846 4868 874 4916 ct
884 4860 957 4919 sicot
971 4860 1057 4931 puluis
1066 4875 1145 4931 qoem
1157 4862 1264 4931 proiicit
1274 4873 1394 4917 neotusa

602 4952 671 5009 iacis
682 4964 759 5008 terrae
772 4950 858 5023 (Psoi.
871 4967 890 5015 t,
906 4950 945 5024 i),
959 4952 999 5006 sic
1008 4952 1332 5024 acordiboscoromquos
1344 4954 1393 5011 tle·

602 5043 692 5112 cipere
710 5040 864 5110 ceperatis,
883 5041 908 5099 si
921 5041 981 5101 itmc
1002 5042 1137 5102 volueriut
1159 5042 1281 5112 deposito
1306 5044 1394 5098 strutio

602 5132 781 5191 contentionis
794 5132 922 5200 cogitare,
945 5131 1064 5204 projecta
1085 5142 1143 5190 ost.
1167 5133 1300 5206 Numquid
1322 5137 1392 5192 caint

603 5222 910 5295 Paulusapostoiosoou
922 5232 982 5285 erat
1000 5223 1169 5293 baptizatost
1187 5234 1234 5281 aot
1251 5227 1350 5296 aliquid
1369 5229 1393 5282 ci

602 5316 645 5372 rei
659 5314 839 5387 originalium,
852 5314 892 5369 rel
907 5314 1085 5385 propriorum,
1109 5313 1150 5369 rei
1172 5316 1337 5386 ignorantiae,
1352 5319 1394 5373 uei

602 5410 720 5466 scientim
735 5406 877 5476 rcmissum
889 5423 941 5461 non
951 5405 1035 5462 irrorat
1049 5409 1236 5478 pcccatorum?
1246 5409 1394 5479 Unticcrgo

603 5503 663 5564 talia
674 5499 844 5570 loquebatur,
860 5499 910 5552 uisi
926 5497 986 5566 quia
1001 5497 1027 5557 tt
1041 5498 1112 5569 qtunl
1127 5499 1181 5555 disi
1195 5500 1220 5555 in
1232 5501 1302 5560 libro
1322 5520 1392 5568 turso,

603 5601 681 5657 ttrite
695 5590 864 5662 rospondissc
878 5591 1011 5662 gloriaris,
1026 5591 1135 5656 ontuiuo
1145 5609 1237 5648 verritu
1258 5596 1318 5651 esti
1339 5596 1392 5651 lcs

601 5683 698 5753 quippo
723 5683 773 5738 ista
791 5682 904 5752 pcccati,
929 5696 989 5753 qum
1009 5682 1034 5736 in
1056 5683 1187 5743 nicrum-ts
1206 5694 1248 5740 est
1272 5688 1394 5755 caritot-is

602 5774 696 5842 mortis
720 5772 809 5842 nitius,
838 5783 865 5826 et
886 5774 997 5828 remissa
1019 5783 1061 5828 cst
1084 5777 1285 5844 regeneratione
1312 5778 1393 5847 spiri·

604 5863 679 5926 toali,
693 5874 722 5919 ιι
739 5873 830 5919 manet
851 5865 876 5919 in
901 5880 982 5920 carne
1003 5867 1109 5921 ntortali
1123 5893 1131 5920 s
1147 5868 1257 5924 remissa
1279 5869 1392 5936 scilicet,

601 5953 662 6024 quia
676 5963 767 6007 reatus
785 5954 843 6024 cjus
857 5955 868 5986 ¹¹
884 5955 988 6009 solutus
1008 5965 1050 6010 est
1068 5955 1252 6023 &toramentm
1274 5974 1328 6028 quo
1349 5976 1393 6015 rc·

602 6049 752 6101 msctrmor
767 6042 875 6106 fidelem
891 6054 980 6102 nrattet
992 6057 1092 6113 autcm,
1105 6049 1166 6120 quia
1183 6059 1309 6120 operator
1319 6051 1393 6108 desi·

603 6134 687 6201 dorm,
700 6142 795 6189 contra
805 6150 864 6204 qum
876 6137 1038 6194 dinticautct
1050 6138 1150 6197 iidclcs.
1166 6141 1222 6197 iioc
1234 6145 1394 6205 cstomniuo

634 6250 642 6283 i
661 6244 770 6298 ttonuuiii
782 6253 846 6305 tiss,
863 6247 986 6299 otirt‘oerit.

633 6312 643 6346 ⁸
656 6311 700 6373 iiic
711 6309 827 6370 ordinum,
837 6321 897 6371 ctus,
910 6322 940 6359 ιι
953 6317 1006 6366 itm,

993 919 1130 977 cottus
1150 916 1320 975 tuttttttttt
1340 917 1575 985 cdtsctttott,
1596 918 1624 973 S.
1646 917 1829 975 ttcusttst

2189 923 2244 977 oio

1447 1030 1518 1102 quod
1534 1030 1651 1085 iuuditus
1660 1031 1766 1085 subruit
1778 1030 1901 1086 itmresint
1922 1041 2046 1086 cestram.
2068 1032 2143 1099 Quinti
2159 1051 2244 1104 osque

1448 1121 1516 1177 adeo
1530 1122 1626 1177 ridetis
1638 1132 1666 1177 ct
1679 1123 1788 1184 timetis,
1810 1131 1838 1177 ιι
1851 1138 1903 1178 ιιι
1918 1124 1996 1177 aliter
2009 1139 2042 1179 ex
2061 1124 2103 1178 liis
2125 1136 2241 1197 aposto-

1448 1212 1506 1266 licis
1516 1212 1710 1269 uocilmsexire
1721 1214 1864 1278 conemini,
1882 1215 1931 1269 nisi
1939 1225 2037 1284 quanta
2052 1219 2164 1285 potestis
2177 1233 2244 1273 con·

1448 1302 1564 1359 tentione
1578 1307 1747 1372 asseveretis,
1767 1322 1820 1361 non
1840 1307 1895 1361 iilic
1925 1308 2006 1376 ipsius
2029 1309 2150 1378 spountt
2162 1312 2236 1365 acci·

1447 1392 1570 1461 piendam
1583 1409 1644 1450 esso
1659 1410 1810 1465 personam,
1826 1396 1872 1452 sod
1887 1396 1974 1456 adintc
1984 1399 2110 1468 sublege,
2123 1399 2241 1459 nondum

1447 1484 1497 1537 soit
1509 1486 1591 1554 gratia
1605 1488 1682 1555 positi
1697 1488 1843 1557 mtjttspiaut
1858 1487 1953 1554 tridui,
1977 1500 2068 1543 contro
2083 1506 2163 1560 quctn
2184 1506 2239 1545 sus

1448 1574 1524 1627 malsc
1534 1578 1746 1631 conrcrsrtiouis
1760 1578 1926 1632 consuetodo
1939 1590 2065 1648 pugnaret
2082 1597 2089 1631 ε
2107 1580 2183 1648 quasi
2197 1584 2241 1634 vis

1448 1662 1503 1731 ipsa
1516 1667 1716 1720 consuetudinis
1727 1667 1874 1735 deponatur
1890 1669 1915 1721 in
1931 1668 2076 1737 Baptisruo,
2088 1683 2114 1724 ct
2128 1685 2180 1725 nou
2193 1673 2241 1725 ad·

1448 1767 1539 1808 uersus
1553 1770 1612 1809 catu
1626 1757 1769 1826 cottiiipaut
1790 1759 1870 1812 etiarn
1893 1757 2028 1828 baptizati,
2052 1770 2125 1817 tauto
2145 1761 2241 1817 lortius

1445 1852 1526 1913 atique
1546 1849 1741 1911 reinerncntius,
1767 1847 1866 1918 quanto
1894 1852 1977 1918 magis
2003 1852 2108 1920 placere
2132 1855 2241 1909 student

1446 1934 1531 1990 oculis
1545 1935 1614 2005 cius,
1626 1939 1704 2006 cujus
1717 1940 1802 2006 grstia
1815 1940 1983 2009 adimantur,
1998 1958 2032 1996 ne
2046 1943 2128 1997 intui
2150 1956 2241 1998 certa·

1446 2024 1518 2080 mine
1532 2037 1702 2096 superentur.
1716 2028 1822 2096 Quodsi
1831 2039 1933 2085 attcute
1944 2032 2004 2089 sine
2021 2033 2166 2101 peruicacia
2175 2050 2240 2088 cort·

1446 2114 1564 2176 siderare
1578 2116 1720 2186 coluisses,
1731 2119 1850 2188 proiecto
1868 2122 1894 2177 iu
1911 2122 1966 2191 ipsu
1982 2124 2063 2178 ctiam
2076 2126 2101 2179 ui
2123 2140 2238 2182 consue·

1446 2202 1546 2263 tudinis
1559 2206 1702 2272 invenires
1719 2211 1854 2279 qttutttotio
1863 2214 2077 2279 coucupiscentia
2089 2215 2240 2273 remittatur

1446 2294 1572 2363 iuream,
1588 2307 1616 2352 ct
1637 2309 1742 2355 mancat
1757 2300 1782 2353 in
1796 2311 1867 2357 acto.
1880 2302 1972 2371 licque
1985 2305 2056 2360 cuim
2071 2306 2136 2361 niitii
2147 2307 2174 2360 iu
2187 2307 2238 2361 lto·

1445 2388 1517 2443 utine
1541 2391 1637 2459 agitur,
1673 2392 1779 2461 quando
1816 2396 2090 2464 concupiscentiarum
2116 2413 2235 2462 suarum,

1445 2481 1525 2535 etiarn
1538 2483 1634 2552 quilius
1648 2498 1701 2538 non
1715 2485 1859 2550 consentit,
1873 2487 1987 2542 stitnolis
1999 2488 2169 2559 inquietatur.
2182 2491 2235 2547 Scd

1446 2578 1533 2626 tameo
1549 2587 1601 2627 nou
1616 2582 1723 2642 propter
1736 2574 1788 2629 rim
1798 2578 1999 2632 consuetudinis
2013 2580 2165 2649 appellabat
2176 2597 2235 2636 car·

1445 2678 1506 2719 uem
1526 2678 1601 2720 suam
1637 2680 1735 2736 corpus
1758 2669 1851 2722 mortis
1870 2670 2033 2738 Apostolum
2056 2672 2104 2727 scd
2128 2683 2235 2744 propter

1447 2753 1519 2825 quod
1533 2756 1680 2812 rectissime
1692 2757 1824 2813 intciioxit
1834 2759 2000 2828 Ambrosius,
2012 2762 2074 2833 quia
2085 2766 2236 2819 omncssult

1445 2862 1554 2922 peccato
1566 2853 1709 2920 nascimur,
1724 2862 1752 2908 et
1772 2852 1828 2923 ipse
1841 2863 1916 2910 ortus
1937 2855 1964 2910 in
1984 2856 2049 2911 ritio
2073 2867 2125 2912 cst.
2153 2858 2235 2929 iltrjut

1444 2941 1501 2996 sitii
1515 2952 1619 2999 reatum
1632 2946 1688 3015 jam
1711 2945 1761 3000 silti
1776 2947 1802 3000 in
1816 2946 1980 3017 Baptismate
2000 2947 2082 3005 sitisse
2096 2949 2235 3006 dimissum

1444 3035 1568 3091 dubitare
1581 3052 1634 3091 non
1646 3046 1762 3107 poterat,
1779 3038 1827 3093 sed
1840 3047 1934 3093 contra
1951 3039 2011 3108 ejas
2023 3040 2235 3111 inquietudinem

1445 3143 1577 3199 pugnans,
1590 3128 1705 3200 primum
1714 3130 1748 3184 ait
1758 3144 1791 3184 eo
1800 3130 1869 3183 rinei
1883 3130 2073 3201 snirjoqarique
2082 3132 2235 3197 metucinat;

1444 3218 1542 3276 deinde
1554 3219 1618 3275 iicet
1630 3221 1737 3289 inuicte,
1753 3236 1806 3276 uon
1818 3221 1863 3276 diu
1873 3237 2001 3292 pugnare,
2012 3223 2059 3278 sed
2069 3223 2174 3279 lrostcm
2184 3241 2237 3282 iton

1444 3310 1545 3367 mitem
1569 3312 1695 3379 maisou,
1719 3312 1828 3383 quando
1853 3313 1969 3378 dicebat,
1994 3313 2131 3387 Hiserepo
2150 3316 2236 3383 iromn,

1445 3403 1502 3474 tptir
1514 3420 1554 3458 tue
1565 3404 1679 3459 iiieraiit
1691 3405 1723 3459 dc
1735 3421 1843 3476 corpore
1861 3407 1948 3461 »nortis
1964 3406 2062 3476 injus?
2080 3405 2169 3461 Gratis
2189 3408 2238 3462 oet

1445 3492 1593 3564 parietum
1617 3495 1745 3550 Christum
1769 3496 1908 3551 Dasminum
1932 3507 2045 3550 rourum
2071 3498 2174 3570 (uano
2188 3514 2236 3565 ιιι,
2323 3548 2327 3556 .

1444 3584 1565 3657 dietis)
1577 3587 1681 3642 :sciens
1698 3588 1756 3656 ejus
1765 3588 1849 3658 qratia
1863 3602 1913 3643 ruo
1924 3589 2012 3642 satiari
2026 3589 2062 3646 ab
2072 3590 2124 3650 isto
2134 3602 2239 3645 conco·

1446 3676 1593 3746 piscentiaii
1608 3689 1693 3744 motu,
1709 3681 1755 3750 qui
1769 3695 1818 3735 nos
1830 3680 1931 3750 alteim
1946 3682 2069 3752 originali
2081 3691 2157 3738 reatu
2181 3684 2238 3755 spi-

1446 3769 1533 3822 ritoali
1545 3772 1745 3839 regeneratione
1752 3773 1865 3826 sanavit.
1874 3772 1931 3827 iloc
1941 3773 2038 3828 tettan
2046 3775 2118 3843 quoti
2127 3775 2153 3829 iu
2162 3776 2240 3832 rolris

1446 3859 1512 3928 ipsis
1526 3861 1665 3915 atlvetsnnt
1681 3878 1730 3917 nos
1741 3865 1812 3932 ipsos
1823 3863 1969 3934 gerendum
1983 3867 2175 3935 suscepimust,
2190 3883 2240 3922 ea·

1445 3951 1584 4020 periuutor
1597 3951 1624 4005 in
1636 3966 1676 4015 se,
1691 3967 1778 4022 neque
1789 3969 1887 4024 negare
1901 3965 2022 4025 possiunt,
2037 3956 2154 4012 libidinis
2164 3972 2240 4014 aceo

1447 4042 1507 4097 rimi
1525 4033 1731 4113 expugnatores,
1757 4061 1809 4099 noo
1832 4047 2053 4116 impudentissimi
2075 4049 2239 4107 laudatores.

1482 4134 1510 4188 ii.
1531 4134 1649 4204 lienique
1666 4135 1730 4191 dicit
1749 4138 1829 4191 etiam
1842 4138 2074 4202 victoriosissimus
2092 4141 2240 4213 Cyprianus

1446 4222 1475 4278 is
1488 4224 1599 4292 epistola
1615 4239 1661 4277 sua
1675 4225 1710 4279 dc
1723 4224 1850 4281 Oratione
1863 4227 1995 4283 dominica
2010 4248 2017 4284 :
2034 4248 2044 4281 t
2060 4229 2131 4285 Fieri
2150 4242 2240 4287 atttem

1447 4313 1562 4384 petimus
1576 4315 1737 4370 uoluntatem
1759 4317 1805 4372 liei
1825 4319 1851 4372 in
1873 4320 1941 4374 coslo
1960 4330 1987 4375 et
2006 4321 2033 4375 in
2056 4331 2149 4376 terra:
2168 4323 2238 4392 quoti

1447 4413 1588 4474 utrumque
1605 4405 1640 4459 ad
1658 4409 1913 4463 consutunmtinocut
1933 4421 2032 4465 trostrrc
2052 4412 2240 4467 incolomitatis

1448 4495 1564 4564 pertinet
1576 4504 1604 4550 ct
1617 4496 1721 4551 salutis.
1736 4497 1801 4552 iiam
1812 4514 1873 4554 eum
1887 4514 2011 4570 corpusc
2026 4511 2105 4567 terra,
2118 4512 2147 4557 et
2160 4503 2240 4573 spiri-

1448 4595 1503 4640 tum
1517 4586 1700 4657 possideumos
1712 4603 1729 4644 e
1740 4591 1820 4655 coelo,
1835 4591 1884 4661 ipsi
1900 4602 1970 4647 terra
1984 4603 2009 4648 ιι
2023 4593 2121 4648 coeittm
2136 4609 2238 4659 sumus,

1447 4689 1475 4732 et
1489 4677 1515 4732 in
1535 4686 1657 4745 utroquo,
1673 4678 1698 4733 id
1717 4689 1759 4734 cst
1773 4682 1798 4734 in
1810 4695 1923 4753 carpino
1935 4692 1961 4738 ct
1981 4685 2008 4738 in
2026 4685 2132 4754 spiritu,
2152 4695 2180 4738 ut
2193 4685 2240 4740 lici

1447 4766 1572 4822 uolontas
1585 4767 1630 4821 dat
1643 4784 1762 4823 oramus.
1783 4770 1832 4825 list
1849 4772 1921 4826 cuitu
1942 4774 2012 4827 iuter
2024 4787 2131 4836 carnem
2146 4784 2174 4829 et
2186 4774 2240 4843 ttpi-

1447 4858 1530 4912 ritom
1543 4858 1704 4926 colluctatio,
1721 4869 1748 4914 et
1760 4861 1974 4923 discordantibus
1986 4863 2115 4919 adsersus
2132 4880 2162 4919 se
2173 4864 2241 4918 inri-

1447 4964 1506 5004 cem
1519 4950 1673 5020 quotidiana
1686 4954 1850 5023 congressio,
1865 4962 1895 5008 ιι
1909 4971 1962 5010 nou
1976 4972 2036 5026 qum
2048 4958 2170 5012 uolumus
2184 4957 2240 5026 ipsa

1449 5042 1591 5103 iaciamus;
1603 5043 1666 5098 tium
1677 5045 1786 5114 spiritus
1795 5048 1913 5103 colestia
1924 5057 1952 5104 ot
1961 5049 2048 5102 divina
2059 5050 2166 5120 qumrit,
2177 5063 2240 5104 maro

1448 5143 1553 5190 terrena
1568 5144 1595 5191 et
1608 5135 1748 5190 secularia
1758 5138 1934 5206 concupiscit.
1949 5137 1984 5192 m
1998 5137 2059 5193 ideo
2073 5138 2190 5207 potimus
2204 5140 2240 5194 iu·

1449 5233 1489 5278 ιιι
1500 5224 1554 5279 duo
1567 5226 1616 5281 ista
1627 5240 1680 5295 ope
1698 5235 1726 5282 ot
1741 5227 1841 5282 auxilio
1856 5227 1903 5283 [ioi
1923 5229 2094 5283 concordiam
2115 5229 2191 5296 lieri,
2212 5239 2240 5286 ιιι

1448 5314 1511 5369 dunt
1530 5325 1557 5370 ιι
1578 5316 1718 5386 ittspiritu
1737 5325 1765 5375 ιι
1783 5317 1809 5371 itt
1828 5332 1911 5374 carue
1924 5319 2045 5374 uolontas
2064 5320 2112 5374 lici
2129 5321 2240 5391 peritur,

1447 5423 1507 5476 qum
1520 5424 1568 5477 pcr
1580 5424 1640 5464 euru
1656 5417 1747 5468 renata
1760 5419 1802 5465 est
1813 5410 1900 5464 anima
1913 5426 2045 5466 serretur.
2058 5411 2135 5480 Quod
2148 5421 2244 5480 aperto

1448 5508 1526 5569 atquo
1539 5501 1677 5554 maniicsto
1695 5500 1831 5568 apiostolus
1843 5499 1942 5555 Paulos
1961 5516 2008 5554 sua
2021 5515 2087 5555 soce
2100 5501 2220 5556 declarat
2233 5520 2241 5568 c

1447 5589 1524 5661 Coro,
1539 5593 1633 5662 iuquit,
1650 5593 1804 5660 roncttpiscit
1821 5593 1941 5647 adsersus
1957 5593 2084 5665 spiritum,
2100 5603 2124 5647 ιι
2137 5595 2243 5664 spirituo

1448 5684 1568 5737 adsersus
1581 5700 1682 5737 caricem
1698 5699 1707 5738 .·
1723 5686 1776 5737 itur
1790 5685 1856 5737 erint
1874 5685 1980 5738 inritent
1993 5684 2160 5740 adsectentur
2173 5686 2243 5747 ott,-

1448 5784 1475 5828 ιιι
1492 5791 1544 5832 non
1563 5791 1619 5844 qtur
1637 5775 1711 5829 uetitis
1729 5775 1775 5828 ilio
1794 5775 1893 5845 [aciatis
1909 5793 1919 5826 r
1944 5773 2043 5845 (Galat.
2056 5791 2082 5838 v,
2102 5776 2157 5846 ii).
2175 5774 2243 5830 tito

1448 5865 1672 5935 quemadmodum
1692 5865 1805 5919 instruat
1825 5865 1985 5936 baptisatam
1998 5867 2126 5936 poputum
2147 5865 2244 5921 doctor

1448 5959 1591 6029 egregius:
1608 5956 1690 6026 (quod
1705 5958 1737 6011 ad
1753 5958 1912 6025 impuratum
1926 5958 1995 6012 cuim
2013 5959 2144 6028 pertineat
2156 5961 2244 6013 oratio

1448 6049 1591 6111 toricatos,
1613 6050 1672 6116 rpus
1692 6047 1853 6104 christianos
1871 6049 2005 6120 ignorctli
2029 6059 2058 6103 ιι
2076 6050 2243 6104 intmauam¹

1483 6137 1848 6199 Qmfflw‘.

1481 6202 1559 6248 ¹am.
1583 6209 1609 6249 et
1631 6207 1686 6257 tm,
1710 6208 1736 6250 ut
1773 6214 1885 6252 mmmmm
1910 6199 2069 6262 roirmtotcru,
2091 6199 2245 6253 umorum

1449 6271 1505 6310 tcnt.
1521 6265 1690 6335 'totanieusts
1703 6271 1886 6326 expunxerunt,
1903 6262 2061 6335 tmunmletttj
2082 6275 2131 6314 otto
2151 6261 2249 6334 saltent]

1452 6332 1527 6373 austu
1538 6332 1701 6387 toaitusrtpu.
