5592 7350
668 974 779 1025 canctus
806 967 947 1037 episeopus
975 964 1137 1036 Augustinus
1160 963 1288 1018 adversus
1312 962 1459 1033 discipulos

669 1063 728 1133 ejus
742 1064 770 1116 in
781 1060 869 1117 Sicilia
882 1058 1020 1129 respondit
1032 1058 1133 1113 Hilario
1143 1057 1176 1112 ad
1190 1056 1308 1127 subjecta
1321 1055 1434 1125 capitula
1450 1098 1458 1121 ,

669 1151 790 1206 scribens
812 1149 908 1204 librum
926 1146 964 1220 (a)
980 1148 1006 1201 in
1022 1163 1076 1218 quo
1100 1148 1150 1202 ista
1170 1145 1339 1200 continentur
1355 1163 1362 1198 :
1378 1144 1460 1199 Posse

668 1240 803 1296 bominem
817 1238 875 1295 sinc
888 1247 998 1307 peceato
1019 1252 1098 1304 csse,
1122 1237 1144 1291 sl
1168 1235 1230 1292 velit
1245 1253 1252 1289 ε
1268 1233 1392 1298 Infantes,
1409 1232 1459 1289 etsi

668 1347 721 1386 non
741 1330 917 1399 baptizemur,
932 1328 1031 1383 habere
1043 1328 1123 1381 vitant
1136 1336 1262 1381 aeternam
1278 1344 1285 1380 a
1303 1326 1401 1381 Diuites
1412 1323 1458 1378 ha-

667 1423 790 1492 priamus,
804 1419 853 1474 nisi
865 1419 989 1474 omuibus
1002 1418 1199 1484 abrenuntient,
1218 1416 1241 1472 si
1259 1416 1321 1487 quid
1334 1416 1396 1471 boni
1409 1415 1459 1469 visi

667 1513 767 1568 luerint
783 1512 882 1577 lacere,
898 1525 951 1565 non
967 1511 1082 1580 reputari
1097 1509 1161 1572 illis,
1177 1524 1264 1579 neque
1284 1524 1394 1579 regnum
1412 1507 1458 1562 liei

667 1619 748 1674 posse
761 1618 808 1659 eos
822 1603 930 1658 habere.
952 1602 1075 1670 Pelagius
1093 1601 1182 1656 dixit:
1199 1602 1237 1656 he
1257 1614 1336 1670 posse
1350 1600 1458 1671 quidem

668 1696 803 1750 hominem
816 1692 875 1747 sine
890 1699 998 1762 peccatu
1011 1705 1081 1758 esse,
1095 1690 1196 1746 dictum
1215 1698 1257 1746 est
1271 1689 1411 1759 superius.
1421 1690 1459 1743 lle

667 1799 701 1839 eo
715 1792 804 1839 autem
819 1780 888 1852 quod
909 1780 1008 1835 luerint
1029 1779 1151 1835 hominos
1165 1787 1227 1834 ante
1240 1778 1381 1834 adrentum
1404 1779 1457 1833 lio·

667 1874 733 1928 ruini
745 1873 802 1927 sine
815 1879 939 1941 peccato,
954 1870 1068 1925 dicimus
1084 1879 1111 1925 et
1132 1883 1182 1924 nos
1193 1869 1318 1940 quostiam
1332 1879 1394 1922 ante
1409 1867 1457 1922 ad-

667 1973 775 2020 rentum
808 1961 906 2017 Christi
937 1961 1062 2015 vixerunt
1083 1958 1190 2029 quidam
1212 1965 1304 2013 sancte
1321 1959 1456 2027 acinus,

666 2053 812 2111 sectrndum
833 2051 1029 2120 scripturarum
1043 2058 1193 2105 sanctarum
1208 2048 1376 2104 traditionem
1393 2063 1458 2103 :re-

665 2145 736 2214 liqna
755 2156 820 2199 aero
833 2151 860 2197 et
873 2140 1018 2196 seeundum
1034 2140 1153 2209 ipsorum
1174 2139 1372 2202 testimonium,
1394 2139 1456 2209 quia

665 2234 717 2291 ista
738 2248 791 2289 non
811 2241 873 2288 suut
894 2246 941 2301 pro
963 2231 1060 2301 quibus
1078 2244 1127 2300 ego
1140 2228 1293 2285 satisfacere
1311 2228 1423 2284 debeam
1435 2230 1456 2295 ¹,

666 2325 715 2382 scd
741 2333 829 2379 tamen
851 2321 885 2377 ad
902 2319 1109 2376 satisfactionem
1132 2328 1231 2375 sanetae
1254 2318 1370 2391 Synodi,
1393 2333 1458 2373 atra-

668 2416 811 2472 thematiao
829 2428 876 2470 eos
893 2412 939 2482 qui
961 2413 1001 2469 sle
1017 2420 1126 2478 tenent,
1146 2420 1191 2466 aut
1208 2409 1351 2482 aliquando
1364 2420 1456 2466 tenue·

666 2513 738 2560 tunt.
757 2524 768 2559 r

701 2593 815 2652 CAPUT
833 2592 891 2650 xit.
907 2622 945 2636 -
959 2593 1003 2649 ¹5.
1018 2592 1098 2657 Eece,
1115 2600 1144 2646 ut
1158 2590 1208 2646 alia
1218 2592 1349 2657 omittam,
1361 2588 1456 2645 ridetis

664 2684 902 2741 anathematizasse
911 2681 1045 2754 Pelagium
1056 2696 1103 2738 eos
1115 2682 1160 2751 qui
1171 2688 1272 2748 tenent,
1286 2700 1296 2735 r
1309 2681 1381 2751 quod
1391 2680 1456 2735 Adae

664 2787 803 2850 peecatum
817 2777 903 2848 ipsum
916 2776 1002 2831 solum
1017 2774 1125 2839 laeserit,
1139 2783 1167 2829 et
1185 2788 1240 2829 non
1256 2788 1341 2843 genus
1362 2772 1456 2827 huma·

665 2878 784 2938 num3et
799 2868 868 2942 quod
893 2867 1006 2923 inlantes
1028 2866 1073 2937 qui
1095 2873 1248 2930 nascuntur,
1276 2864 1303 2918 in
1325 2878 1359 2918 co
1383 2871 1454 2918 statu

664 2965 728 3030 sint,
742 2963 769 3017 in
782 2976 835 3031 quo
847 2960 932 3015 tuan
946 2958 995 3013 luit
1009 2966 1071 3012 ante
1085 2955 1339 3026 praevaricationem.
1359 2972 1368 3006 r
1385 2953 1454 3019 Quid

665 3067 729 3122 ergo
742 3049 786 3106 bic
797 3049 868 3103 aliud
880 3048 997 3119 episcopi
1009 3045 1115 3116 iudices
1130 3045 1278 3114 intelligere
1290 3052 1452 3113 potuerunt,

665 3142 717 3196 nisi
728 3154 789 3196 eum
801 3137 932 3204 conllteri,
952 3136 1022 3207 quod
1039 3145 1176 3205 peceatum
1196 3150 1229 3190 ex
1251 3133 1336 3188 Adam
1354 3133 1381 3189 in
1394 3149 1454 3203 grar-

667 3232 741 3286 rnlos
754 3229 888 3285 transeat?
899 3227 975 3296 Quod
988 3242 1022 3282 ne
1036 3227 1209 3282 consueretur
1222 3224 1375 3293 Caelestius,
1396 3224 1455 3279 haee

664 3321 792 3377 damnare
802 3319 896 3386 noluit,
908 3333 967 3387 que
979 3316 1030 3373 iste
1042 3316 1187 3372 damnarit.
1203 3315 1316 3370 Proinde
1328 3316 1351 3370 si
1363 3323 1454 3371 osten-

664 3414 745 3482 dero,
760 3414 839 3469 etiarn
853 3413 939 3482 ipsum
954 3410 1019 3466 nihil
1029 3408 1101 3465 alind
1111 3409 1253 3465 sentirede
1264 3409 1390 3478 parvulis,
1403 3409 1453 3463 nisi

664 3505 736 3577 auotl
747 3507 806 3561 sine
818 3504 871 3559 ulla
883 3506 1038 3574 cujusquam
1051 3502 1107 3557 vitii
1120 3501 1277 3570 contagione
1289 3510 1451 3566 nascuntur;

662 3596 727 3666 quid
740 3597 808 3651 inter
821 3595 899 3649 istum
910 3603 938 3650 et
946 3593 1100 3649 Ctelcstium
1114 3594 1140 3645 in
1151 3592 1200 3646 hac
1211 3592 1356 3661 qrraestione
1368 3590 1454 3645 dista·

664 3687 713 3755 hit,
729 3687 779 3741 nisi
798 3685 869 3756 quod
890 3685 935 3740 ille
953 3685 1080 3753 apertior,
1104 3683 1154 3738 isle
1177 3682 1306 3736 occultior
1325 3681 1391 3747 luit;
1410 3682 1454 3736 ille

663 3775 840 3849 pertinacior,
862 3775 912 3831 iste
932 3773 1102 3839 mendacior,
1117 3773 1158 3827 uel
1173 3781 1245 3827 certe
1261 3772 1304 3826 ille
1322 3772 1451 3833 liberior,

663 3874 706 3928 hie
720 3871 848 3928 astutiori
861 3869 906 3924 lile
919 3869 990 3923 enim
1005 3882 1054 3922 nec
1072 3867 1099 3920 in
1117 3865 1235 3920 Ecclesia
1249 3863 1451 3934 Carthaginensi

662 3965 790 4020 damnare
810 3962 904 4028 uoluit,
924 3959 995 4032 quod
1014 3961 1040 4015 in
1059 3959 1179 4014 llorrrana
1199 3966 1290 4027 postea
1310 3972 1339 4012 sc
1360 3966 1452 4011 tencre

662 4056 801 4112 coufessus
814 4062 864 4118 est,
879 4060 906 4109 ει
916 4053 1010 4123 corrigi
1023 4061 1174 4122 paratumst
1187 4065 1239 4104 erre
1253 4048 1449 4120 prolessusest,

661 4148 684 4202 ιε’
696 4148 719 4203 ei
732 4145 959 4227 toupuuurhorrrirri
970 4160 1040 4198 error
1052 4143 1170 4212 obrepsit.
1184 4143 1235 4197 iste
1245 4149 1333 4196 aulem
1346 4151 1374 4195 et
1386 4142 1450 4196 titud

661 4238 756 4308 dogma
767 4236 902 4292 damnarit
912 4246 1035 4305 tanquam
1046 4234 1207 4290 eontrarium
1219 4234 1333 4296 ueritati,
1346 4248 1380 4288 ne
1394 4233 1451 4302 ipse

660 4328 826 4384 acatholicis
838 4326 972 4398 jndicibus
985 4325 1172 4389 danrnaretur;
1192 4333 1219 4379 et
1240 4323 1265 4378 ld
1287 4323 1338 4380 sibi
1358 4322 1450 4378 deleu-

659 4419 775 4476 deudnm
791 4427 882 4490 postea
901 4419 1056 4484 reservarit,
1070 4426 1115 4472 aut
1126 4417 1290 4473 nterrdaciter
1301 4416 1448 4482 damnans,

658 4522 704 4567 aut
718 4511 812 4568 callide
825 4511 1012 4582 interpretans.

692 4621 805 4678 catut
819 4621 888 4677 lllll.
902 4652 938 4663 -
952 4622 996 4677 lt.
1018 4621 1071 4677 Sed
1091 4620 1168 4677 rideo
1181 4621 1214 4676 de
1227 4636 1271 4677 me
1286 4622 1340 4692 jam
1358 4622 1451 4691 justis·

657 4714 725 4769 sime
739 4713 879 4782 postulari,
895 4723 923 4767 ut
941 4711 1011 4782 quod
1027 4713 1151 4782 promisi,
1172 4720 1260 4766 utrum
1274 4719 1301 4768 ct
1321 4713 1378 4784 ipse
1399 4713 1450 4769 lioc

657 4803 754 4857 sentiat
772 4803 841 4872 quod
859 4802 1016 4870 Caelestius,
1039 4802 1224 4858 demonstrare
1243 4817 1295 4857 rron
1316 4801 1446 4857 dilleram.

657 4892 786 4962 inprime
804 4892 872 4946 libro
895 4892 1052 4948 recentioris
1072 4893 1161 4962 operis
1175 4893 1231 4959 sui,
1253 4892 1324 4964 quod
1342 4893 1448 4962 scripsit

658 4996 706 5051 pru
725 4981 821 5036 Libero
846 4982 982 5049 Arbitrio,
997 4982 1075 5051 cujus
1098 4983 1186 5052 operis
1211 4983 1237 5036 in
1267 4983 1360 5037 litteris
1383 4997 1449 5052 guars

658 5073 769 5126 horarum
790 5074 877 5139 misit,
891 5076 1170 5129 cornmenrorationern
1189 5074 1271 5130 lecit:
1298 5095 1308 5128 r
1324 5075 1420 5142 Oinoe,
1436 5097 1444 5129 r

658 5162 757 5232 iuquit,
784 5179 794 5212 r
812 5163 909 5217 bonum
922 5177 955 5217 ae
979 5163 1095 5231 malurn,
1115 5179 1167 5233 aruo
1181 5165 1223 5219 vel
1238 5165 1384 5221 laudabiles
1406 5167 1446 5221 rel

656 5252 843 5324 vituperabiles
855 5267 957 5321 sumus,
972 5269 1024 5309 non
1039 5255 1174 5310 uobiscum
1190 5257 1284 5323 oritur,
1299 5258 1345 5313 sed
1362 5259 1448 5329 agitur

656 5345 782 5399 ambis:
798 5359 908 5414 capaces
927 5343 998 5400 enim
1015 5346 1150 5416 utriusque
1168 5347 1223 5413 rei,
1239 5363 1290 5402 non
1310 5349 1380 5417 pleni
1398 5364 1446 5403 na-

655 5442 797 5507 scimur‚et
809 5451 838 5495 ut
849 5440 906 5496 sine
917 5440 1024 5507 uirtute,
1034 5440 1069 5495 ita
1079 5449 1106 5496 et
1118 5441 1174 5495 sine
1188 5441 1250 5495 vitio
1260 5455 1444 5512 procreamur:

654 5542 734 5603 atquo
753 5542 815 5589 ante
831 5532 963 5590 actionem
977 5534 1091 5604 propriae
1104 5535 1259 5602 uoluntatis,
1281 5535 1306 5590 id
1320 5536 1405 5591 solum
1420 5536 1446 5591 in

655 5624 761 5681 homine
775 5636 825 5691 est,
840 5625 910 5697 quod
926 5627 996 5682 Deus
1008 5626 1151 5682 condidit.»
1175 5627 1276 5699 Narnpe
1291 5631 1401 5686 cernitis
1419 5631 1445 5686 in

656 5715 697 5770 his
712 5716 808 5787 Pelagii
819 5717 917 5785 verbis,
927 5717 998 5789 quod
1010 5717 1104 5788 dogma
1117 5720 1285 5775 contineatur
1294 5721 1444 5788 amborum,

654 5805 688 5860 de
714 5807 829 5876 parvulis
851 5809 909 5863 sine
938 5808 1015 5863 ullius
1036 5809 1092 5863 vitii
1120 5824 1151 5863 cx
1180 5809 1264 5865 Adam
1289 5812 1446 5882 contagione

655 5896 834 5951 irascentibus.
861 5896 918 5952 Non
940 5899 1028 5970 itaque
1050 5899 1146 5954 mirum
1166 5907 1221 5966 est,
1244 5901 1314 5970 quod
1338 5915 1385 5957 eos
1400 5902 1445 5972 qui

686 6025 696 6059 ¹
707 6031 733 6074 ln
744 6023 836 6098 eodem
848 6026 919 6090 libro,
930 6042 955 6079 n.
966 6029 1007 6090 at,
1023 6027 1117 6096 religata
1131 6044 1187 6082 uero
1205 6037 1228 6082 et
1239 6031 1371 6084 meuudtort
1381 6031 1446 6098 ἰριο-

654 6096 709 6158 mart
720 6090 877 6138 uammmum
888 6103 903 6138 a
913 6103 952 6140 me
963 6091 1029 6142 dictu
1043 6104 1091 6142 rtoa
1106 6099 1170 6154 aaut,
1182 6106 1227 6158 pro
1238 6093 1323 6157 prditus
1341 6107 1387 6159 ego
1406 6109 1446 6147 aa·

653 6148 764 6258 ffiss‘pcfm
786 6160 833 6199 noo
854 6150 936 6203 debeo.
957 6153 1045 6202 Eadem
1065 6156 1140 6205 uerba
1164 6163 1310 6220 repetuntur
1335 6157 1444 6222 ibidem,

685 6271 721 6333 (m
738 6271 839 6332 epistola
862 6275 912 6338 liii,
924 6274 952 6326 ad
965 6275 1088 6326 hilarium.

1303 849 1332 906 s.
1354 840 1536 906 artuusnnt
1555 836 1709 907 uniscunt
1892 865 1894 870 ·
2263 855 2313 915 aa

1516 963 1628 1026 dieunt,
1646 984 1655 1015 r
1672 965 1737 1020 Adae
1753 975 1889 1036 peceatum
1913 966 1962 1037 ipsi
1983 967 2034 1021 soll
2056 968 2192 1034 abluisse,
2207 983 2237 1027 et
2259 989 2313 1030 raon

1512 1053 1608 1122 generi
1633 1054 1767 1119 humanam
1790 1064 1817 1109 et
1839 1056 1955 1112 infantes
1972 1057 2017 1127 qui
2040 1070 2205 1128 nascuntur,
2228 1062 2256 1117 in
2281 1080 2314 1121 eo

1512 1152 1580 1196 statu
1594 1158 1676 1208 esse,
1692 1144 1783 1212 inuno
1798 1146 1846 1199 luit
1860 1145 1944 1200 Adam
1958 1157 2020 1202 aute
2034 1152 2310 1220 prevaricationem»

1511 1233 1653 1289 Caelestius
1674 1234 1801 1291 damnare
1822 1236 1906 1291 noluit
1921 1255 1928 1291 ε
1943 1239 1990 1293 sed
2011 1240 2125 1295 multum
2139 1244 2238 1298 mirum
2259 1255 2312 1312 est,
2342 1267 2346 1286 ·

1511 1341 1562 1395 qua
1575 1324 1662 1381 lronte
1677 1326 1800 1397 Pelagius
1822 1328 1871 1383 ista
1891 1328 2067 1385 damnauerit.
2090 1332 2118 1389 Si
2132 1334 2226 1400 enirn,
2242 1338 2313 1395 sieut

1511 1416 1590 1481 dicit,
1618 1416 1743 1471 tunulum
1759 1434 1811 1471 uun
1836 1418 1972 1474 nobiscum
1997 1422 2101 1488 oritur,
2122 1432 2149 1478 ct
2169 1425 2229 1480 sine
2247 1427 2313 1483 uitio

1511 1525 1698 1580 procreamur,
1714 1520 1793 1580 atquc
1810 1520 1873 1567 atate
1885 1513 2016 1567 actionem
2039 1516 2153 1583 propriae
2166 1518 2312 1574 uoluntatis

1511 1601 1537 1655 it
1547 1603 1632 1657 solum
1647 1604 1673 1655 in
1689 1601 1796 1657 homine
1810 1611 1868 1667 est,
1883 1603 1953 1670 quod
1966 1604 2036 1660 Deus
2055 1606 2194 1672 condidit;
2217 1626 2228 1661 a
2246 1626 2309 1678 pro-

1511 1688 1580 1745 lecto
1600 1702 1737 1760 peceatum
1752 1690 1816 1745 Adae
1830 1692 1880 1761 ipsi
1899 1693 1949 1747 soli
1962 1694 2061 1758 obluit,
2084 1698 2146 1765 quia
2167 1697 2268 1752 nullum
2282 1700 2309 1756 in

1511 1780 1610 1848 prolem
1626 1782 1764 1836 transitum
1777 1780 1849 1836 lecit.
1873 1781 1932 1864 lion
1947 1783 2018 1837 enim
2032 1795 2173 1854 peccatum
2197 1804 2252 1842 non
2267 1800 2310 1845 est

1510 1870 1629 1933 malum,
1644 1881 1689 1925 aut
1705 1880 1841 1941 peccatum
1855 1888 1907 1926 non
1923 1880 1964 1927 est
1981 1874 2091 1940 vitium,
2106 1886 2153 1931 aut
2169 1889 2310 1947 peccatum

1511 1959 1581 2013 heus
1594 1959 1722 2015 condidit.
1743 1961 1812 2015 llicit
1823 1972 1912 2016 autom
1929 1964 1988 2029 iste,
2005 1981 2014 2014 r
2033 1964 2130 2019 hlalum
2146 1981 2200 2021 rron
2213 1969 2310 2024 nobis-

1509 2065 1570 2105 cnm
1582 2051 1685 2116 oritur,
1704 2059 1732 2105 et
1744 2051 1809 2107 sino
1823 2052 1887 2106 uitio
1903 2068 2094 2123 procreamur,
2109 2066 2138 2111 et
2151 2057 2203 2113 hoe
2218 2060 2309 2115 solum

1509 2150 1550 2195 est
1561 2143 1586 2196 in
1604 2144 1784 2209 nascentibus,
1798 2144 1870 2214 quod
1886 2146 1956 2199 heus
1977 2147 2122 2202 condidit.»
2140 2152 2180 2206 hc
2194 2166 2242 2221 per
2253 2153 2309 2210 hoc

1509 2244 1569 2284 cum
1592 2249 1602 2282 r
1622 2239 1758 2300 peecatum
1780 2232 1846 2288 aaa
1860 2234 1910 2303 ipsi
1923 2235 1973 2289 suli
1985 2236 2121 2304 abluisse,
2138 2256 2191 2295 non
2213 2244 2310 2311 generi

1509 2319 1652 2390 humano»
1667 2322 1812 2377 secuudum
1825 2324 1903 2378 istam
1919 2339 1993 2380 suam
2006 2330 2180 2395 senteutiam,
2195 2334 2309 2389 aerissi-

1508 2425 1580 2464 rnum
1593 2419 1676 2480 putet,
1687 2427 1734 2467 cur
1744 2412 1797 2468 hoc
1809 2412 1943 2467 damnauit
1954 2414 2088 2487 Pelagius,
2103 2421 2153 2475 nisi
2165 2431 2194 2476 ut
2202 2422 2308 2491 judices

1508 2502 1630 2557 catholici
1647 2503 1823 2559 lallerenturl
1846 2504 1975 2561 Similiter
1995 2508 2075 2563 etiam
2094 2510 2159 2566 illud
2180 2514 2236 2569 diei
2256 2530 2308 2584 po-

1509 2601 1559 2647 test
1575 2610 1583 2646 :
1601 2611 1611 2644 r
1626 2592 1654 2649 Si
1668 2595 1765 2650 malum
1781 2609 1833 2650 trun
1849 2597 1987 2653 nobiscum
2001 2600 2106 2666 oritur,
2128 2612 2155 2658 ct
2167 2604 2227 2659 sine
2240 2606 2308 2661 uitio

1508 2699 1698 2752 procreamur,
1723 2686 1803 2756 idque
1823 2687 1911 2742 solnm
1929 2699 1971 2744 est
1994 2691 2020 2744 in
2036 2691 2144 2749 homine
2164 2705 2305 2762 nascente,

1507 2774 1577 2843 quod
1592 2774 1806 2843 Deuscondidit;
1830 2794 1839 2827 r
1857 2779 2054 2849 proculdubio,
2071 2800 2081 2835 r
2098 2784 2144 2853 qui
2160 2797 2308 2842 nascuntur

1493 2924 1496 2929 ⁸
1508 2863 1632 2933 infantes,
1646 2865 1673 2919 in
1686 2881 1719 2922 eo
1731 2876 1801 2923 statu
1814 2878 1887 2936 suut,
1898 2870 1924 2924 in
1936 2886 1989 2940 garo
2001 2871 2085 2928 Adam
2100 2874 2149 2930 luit
2159 2887 2223 2933 ante
2235 2894 2308 2949 prae·

1507 2955 1705 3022 varicationem,
1719 2976 1729 3010 r
1744 2959 1788 3013 cui
1803 2961 1905 3016 nullum
1927 2960 2025 3018 nra‘lum
2038 2964 2184 3037 uitiumque
2201 2969 2301 3037 inerat,

1506 3058 1585 3115 atque
1600 3045 1626 3100 id
1640 3047 1727 3102 solum
1746 3047 1773 3102 in
1792 3049 1839 3106 illo
1861 3059 1934 3112 crat,
1961 3054 2031 3123 qnod
2048 3055 2119 3111 lieus
2133 3058 2305 3116 condiderat.

1507 3138 1538 3191 tlt
1553 3146 1642 3192 tamen
1658 3139 1893 3197 anathematizavit
1913 3144 2051 3215 Pelagius,
2069 3166 2080 3199 r
2094 3149 2140 3219 qui
2155 3158 2247 3207 tenent
2261 3166 2306 3209 aut

1505 3226 1650 3295 aliquando
1675 3237 1830 3295 tenuerunt,
1854 3232 1881 3286 in
1901 3248 1934 3287 eo
1948 3244 2020 3291 statu
2040 3251 2102 3293 essc
2125 3252 2251 3298 recentes
2272 3246 2305 3300 ab

1506 3325 1566 3372 ortu
1587 3319 1726 3387 parrulos,
1741 3320 1767 3374 in
1788 3337 1841 3391 apuu
1853 3323 1937 3378 Adam
1956 3325 2006 3381 luit
2025 3338 2087 3383 ante
2104 3335 2304 3402 praevaricatio·

1506 3422 1577 3475 irem,
1593 3427 1603 3461 r
1621 3408 1711 3476 idest,
1725 3411 1783 3466 sine
1792 3412 1845 3467 ullo
1858 3414 1938 3481 malo,
1951 3416 2009 3472 sine
2023 3419 2077 3472 ullo
2090 3421 2165 3488 ritio,
2181 3424 2206 3477 id
2217 3426 2304 3483 sulmn

1506 3498 1650 3565 habentes,
1674 3501 1745 3569 quod
1769 3501 1839 3556 heus
1859 3505 1987 3560 condidit.
2015 3507 2113 3579 thuid
2131 3525 2196 3584 ergo
2209 3525 2239 3570 et
2251 3515 2305 3574 huc

1505 3590 1640 3645 damnarit
1660 3590 1796 3661 Pelagius,
1817 3594 1868 3648 nisi
1883 3604 1912 3650 ut
1932 3597 2063 3655 catholica
2082 3603 2202 3673 synodus
2225 3605 2308 3661 lallc·

1505 3691 1589 3747 retur,
1604 3698 1638 3737 ne
1651 3697 1735 3737 riorus
1748 3682 1891 3741 haereticus
1905 3683 2102 3745 damnaretur?

1539 3773 1653 3829 catur
1667 3772 1737 3829 llll.
1749 3804 1784 3815 -
1798 3776 1841 3831 lii.
1855 3777 1931 3843 Quod
1946 3789 2034 3835 autem
2047 3783 2133 3850 scitis,
2149 3794 2177 3840 et
2190 3786 2262 3857 quod
2277 3789 2306 3844 in

1504 3878 1537 3919 co
1551 3866 1629 3920 etiam
1645 3866 1714 3920 libro
1729 3868 1821 3936 posui,
1837 3883 1916 3938 quern
1939 3870 1973 3926 de
1986 3874 2069 3942 gestis
2092 3874 2246 3933 Palaestinis
2268 3879 2305 3935 ad

1506 3954 1683 4010 venerabilem
1704 3968 1797 4012 senem
1820 3969 1941 4015 nostrum
1955 3963 2093 4018 Aurelium
2116 3967 2228 4036 scripsi,
2257 3970 2306 4028 illa

1504 4058 1554 4114 ugo
1569 4045 1577 4076 ¹
1592 4048 1766 4117 responsione
1786 4049 1902 4120 Pelagii,
1926 4059 2007 4106 totam
2030 4054 2106 4108 istam
2127 4059 2305 4126 quaestionem

1503 4145 1687 4204 eurrsurnptam
1699 4152 1759 4192 csse
1770 4139 1929 4208 gaudebam,
1944 4141 2136 4214 corilessusque
2146 4147 2212 4201 turibi
2224 4165 2306 4218 aper-

1505 4223 1605 4279 tissime
1615 4225 1764 4292 ridebatur,
1775 4242 1835 4282 csse
1846 4227 1872 4281 in
1883 4231 2000 4298 parvulis
2007 4234 2136 4303 originale
2147 4251 2301 4306 peceatum,

1502 4314 1643 4369 anathema
1655 4314 1768 4372 dicendo
1781 4318 1820 4372 eis
1834 4320 1879 4389 qui
1895 4331 2004 4388 peceato
2016 4322 2080 4378 ldae
2095 4325 2180 4395 ipsum
2197 4330 2303 4397 solutu,

1503 4419 1555 4458 non
1566 4405 1646 4460 etiam
1657 4420 1741 4476 geraus
1755 4407 1899 4465 humanum
1913 4412 2054 4469 crederent
2067 4414 2171 4485 lausum,
2185 4428 2214 4474 ct
2228 4421 2254 4475 in
2267 4437 2302 4476 eo

1502 4505 1573 4548 statu
1590 4495 1763 4564 opinarentur
1782 4513 1844 4554 esse
1864 4503 2006 4569 parvulos,
2029 4504 2056 4558 in
2080 4521 2133 4575 quo
2155 4508 2202 4564 ille
2219 4511 2302 4567 horno

1503 4583 1603 4654 primus
1620 4595 1683 4642 ante
1702 4590 1947 4656 praeuaricationem
1972 4591 2031 4647 luit.
2057 4594 2108 4649 Sed
2130 4609 2300 4668 posteacunr

1502 4674 1623 4745 legissem
1638 4688 1750 4746 quatuor
1761 4680 1819 4749 ejus
1831 4681 1924 4751 libros,
1940 4682 1975 4738 de
1992 4699 2106 4755 quornm
2125 4690 2214 4758 priano
2228 4692 2301 4748 libro

1502 4766 1580 4835 paulo
1598 4775 1660 4822 aute
1677 4782 1885 4824 commemorata
1906 4773 1987 4828 rerba
2013 4773 2158 4847 descripsi,
2178 4789 2209 4835 et
2227 4782 2302 4838 inre·

1501 4855 1600 4910 nissum
1619 4854 1753 4911 hominem
1772 4859 1859 4916 adhuc
1880 4871 1974 4917 contra
1993 4865 2152 4922 catholicam
2169 4869 2249 4925 ludent
2264 4872 2299 4928 de

1500 4946 1616 5016 parvulis
1630 4948 1808 5016 sentientem
1833 4952 1914 5021 plus¹
1930 4955 2020 5010 mirari
2033 4960 2116 5028 coepi,
2135 4972 2189 5016 tam
2209 4964 2298 5032 impu·

1501 5036 1567 5091 dens
1582 5037 1609 5091 in
1631 5040 1810 5096 eeclesiastico
1831 5043 1932 5113 judicio
1953 5048 2031 5104 etde
2053 5060 2125 5106 tanta
2149 5056 2299 5123 qrraestionc

1500 5129 1677 5184 mendacium.
1706 5134 1735 5186 Si
1752 5135 1823 5188 enim
1838 5138 1947 5191 eusdem
1961 5138 2043 5195 libros
2063 5151 2126 5198 ante
2148 5151 2203 5214 jana
2229 5147 2297 5202 seri·

1501 5230 1606 5290 pscrat,
1618 5223 1752 5291 qrrurnodo
1764 5238 1794 5279 se
1804 5226 1870 5280 dixit
1882 5243 1930 5283 eos
1941 5232 2182 5303 anathematizare,
2199 5240 2243 5309 qui
2258 5242 2298 5295 sic

1499 5311 1642 5382 aliquando
1668 5316 1835 5371 tenuerunt?
1855 5318 1884 5373 si
1907 5330 1995 5376 autern
2019 5337 2110 5393 postea
2137 5328 2202 5382 illud
2229 5334 2297 5401 opus

1501 5403 1633 5473 pollicitus
1653 5405 1664 5437 ³
1683 5417 1741 5470 cst,
1765 5410 1899 5478 quomodo
1927 5415 2160 5474 anathematizavit
2183 5423 2230 5491 rpri
2258 5423 2296 5478 sic

1501 5496 1616 5552 tenenti
1632 5497 1688 5552 Nisi
1711 5499 1822 5556 ridicule
1836 5502 1904 5559 lorte
1917 5504 2037 5562 dicturus
2050 5519 2106 5574 est,
2128 5526 2176 5567 eos
2195 5529 2226 5569 se
2247 5515 2296 5569 da·

1503 5602 1610 5644 mnasse
1621 5589 1667 5659 qui
1679 5591 1718 5646 sie
1728 5591 1871 5664 aliquando
1882 5606 2069 5668 tenuerunt,et
2077 5603 2120 5672 qui
2129 5605 2168 5659 sic
2183 5615 2296 5675 tenont3

1499 5677 1534 5734 de
1547 5687 1667 5748 tempore
1679 5691 1768 5738 autem
1778 5682 1889 5754 luthro,
1911 5687 1937 5742 id
1949 5698 2005 5757 est,
2026 5691 2065 5746 eis
2079 5694 2124 5762 qui
2136 5695 2175 5750 sic
2189 5695 2297 5756 luerunt

1499 5771 1643 5839 retenturi,
1656 5787 1706 5827 nec
1720 5774 1781 5842 sihi,
1795 5790 1845 5831 nec
1858 5779 1917 5834 aliis
1927 5780 2101 5851 praejudicare
2111 5787 2234 5854 potuisse
2246 5806 2255 5855 ;
2269 5801 2297 5847 ct
2344 5842 2346 5851 .

1499 5864 1560 5920 ideo
1574 5879 1626 5920 non
1640 5866 1723 5922 luisse
1737 5869 1898 5938 mentitum,
1914 5874 1975 5944 quia
1995 5883 2086 5944 postea
2108 5877 2297 5949 deprehensus

1498 5964 1539 6010 est
1552 5955 1591 6009 sic
1617 5965 1718 6010 tencre.
1745 5957 1798 6013 Sed
1814 5975 1868 6016 non
1889 5962 1941 6019 ltoc
1955 5963 2035 6033 dicit,
2052 5984 2105 6023 nun
2124 5971 2212 6026 solum
2232 5977 2296 6044 quia

1498 6046 1636 6101 ridiculum
1655 6056 1711 6113 cst,
1731 6049 1780 6104 sed
1799 6053 1860 6121 quia
1880 6070 1971 6110 remur
1986 6071 2046 6114 esse
2066 6076 2118 6115 nou
2142 6072 2240 6134 potest.
2266 6063 2295 6124 ln

1532 6161 1540 6191 ¹
1553 6161 1590 6209 sie
1599 6166 1651 6209 ttss.
1661 6167 1688 6209 tt
1700 6159 1768 6221 editi,
1776 6175 1843 6234 erpo.

1531 6222 1540 6250 ¹
1556 6226 1603 6268 tm.
1616 6225 1653 6269 tr.
1667 6228 1764 6280 etates..
1777 6237 1845 6287 prnu

1532 6282 1542 6315 ι
1556 6280 1753 6346 aeternaliter.
