5592 7350
641 881 693 948 ιιι

641 1005 988 1077 nnnllipsvoluutas,quando
995 1015 1035 1061 εει
1043 1007 1175 1062 uotnnuae.
1186 1005 1221 1062 Et
1232 1014 1334 1061 tanturn
1345 1004 1433 1059 valent

640 1101 742 1149 coede-nn
752 1096 911 1162 voluntates,
919 1104 947 1150 ιιι
955 1110 1048 1151 earum
1061 1106 1225 1161 naturarum,
1236 1109 1347 1165 quarum
1358 1102 1431 1158 sunt,

641 1184 738 1240 iaciant
748 1188 897 1257 qualitates.
913 1188 1008 1244 Namsi
1022 1199 1165 1258 quaeratur,
1182 1188 1268 1259 qualis
1278 1186 1313 1241 sit
1324 1186 1432 1254 angelus

640 1269 681 1321 ιιι
702 1268 781 1323 bonno
796 1272 873 1323 malnu
889 1272 1030 1325 voluntatis
1049 1289 1054 1324 :
1077 1271 1224 1326 rectissime
1243 1268 1429 1339 respondetur,

639 1345 738 1423 linium
754 1361 837 1429 nangis
847 1361 979 1430 accipiens
993 1362 1128 1432 qualitatis
1137 1377 1235 1416 uouncn
1245 1375 1278 1415 cx
1293 1360 1431 1413 voluntate

640 1450 719 1514 onnia,
734 1466 812 1519 quam
828 1467 859 1505 en·
875 1462 968 1506 natura
982 1453 1061 1508 bona.
1074 1452 1203 1521 Quoniam
1214 1460 1307 1506 natura
1320 1458 1362 1504 εει
1374 1451 1430 1519 ipsa

638 1541 784 1598 substantia
796 1543 950 1598 ‹lbonnitatis
959 1555 983 1599 et
991 1546 1096 1600 malitia
1106 1560 1189 1615 capax
1200 1561 1206 1599 ε
1217 1544 1432 1614 bonitatiscapax

636 1637 689 1692 est,
703 1632 904 1701 participatione
914 1636 975 1691 boni
985 1651 1000 1690 a
1010 1650 1062 1708 quo
1074 1635 1191 1691 ιιιειιεει
1206 1653 1213 1688 :
1228 1635 1355 1690 malitiam
1367 1648 1431 1688 vcro

636 1730 708 1791 capnt
722 1738 774 1778 uon
788 1726 990 1796 participatione
1005 1726 1080 1791 unali,
1094 1724 1142 1782 sed
1158 1726 1305 1797 privatione
1320 1724 1392 1788 boni,
1405 1722 1431 1778 id

637 1822 689 1877 εει,
715 1830 767 1869 nou
789 1830 849 1871 curu
865 1816 991 1872 miscetur
1013 1828 1114 1872 uaturre
1127 1832 1187 1888 quae
1208 1814 1315 1886 aliquod
1330 1815 1429 1869 malurn

637 1911 680 1955 est
693 1902 714 1969 ¹,
729 1904 790 1974 quia
804 1905 875 1960 nulla
898 1916 991 1962 natura
1004 1908 1029 1961 iu
1044 1914 1171 1978 quantum
1190 1915 1283 1960 natura
1306 1912 1356 1971 εει,
1373 1918 1431 1956 nna·

637 1992 692 2046 lunu
708 2006 748 2049 est
759 2013 766 2058 ;
778 1996 824 2051 sud
838 2011 898 2051 cum
911 1997 999 2053 deficit
1011 2014 1026 2052 a
1036 2009 1126 2053 natum
1138 2014 1196 2068 quae
1208 2003 1430 2065 summorumque

637 2083 852 2144 incommutabile
872 2098 914 2145 cst
933 2090 1051 2157 bouum;
1076 2102 1216 2161 propterea
1237 2089 1298 2160 quia
1320 2103 1373 2144 urm
1395 2086 1429 2143 de

637 2177 693 2244 iila,
707 2178 753 2234 scd
768 2181 800 2235 dc
814 2172 897 2237 nihilo
910 2177 978 2238 lacta
998 2193 1049 2238 est.
1069 2182 1195 2252 Alioquin
1208 2197 1256 2237 nec
1271 2180 1369 2234 unalmu
1382 2195 1429 2231 vo·

636 2270 764 2328 lemanem
780 2267 878 2329 babere
892 2284 991 2345 posset,
1008 2275 1058 2330 uisi
1074 2274 1207 2331 mutabilis
1218 2283 1299 2330 esset.
1317 2270 1429 2327 llotabi·

637 2363 670 2417 lis
684 2370 764 2435 porro
777 2376 869 2420 natura
882 2382 934 2421 uon
948 2375 1029 2429 osset,
1043 2368 1065 2422 si
1080 2366 1113 2423 de
1128 2367 1181 2421 ilco
1192 2373 1275 2428 esset,
1291 2373 1319 2420 et
1332 2377 1384 2417 uon
1394 2361 1428 2415 ab

635 2455 683 2511 illo
697 2458 730 2512 de
742 2460 824 2513 uilnilo
837 2460 904 2515 lacta
919 2471 998 2515 essct.
1013 2461 1179 2531 Quapropter
1191 2460 1320 2517 bonorum
1333 2465 1428 2513 auctor

634 2557 676 2602 εει
690 2549 770 2612 Deus,
790 2549 852 2605 dunu
868 2562 961 2606 auctor
972 2561 1014 2607 est
1027 2563 1179 2609 naturarum
1197 2569 1204 2607 ι
1220 2567 1331 2622 quarum
1346 2565 1428 2620 spon·

635 2647 730 2693 raucus
741 2636 862 2697 delectus
874 2658 888 2697 a
902 2643 982 2711 bono,
995 2661 1048 2700 nou
1063 2644 1186 2700 indicata
1197 2660 1250 2715 quo
1263 2643 1340 2699 laena
1353 2651 1425 2708 suut,

634 2718 681 2783 ved
696 2731 765 2786 unde
777 2731 853 2789 lactae
862 2746 933 2789 suut.
954 2736 988 2791 Et
1002 2738 1054 2791 buc
1063 2753 1115 2791 nnou
1128 2747 1168 2793 εει
1178 2735 1288 2807 aliquid,
1299 2736 1425 2807 quoniam

535 2849 537 2854 ·
633 2822 740 2888 pennitus
753 2821 817 2876 uiinil
828 2832 888 2892 evt;
901 2833 929 2880 ει
941 2824 1002 2882 ideo
1014 2842 1067 2882 non
1079 2835 1168 2898 protest
1177 2836 1312 2883 auctorem
1327 2825 1426 2880 babere

632 2910 704 2981 quud
717 2912 782 2967 ullnil
797 2923 847 2968 εει.
1107 2924 1109 2926 ’

669 3001 714 3057 58.
738 3003 907 3075 Quapropter
929 3004 998 3063 sicut
1023 3004 1178 3065 adversatur
1201 3008 1338 3064 catinolicre
1364 3007 1425 3063 lldei

632 3086 803 3163 ltanuunaus,
819 3096 871 3153 lnoc
880 3106 932 3164 est,
946 3096 1012 3156 ildei'
1020 3100 1139 3157 veritatis
1149 3117 1271 3173 veroque
1285 3101 1390 3171 pietatis
1401 3102 1423 3167 ⁸,

632 3186 678 3255 qui
691 3186 790 3242 bonurn
802 3197 830 3245 et
843 3181 942 3245 malurn
954 3190 993 3245 sio
1007 3191 1077 3248 iuter
1088 3209 1117 3249 se
1128 3193 1194 3249 dicit
1207 3209 1267 3250 esse
1278 3193 1423 3260 contraria,

632 3287 723 3333 ιιιιιιιιι
738 3291 858 3337 naturam
877 3298 938 3338 cum
951 3283 1068 3340 deilcita
1091 3284 1172 3352 bonu,
1192 3285 1264 3342 dicet
1285 3286 1342 3341 lieri
1365 3300 1423 3339 ma·

631 3367 685 3425 iam
700 3369 721 3436 ⁸,
738 3371 877 3444 ipsumque
889 3373 1022 3431 deiectum
1035 3377 1093 3444 ejus
1107 3392 1167 3433 csse
1180 3378 1278 3433 malum
1293 3377 1362 3448 eius,
1376 3376 1425 3433 seni

631 3461 720 3531 potius
730 3463 815 3532 ipsum
830 3464 928 3520 nnalum
942 3467 1011 3522 dicat
1022 3483 1082 3523 εεεε
1096 3478 1228 3536 naturannn,
1242 3477 1279 3537 ει,
1293 3470 1363 3539 quud
1383 3480 1426 3525 εει

631 3550 761 3619 inmanius,
776 3554 835 3610 siue
849 3556 924 3611 initio
936 3543 1124 3627 sempiternam
1138 3576 1145 3623 ;
1160 3575 1272 3630 eamque
1285 3561 1425 3630 appellat‘

630 3654 729 3713 corpus
752 3652 780 3700 et
800 3646 941 3715 spiritum;
965 3663 1063 3718 corpus
1083 3650 1205 3706 videlicet
1226 3649 1296 3707 unde
1315 3651 1425 3721 spiritus

631 3745 767 3804 operetur,
781 3737 902 3806 spiritum
924 3754 987 3794 vcro
1000 3741 1043 3811 qui
1058 3750 1183 3811 operetur
1201 3758 1235 3796 cx
1247 3758 1359 3812 corpore
1370 3743 1423 3798 :ita

632 3823 704 3883 bunc
718 3828 898 3884 adversarium
915 3829 975 3885 iidci
996 3829 1048 3886 dici
1064 3846 1115 3885 non
1131 3841 1219 3902 potest
1232 3840 1359 3901 quantum
1374 3831 1423 3886 ad·

630 3919 714 3988 luvet,
737 3921 781 3990 qui
795 3921 863 3976 onala
885 3937 917 3975 ev
931 3922 1008 3977 bouis
1028 3923 1091 3977 oriri
1107 3931 1195 3992 negat,
1212 3933 1238 3978 ct
1259 3923 1283 3977 iu
1300 3923 1423 3979 canitiem

631 4022 738 4063 seusunn
759 4010 855 4080 accipit
869 4010 939 4082 quod
953 4011 989 4066 ait
1004 4012 1140 4079 Dominus,
1154 4011 1236 4067 Arbor
1246 4011 1312 4067 iona
1326 4014 1424 4080 [ructus

631 4101 713 4153 moion
726 4116 776 4153 uon
790 4100 851 4170 fucit
867 4116 876 4155 .·
890 4117 949 4156 cum
965 4102 1009 4156 ille
1023 4103 1149 4173 magister
1170 4104 1250 4167 Deus.
1267 4119 1318 4157 non
1333 4105 1424 4174 utique

632 4199 752 4245 naturam
774 4200 916 4245 constntuat
934 4193 1067 4259 arborem,
1082 4209 1113 4248 er
1123 4208 1174 4264 qua
1188 4193 1288 4249 ivuctus
1300 4195 1334 4250 de
1347 4193 1424 4265 quo⁸

633 4279 801 4350 loquebatur,
827 4282 941 4349 existat;
967 4284 1013 4338 scd
1027 4284 1188 4340 voluntatem
1202 4300 1248 4340 seu
1264 4286 1360 4341 bonam
1375 4301 1424 4341 εειι

632 4371 739 4434 unalann,
755 4371 856 4428 tructus
869 4382 957 4429 autcnn
971 4390 1064 4444 opera,
1079 4392 1139 4445 quae
1151 4391 1200 4431 uec
1214 4378 1282 4432 bona
1300 4378 1424 4433 volunta·

632 4464 666 4519 tis
688 4465 775 4533 anaia,
792 4481 841 4520 uec
863 4466 930 4520 mala
953 4475 1066 4535 possunt
1088 4481 1149 4522 esse
1169 4467 1312 4524 voluntatis
1335 4469 1422 4524 bouus.

632 4554 688 4610 lluc
700 4564 740 4611 cst
753 4559 823 4610 euim
838 4554 907 4625 quod
927 4556 973 4618 aii,
986 4556 1068 4610 dabor
1085 4558 1152 4612 nnnutu
1167 4561 1264 4629 [ructus
1282 4559 1359 4615 bouus
1373 4578 1424 4615 ιιοιι

632 4649 704 4720 (ocii,
719 4658 741 4702 et
753 4648 827 4702 orbor
837 4647 902 4702 boue
914 4651 1012 4718 [ructet
1025 4649 1106 4703 aonios
1118 4666 1167 4702 nou
1179 4649 1240 4719 fucit
1252 4650 1359 4720 (Mollia.
1373 4669 1422 4722 virg

626 4739 677 4809 lt>
693 4757 699 4793 :
712 4750 835 4810 tanquam
848 4738 958 4801 diceret.
971 4739 1026 4796 Nec
1037 4743 1116 4810 opera
1128 4740 1196 4794 bona
1208 4742 1331 4796 voluutas
1340 4745 1421 4810 inula,

631 4845 683 4885 acc
702 4832 770 4884 maia
793 4845 873 4897 opera
893 4828 953 4884 iacit
976 4831 1097 4885 voluutas
1119 4830 1283 4886 bonallam
1306 4833 1422 4901 ipsarum

631 4922 767 4986 arborum,
790 4921 887 4987 idest,
912 4922 1028 4993 ipsarum
1044 4921 1206 4976 voluntatum
1230 4923 1253 4978 si
1269 4934 1424 4993 munerantur

631 5009 763 5078 origiocs3
786 5027 844 5078 quae
867 5020 1030 5079 occurrunt,
1046 5013 1096 5067 uisi
1118 5023 1229 5078 uatnnrae,
1253 5030 1318 5084 quas
1339 5015 1423 5070 bonas

631 5103 703 5157 licus
715 5099 854 5156 condiunt
869 5103 906 5155 Αε
921 5117 968 5170 per
983 5101 1034 5157 lnoe
1052 5118 1084 5157 cx
1098 5103 1174 5157 bouis
1188 5112 1244 5157 orta
1259 5113 1321 5158 sunt
1335 5107 1420 5172 nuala,

631 5210 685 5250 oon
700 5210 732 5249 cx
746 5191 824 5248 bouis
844 5192 1022 5248 voluntatibus
1041 5210 1122 5267 opera
1137 5195 1216 5260 mala,
1238 5197 1284 5251 sed
1300 5213 1332 5253 cx
1344 5199 1423 5256 bonis

630 5286 733 5341 natnnris
748 5286 895 5340 voluntates
910 5285 996 5339 anaia.
1015 5284 1084 5351 Quid
1098 5301 1162 5356 crgo
1181 5287 1220 5340 sic
1234 5296 1309 5358 optut
1328 5288 1423 5345 audire

630 5379 801 5446 lianicbaeus,
825 5383 894 5432 sicut
906 5393 938 5432 cx
959 5377 1036 5432 bunis
1050 5377 1118 5432 mala
1134 5393 1193 5433 esse
1215 5394 1267 5433 uun
1291 5394 1378 5447 posse,
1394 5389 1423 5435 ut

629 5456 755 5543 quoniam
774 5470 866 5541 negari
890 5485 941 5524 nou
957 5478 1043 5540 potest
1069 5484 1129 5526 csse
1151 5469 1230 5536 nnala,
1254 5469 1318 5525 nibil
1341 5480 1423 5527 restet

537 5599 542 5606 ·
629 5564 681 5619 nisi
697 5573 724 5617 ιιι
738 5579 771 5620 ex
796 5563 867 5618 malo
890 5561 953 5629 siut,
975 5561 1044 5616 εἰει
1067 5562 1143 5618 bouis
1164 5562 1266 5615 naturis
1286 5575 1345 5617 csse
1368 5579 1421 5616 uun

546 5632 557 5643 ”
630 5660 760 5723 [ιιιεειιιιις
775 5666 807 5708 ec
821 5651 860 5706 sic
882 5652 940 5706 sine
960 5650 1034 5706 initio
1056 5649 1170 5706 babeant
1192 5651 1320 5721 originem
1345 5666 1420 5706 suano

630 5747 698 5800 anaia
713 5755 834 5800 naturam
848 5742 921 5812 mali,
942 5759 1001 5815 quae
1014 5743 1071 5799 siue
1083 5743 1157 5799 initio
1172 5758 1277 5811 scmpcr
1291 5743 1379 5811 luerit,
1395 5753 1422 5799 et

662 5923 669 5952 ¹
688 5921 757 5980 editi,
766 5933 813 5972 neu
821 5919 985 5973 εοιιιιιιίιεειιιι
994 5931 1089 5973 nuturoe
1099 5931 1153 5983 qntoe
1164 5917 1256 5985 aliquid
1267 5917 1356 5970 nmium
1364 5925 1398 5970 ert
1412 5933 1421 5970 .·

630 5983 749 6046 punitoque
760 5990 822 6055 pnost,
831 5980 874 6034 ved
885 5981 942 6047 pute
953 5980 1035 6047 deficit
1046 5995 1061 6033 ιι
1071 5987 1167 6044 neimo,
1178 5990 1226 6032 etc.
1236 5981 1396 6032 emendantur
1407 5994 1421 6030 a

628 6057 748 6096 mousom
766 6052 804 6094 ins.

660 6109 670 6137 ¹
688 6059 786 6163 ouidgnn
796 6113 861 6163 mss,
870 6103 917 6174 ¹boc
928 6111 972 6163 ιιι,
980 6102 1048 6170 fidei,
1062 6102 1164 6167 veritati,
1178 6117 1285 6169 ιειιειιιιε
1296 6103 1386 6169 picturi.

661 6169 671 6200 ⁸
689 6164 772 6215 vlurcs
784 6175 845 6224 ttss,
857 6167 1021 6229 periuratum.

661 6232 670 6260 ⁸
689 6227 1022 6291 tiorieceusivlis..opt·eilci.

659 6290 670 6326 ⁸
689 6291 755 6348 editt,
774 6289 803 6340 dc
815 6304 870 6352 qnun.
888 6298 1034 6352 instigantur
1051 6289 1079 6340 ed
1097 6292 1277 6354 manuscriptus.

1037 882 1175 947 conius
1193 879 1362 948 ιιιειιιιιιι
1382 877 1614 955 reluctantur,
1634 886 1664 946 s.
1684 881 1866 949 uoobslmr

1486 1002 1539 1059 sint
1552 1001 1611 1057 duae
1624 1013 1734 1067 naturae,
1751 1018 1800 1058 una
1821 1004 1892 1069 boui,
1916 1003 2000 1060 altera
2013 1005 2226 1067 nantuacense
2237 1024 2279 1068 est

1485 1090 1556 1145 enim
1572 1100 1600 1144 ut
1620 1100 1667 1145 aut
1687 1092 1757 1146 nulla
1779 1076 1834 1146 siut
1854 1093 1931 1158 tnaia,
1955 1102 2001 1148 annt
2015 1110 2048 1149 ει
2070 1094 2150 1152 bunis
2172 1101 2276 1155 naturis

1485 1183 1559 1256 siut,¹
1573 1192 1619 1236 aut
1640 1199 1672 1238 cx
1691 1184 1778 1238 unalis.
1806 1184 1833 1239 Si
1847 1185 1991 1240 dixerimus
2007 1186 2078 1242 nulla
2100 1204 2161 1243 εεεε
2186 1196 2271 1260 mala,

1485 1269 1581 1327 irustra
1592 1273 1705 1329 dicimus
1716 1276 1779 1342 ilco,
1792 1274 1938 1330 Libertinos
1950 1293 1966 1329 ιι
1976 1278 2042 1330 uteie
2052 1277 2156 1349 (illumin.
2167 1296 2205 1348 vt,
2220 1283 2280 1356 15).

1485 1363 1513 1417 Si
1535 1374 1624 1419 autem
1648 1365 1802 1427 dixerimus,
1828 1382 1881 1420 nou
1900 1366 1963 1422 oriri
1979 1369 2047 1422 urnula
2063 1371 2113 1422 uisn
2129 1386 2162 1425 cx
2183 1373 2272 1441 nivalis,

1485 1451 1627 1511 liauiclnaea
1644 1457 1793 1525 pestilentia
1807 1458 1988 1528 triumphabit,
2001 1468 2139 1530 totumque
2152 1464 2280 1528 vastabo,

1484 1553 1512 1601 et
1524 1546 1606 1616 ipsios
1619 1548 1665 1602 bet
1682 1555 1807 1618 tauquam
1823 1548 1978 1605 mutabilem
1993 1560 2114 1604 araturam
2130 1552 2208 1607 malm
2230 1568 2263 1607 ua

1485 1643 1551 1691 turae
1575 1638 1764 1694 commixtione
1796 1635 1915 1693 violabit.
1944 1638 2114 1710 ileliuquinur
2139 1656 2223 1711 crgo,
2249 1651 2278 1697 ut
2321 1676 2329 1685 ·

1484 1726 1553 1781 mula
1565 1742 1597 1782 ex
1611 1724 1688 1783 bouis
1699 1742 1760 1784 csse
1778 1727 1928 1785 fateamur:
1943 1729 2004 1800 quia
2023 1730 2045 1785 si
2064 1729 2116 1786 lnoe
2130 1734 2274 1803 negaveri-

1484 1830 1554 1884 mus,
1576 1816 1613 1872 ex'
1623 1810 1700 1874 malis
1713 1828 1802 1887 crum,
1825 1827 1853 1875 ct
1871 1817 2024 1876 liauicbais
2037 1822 2129 1893 utique
2143 1824 2274 1896 solivaga·

1483 1904 1581 1963 bimur.

1518 1994 1562 2054 39.
1581 1999 1622 2055 'lu
1642 2000 1730 2071 itaque
1744 2000 1788 2057 ubi
1800 2000 1907 2076 dicis,n
1924 2002 1990 2058 Cum
2005 2001 2152 2086 secundnpm
2166 2014 2278 2064 scateo·

1482 2086 1546 2143 tiam
1557 2086 1703 2159 Evangelii,
1715 2107 1747 2146 cx
1758 2092 1886 2148 fructibus
1896 2093 2038 2149 suisarbor
2047 2093 2144 2151 debeat
2155 2098 2273 2167 agnosci,

1483 2178 1527 2235 Ιιῑε
1540 2180 1689 2237 audiendus
1712 2192 1828 2252 putetur,
1849 2184 1894 2254 qui
1909 2183 1973 2239 dicit
1988 2184 2088 2240 bonum
2109 2200 2171 2241 esse
2184 2186 2275 2257 coujun-

1481 2269 1554 2342 giam
1568 2314 1576 2340 ,
1590 2273 1624 2329 dc
1638 2290 1691 2344 quo
1711 2273 1777 2329 nibil
1790 2272 1861 2331 aliud
1874 2291 1954 2347 quam
1975 2276 2074 2332 malurn
2091 2276 2197 2348 prodire
2210 2279 2273 2335 dein·

1481 2363 1539 2419 nit:
1554 2382 1565 2417 n
1580 2366 1619 2421 vis
1632 2368 1723 2438 utique
1732 2366 1855 2424 arborem
1864 2367 1961 2424 bonam
1975 2365 2129 2441 eonjugium
2140 2371 2270 2442 deputari,

1480 2451 1515 2510 de
1527 2470 1579 2526 qua
1600 2458 1673 2512 velut
1686 2458 1801 2514 lructntm
1814 2459 1912 2514 malum
1927 2461 2000 2516 nasci
2015 2478 2067 2516 nou
2083 2462 2124 2518 vis
2139 2459 2271 2519 huminem

1479 2547 1602 2617 eerntagio
1614 2549 1714 2617 pcccati
1732 2545 1870 2621 originalis
1883 2550 2058 2617 obstrictum
2075 2566 2126 2606 uec
2141 2552 2216 2607 vinies
2227 2568 2273 2609 ne·

1478 2652 1556 2693 cesse
1566 2632 1611 2694 tibi
1621 2654 1681 2697 esse
1689 2641 1847 2697 adulterium
1860 2643 2021 2699 constituere
2030 2642 2154 2699 arborem
2163 2644 2268 2704 unalam.

1479 2727 1668 2801 sicunnjogimu
1690 2740 1732 2786 est
1752 2728 1833 2789 arbor
1859 2733 1937 2788 bona.
1968 2733 2006 2789 Ac
2031 2748 2080 2804 per
2102 2732 2165 2801 boc,
2190 2734 2212 2789 si
2238 2733 2270 2791 de

1479 2813 1603 2891 conjugio
1624 2820 1670 2892 qui
1685 2823 1812 2890 nascitur,
1833 2823 1949 2895 conjugii
1972 2823 2074 2879 fruetus
2097 2835 2150 2888 εει,
2165 2834 2191 2880 ει
2214 2822 2270 2880 idco

1478 2904 1559 2968 debet
1576 2928 1636 2969 esee
1656 2914 1715 2970 siue
1733 2914 1807 2980 vitio,
1832 2931 1865 2972 nc
1879 2914 1981 2970 iunctus
1994 2914 2081 2970 malus
2103 2926 2228 2971 nascatur
2239 2931 2271 2971 ιι

1477 3006 1574 3061 arbore
1593 3006 1662 3061 bona
1674 3022 1683 3074 3
1697 3006 1818 3078 sequitur
1831 3007 1916 3078 utqui
1929 3008 1963 3064 de
1984 3005 2117 3063 adulterio
2137 3008 2269 3074 nascitur,

1478 3110 1531 3152 non
1544 3096 1640 3152 debeat
1652 3099 1724 3154 nasci
1735 3098 1793 3154 siue
1805 3099 1880 3164 vitio,
1895 3116 1928 3153 ue
1940 3099 2041 3154 iunctus
2053 3100 2139 3155 bouus
2151 3109 2271 3154 nascatur

1478 3200 1512 3240 ex
1536 3186 1632 3242 arbore
1653 3187 1721 3241 nuta
1738 3204 1745 3241 ι
1761 3189 1887 3259 quoniam
1912 3188 2040 3243 llunninus
2056 3205 2104 3244 nnec
2117 3204 2134 3244 e
2148 3189 2216 3245 bona
2230 3207 2271 3244 ar·

1478 3274 1543 3330 bore
1565 3274 1621 3330 deri
1637 3275 1738 3332 fructus
1763 3277 1857 3344 manius,
1874 3293 1923 3333 nec
1937 3293 1953 3332 a
1969 3279 2037 3333 unala
2062 3278 2158 3345 bnnuns,
2184 3280 2269 3333 din-tua

1477 3367 1635 3421 auctoritate
1657 3366 1760 3423 debuit.
1781 3366 1816 3424 Ut
1828 3384 1893 3438 crgo
1908 3367 1970 3424 lniuc
1983 3346 2073 3437 excas,
2096 3372 2158 3440 quia
2173 3386 2224 3427 occ
2236 3372 2268 3426 de

1477 3455 1608 3511 adulterio
1622 3455 1689 3512 dicis
1703 3456 1837 3514 borniucm
1860 3460 1932 3514 nasci
1956 3475 2034 3529 posse
2047 3475 2108 3515 cnuu
2126 3461 2203 3530 vitio,
2223 3477 2269 3516 ne-

1476 3548 1552 3620 gabis
1571 3548 1731 3605 adulterium
1755 3566 1815 3607 esse
1838 3551 1961 3608 arburcnu
1977 3554 2084 3620 malain,
2107 3568 2142 3609 ue
2169 3554 2269 3625 illequi

1476 3641 1623 3698 eecunndunu
1643 3652 1669 3699 ιε
1689 3642 1747 3698 sine
1760 3643 1824 3701 vitio
1836 3642 1870 3700 de
1884 3643 2015 3700 adulterio
2037 3646 2165 3713 nascitur,
2179 3656 2269 3703 contra

1476 3729 1658 3788 definitionem
1680 3733 1786 3789 llorniui
1812 3734 1897 3790 bonus
1921 3732 2022 3792 lructnis
2043 3736 2116 3791 nasci
2143 3737 2179 3794 de
2201 3739 2267 3792 maie

1476 3822 1573 3879 arbore
1601 3824 1731 3880 videatur.
1752 3824 1824 3897 Nega
1845 3840 1910 3897 crgo
1933 3827 2012 3883 etiarn
2034 3827 2187 3897 conjugium
2210 3842 2269 3884 csso

1476 3913 1599 3970 arborem
1618 3915 1727 3980 bonam,
1742 3923 1769 3974 et
1782 3931 1888 3972 errasse
1903 3926 1928 3972 te
1945 3926 1974 3972 ut
1996 3916 2046 3972 lnoc
2059 3916 2164 3973 diceres
2186 3918 2267 3974 eonib-

1478 4013 1544 4059 tere.
1559 4005 1611 4060 Sed
1633 4005 1752 4062 dicturus
1766 4021 1807 4071 es,
1825 4023 1879 4063 nou
1894 4007 1928 4064 de
1949 4007 2080 4064 adulterio
2094 4009 2167 4064 nasci
2184 4009 2269 4063 inomi-

1477 4110 1550 4161 uem,
1563 4095 1608 4166 qui
1622 4111 1669 4167 per
1682 4096 1858 4153 adulterinum
1874 4098 2042 4154 concubitum
2055 4099 2181 4170 gignitur.
2196 4100 2269 4157 Unde

1476 4183 1578 4255 igiturl
1604 4204 1613 4238 ι
1633 4187 1670 4242 ile
1688 4196 1799 4255 natura,
1818 4208 1828 4242 ι
1845 4189 1943 4259 inquis,
1971 4211 1981 4242 n
2009 4190 2134 4255 bumana,
2158 4206 2218 4263 qum
2242 4191 2269 4246 ln

1476 4276 1603 4331 adulteris
1617 4293 1722 4348 quoque
1744 4278 1790 4334 Dei
1810 4294 1877 4348 opus
1891 4289 1942 4345 est,
1965 4295 2017 4335 uon
2038 4280 2196 4350 ipsorum.»
2217 4282 2269 4337 Cur

1477 4380 1541 4434 ergo
1551 4365 1644 4422 codem
1656 4368 1735 4422 modo
1747 4384 1799 4423 non
1813 4366 1947 4437 intelligis,
1957 4386 2006 4427 uec
2015 4371 2049 4427 de
2061 4372 2185 4443 conjugio
2197 4373 2268 4431 nasci

1477 4454 1625 4526 hominem,
1645 4457 1690 4529 qui
1704 4474 1752 4530 per
1766 4459 1937 4515 concubitum
1952 4461 2069 4533 gignitur
2080 4462 2247 4534 conjugalem
2259 4480 2267 4529 ;

1477 4547 1523 4602 scd
1547 4548 1580 4603 dc
1602 4557 1694 4604 natura
1714 4549 1971 4618 sinnilitcrlnumana,
1987 4567 2047 4622 qun
2071 4553 2098 4607 in
2113 4553 2268 4624 conjugibus

1476 4655 1583 4710 quoque
1605 4641 1650 4696 ilci
1665 4656 1732 4711 opus
1745 4651 1796 4707 est,
1811 4658 1863 4696 uon
1886 4645 2002 4714 ipsorum
2020 4660 2027 4699 ι
2046 4655 2126 4715 atque
2141 4646 2177 4701 ita
2190 4647 2267 4702 buni-

1477 4731 1524 4785 tati
1547 4746 1600 4785 uon
1623 4732 1701 4786 tribui
1726 4733 1887 4802 nuptiarum,
1912 4735 1983 4805 quod
2007 4735 2106 4790 malum
2129 4747 2269 4794 naseemev

1477 4820 1584 4876 traiunut
1596 4821 1629 4876 de
1641 4822 1705 4877 vitio
1718 4831 1818 4877 uatnuau
1830 4840 1837 4889 ;
1854 4825 1923 4880 sicut
1933 4842 1985 4879 noo
1999 4826 2125 4881 tribuitur
2137 4826 2268 4898 iniquitati

1476 4908 1677 4978 adulteriorum,
1691 4911 1763 4982 quod
1780 4913 1879 4967 bunum
1894 4923 2035 4969 nascentes
2049 4916 2159 4970 tralnuut
2178 4917 2212 4974 de
2226 4918 2268 4973 in·

1476 5001 1614 5056 stitnntioue
1628 5003 1749 5064 naturae?
1768 5003 1807 5058 Tu
1829 5017 1918 5060 autem
1934 5005 2057 5077 intelligis
2081 5008 2207 5064 arborem
2221 5009 2269 5064 bo·

1476 5107 1548 5158 ιιιιιι,
1562 5109 1614 5148 noo
1627 5109 1705 5164 quam
1718 5094 1839 5150 caristus
1850 5096 1959 5167 intelligi
1974 5098 2065 5161 voluit.
2080 5097 2105 5152 inl
2119 5109 2171 5165 est,
2184 5099 2269 5155 bomi-

1476 5185 1517 5241 nis
1530 5186 1691 5241 voluntatem
1714 5187 1821 5252 bonam,
1844 5187 1891 5243 sed
1912 5188 1996 5259 ipsum
2012 5205 2078 5260 opus
2094 5191 2150 5253 liei.
2167 5189 2192 5246 id
2211 5204 2268 5257 εει,

1476 5277 1613 5332 lnouniuum
1624 5278 1665 5333 vel
1678 5280 1792 5348 nunptios,
1807 5281 1846 5334 vel
1860 5288 1989 5334 naturam.
2012 5280 2046 5335 Et
2056 5282 2117 5352 quia
2130 5285 2199 5337 bona
2209 5294 2270 5338 suut

1476 5370 1533 5426 lnac
1545 5388 1624 5442 upcra
1641 5374 1698 5438 ilci,
1713 5374 1811 5428 malunt
1827 5374 1888 5430 innde
1903 5391 1956 5430 uon
1972 5390 2049 5446 posse
2061 5376 2128 5431 dicis
2141 5376 2269 5441 existere,

1475 5461 1536 5529 quia
1550 5461 1647 5516 nnaloru
1669 5463 1782 5519 iunctum
1804 5464 1873 5520 bona
1893 5464 1974 5520 arbor
1992 5481 2045 5521 noo
2069 5476 2157 5535 potest
2170 5467 2269 5522 lacere.

1475 5550 1514 5607 lic
1532 5552 1572 5606 sic
1593 5553 1720 5610 adversus
1741 5563 1767 5610 te
1789 5555 2017 5611 ratiocinationem
2038 5570 2114 5611 suam
2134 5558 2270 5614 concludit

1474 5657 1523 5713 pru
1537 5661 1586 5700 suo
1601 5645 1723 5716 dogmate
1744 5647 1913 5714 lianiclnaus,
1938 5662 2017 5719 quem
2038 5648 2129 5704 verbis
2143 5649 2204 5704 istis
2219 5650 2271 5705 tuis

1474 5738 1514 5794 sic
1526 5737 1645 5807 adjuvas,
1660 5749 1687 5794 ιιι
1707 5739 1772 5793 nibil
1793 5739 1876 5812 magis
1891 5747 1966 5809 optet
1983 5739 2086 5805 audire,
2105 5756 2187 5811 quam
2201 5742 2271 5797 mala

1474 5843 1508 5884 er
1522 5829 1598 5884 bunis
1612 5844 1672 5884 csse
1685 5845 1737 5883 ιιιιιι
1751 5844 1839 5900 posse.
1860 5828 1915 5885 lloc
1932 5830 2004 5885 enim
2017 5841 2138 5897 accepto,
2152 5829 2270 5898 intentet

1474 5916 1539 5974 dicit
1559 5921 1605 5973 tibi
1622 5937 1628 5972 :
1644 5920 1671 5975 si
1686 5920 1785 5975 malum
1799 5935 1859 5976 esse
1873 5935 1926 5975 nun
1942 5930 2029 5990 potest
2049 5937 2081 5976 cx
2093 5921 2183 5987 bonu,
2199 5922 2270 5978 unde

1474 6012 1536 6077 erit,
1553 6011 1603 6065 nisi
1615 6026 1649 6066 cx
1661 6011 1753 6067 malo?
1765 6011 1856 6083 Neque
1873 6013 1944 6068 euim
1960 6013 2029 6067 mala
2043 6028 2090 6082 per
2109 6027 2140 6070 se
2152 6013 2210 6084 ipsa
2225 6030 2268 6069 re·

1475 6112 1555 6173 pente
1577 6111 1687 6158 auctore
1709 6103 1782 6158 nullo
1802 6104 1921 6159 existere
1942 6111 2094 6174 potueruut.
2116 6105 2156 6159 'lu
2178 6111 2268 6159 ιιιιειιι

1422 6203 1427 6215 ·
1474 6193 1541 6249 dicis
1554 6194 1651 6250 malum
1664 6209 1696 6251 ex
1712 6195 1782 6251 bono
1792 6209 1852 6252 essc
1863 6209 1915 6251 non
1926 6210 2015 6267 posse,
2029 6211 2063 6252 nc
2074 6203 2167 6253 contra
2182 6196 2268 6253 lirare

1476 6284 1536 6353 gelii
1551 6287 1709 6341 senteutiam
1724 6287 1802 6342 arbor
1815 6285 1883 6341 bona
1895 6286 1973 6340 iaciat
1992 6285 2093 6342 imctus
2108 6286 2204 6342 maleo
2218 6285 2270 6341 ile·
