5592 7350
569 854 623 922 tn

571 994 650 1051 posse
664 977 725 1032 ltnlc
740 975 866 1047 dogmati,
883 983 975 1031 corrtra
990 967 1059 1047 quod
1075 987 1177 1046 ageres,
1193 964 1330 1026 antelerri.
1350 986 1358 1020 ι

539 1131 541 1135 ,
570 1070 625 1128 Cur
637 1084 722 1142 ergo,
738 1078 768 1123 ιιι
782 1066 815 1125 de
828 1068 887 1124 aliis
902 1068 1022 1139 plurimis
1038 1076 1157 1132 taceam,
1173 1078 1232 1118 eum
1246 1073 1364 1116 commc-

570 1175 706 1219 nrorasscs
718 1158 910 1216 hnatimeucm
925 1156 1035 1231 eiusque
1044 1154 1203 1228 discipulum
1219 1154 1364 1223 Anaxago-

572 1269 639 1317 ram,
654 1252 761 1308 tacuisti
775 1251 889 1306 alterurn
902 1251 961 1320 ejus
973 1251 1132 1320 discipulum
1143 1248 1298 1318 Diogenem,
1318 1242 1363 1313 qni

570 1356 596 1400 ct
612 1360 627 1399 a
649 1344 777 1415 magistro
790 1352 817 1397 ct
830 1358 843 1396 a
859 1343 1041 1413 rmnaliscipulo
1056 1356 1105 1396 suo
1119 1341 1144 1394 iu
1161 1354 1250 1395 rerum
1264 1344 1365 1390 rrattrrm

571 1437 699 1508 opinione
719 1435 856 1497 dissensit,
880 1436 1069 1505 propriumque
1088 1432 1184 1503 dogma
1205 1427 1367 1486 coustituit?

572 1529 659 1598 prid,
675 1528 697 1583 si
715 1528 770 1583 tale
786 1527 886 1601 aliquid
902 1528 959 1597 ipse
977 1527 1075 1592 sensit,
1092 1533 1121 1579 ut
1134 1523 1210 1578 nobis
1227 1537 1280 1577 uon
1296 1528 1367 1576 essct

572 1619 786 1692 anteponendus,
810 1620 906 1690 quibus
928 1633 1021 1674 omncs
1043 1618 1087 1693 qui
1108 1615 1142 1672 de
1163 1630 1253 1670 rerum
1274 1620 1366 1669 natura

573 1713 752 1786 philosophati
763 1721 835 1775 suut,
849 1708 1050 1781 ariteponendos
1060 1723 1121 1764 esse
1130 1707 1219 1762 diulsti
1229 1724 1236 1772 ;
1248 1715 1326 1777 atque
1340 1712 1368 1759 ut

573 1804 626 1861 hoe
640 1803 716 1876 qnasi
738 1801 912 1865 ostenderes,
930 1808 956 1856 te
969 1800 994 1854 iu
1010 1796 1251 1853 commemorandis
1270 1794 1367 1850 lrustra

578 1892 732 1951 nominihus
747 1900 773 1948 ct
788 1890 956 1963 dogmatibus
975 1888 1194 1962 pbilosophorum
1213 1884 1369 1956 insipienter

576 1983 772 2039 inllustilllece
785 1980 923 2052 praeteristi
939 1994 1031 2045 riuum,
1047 1994 1126 2047 quem
1141 1976 1182 2031 rel
1198 1991 1230 2032 er
1243 1975 1369 2045 magistro

564 2051 616 2129 'rel
631 2049 666 2129 ex
684 2071 868 2141 condiscipulo
881 2084 949 2141 quos
961 2068 1119 2131 nunrinasti,
1134 2066 1210 2137 jrrxta
1231 2064 1369 2121 attendere

576 2164 701 2221 debuisti.
715 2165 755 2220 ba
769 2162 838 2218 lorte
851 2161 961 2218 timuisti
974 2176 1010 2216 ne
1021 2161 1151 2233 Diogenes
1161 2158 1277 2232 Cynicus
1291 2165 1369 2229 puta-

576 2268 669 2324 retur,
690 2267 735 2313 aut
749 2258 793 2313 ille
808 2256 888 2312 ctiam
902 2253 1052 2326 legentibus
1065 2261 1173 2325 propter
1186 2251 1256 2306 idem
1272 2264 1369 2305 nonicn

577 2356 743 2416 occurreret,
758 2358 784 2403 et
798 2346 901 2403 veniret
916 2346 942 2400 iu
957 2354 1074 2401 utentem
1088 2342 1159 2414 quod
1173 2341 1267 2397 melior
1282 2350 1308 2396 te
1322 2354 1369 2410 pu·

577 2532 744 2588 enodabatur
758 2530 784 2584 iu
800 2528 928 2599 publico?
944 2525 1013 2581 unde
1029 2525 1074 2580 illa
1089 2532 1163 2580 secta
1178 2522 1305 2578 caninum
1322 2534 1372 2574 no-

577 2641 639 2681 meu
655 2623 767 2693 acecpit.
783 2621 823 2675 Τιι
837 2628 926 2675 autem
942 2616 1109 2673 defensorem
1128 2613 1236 2686 quidem
1256 2609 1371 2668 libidinis

578 2718 722 2789 profiteris,
742 2713 789 2770 sed
809 2713 842 2769 de
864 2721 907 2769 tua
922 2720 1055 2781 suscepta,
1078 2706 1148 2779 qnod
1163 2706 1242 2761 bdem
1260 2703 1371 2759 liberta-

578 2821 686 2879 temque
700 2805 803 2877 patroni
820 2819 871 2860 aon
884 2804 1021 2867 decuerat,
1034 2798 1180 2856 erubescis.

615 2900 661 2958 to.
682 2898 792 2959 liceum,
807 2896 923 2963 obsecro
932 2902 969 2959 tc,
983 2893 1004 2949 si
1019 2890 1193 2964 philosophos
1207 2888 1284 2946 nobis
1297 2898 1372 2944 ante·

579 3006 682 3063 ponere
696 2988 837 3061 gestiebas.
855 3002 902 3042 cur
913 3002 967 3042 non
982 2985 1069 3056 potius
1084 2998 1131 3040 eos
1144 2980 1372 3046 commemorasti,

580 3084 626 3154 qui
643 3083 674 3135 ile
687 3080 813 3145 moribus,
829 3094 887 3149 qum
901 3092 962 3147 pars
974 3075 1007 3131 ab
1019 3075 1058 3132 eis
1072 3073 1249 3145 philosophia,
1262 3079 1374 3127 uocatur

580 3174 680 3232 ctbira.
694 3186 772 3243 quam
788 3184 837 3224 taos
851 3168 977 3223 muralem
992 3166 1115 3229 dicimus,
1132 3162 1307 3221 solertissime
1319 3160 1374 3216 dis-

582 3266 733 3337 putaruntll
756 3262 812 3317 lloc
832 3260 903 3316 enim
927 3257 972 3315 tibi
996 3258 1162 3330 potissimum
1185 3252 1374 3327 congruebat,

581 3357 626 3429 qni
642 3356 781 3412 honestate
794 3352 900 3425 quidem
915 3352 1012 3408 mentis
1027 3348 1155 3416 inlerius,
1171 3356 1261 3403 nmen
1273 3347 1374 3402 bonurn

581 3446 699 3504 bortrinis
707 3460 767 3501 esse
777 3458 870 3500 censes
880 3444 1000 3513 eorporis
1009 3440 1181 3513 utilrapratem.
1191 3438 1310 3512 sedquis
1321 3452 1374 3493 nou

580 3542 644 3615 quid
656 3538 825 3614 prospexeris
838 3538 949 3596 cernat?
966 3534 1152 3592 Nescilicctin
1170 3534 1225 3604 ipsa
1247 3532 1281 3588 de
1300 3531 1375 3586 rolu-

581 3630 807 3704 pratequmstione
818 3628 981 3685 undetccuru
993 3626 1104 3699 agimus,
1116 3624 1284 3681 honestiores
1290 3621 1376 3693 pbilo-

583 3723 660 3793 sophi
672 3729 698 3778 tc
709 3721 863 3787 obruerent,
874 3733 942 3791 quos
952 3718 1046 3773 Cicero
1063 3725 1171 3788 propter
1190 3716 1273 3786 ipsam
1291 3714 1376 3770 bono-

581 3823 680 3871 statem
689 3824 812 3884 tanquam
822 3812 975 3868 consulares
984 3809 1160 3885 philosophos
1170 3807 1376 3878 nuncupauil;et

582 3907 631 3975 ipsi
643 3903 724 3960 Stoici
737 3903 851 3959 maxime
866 3900 1039 3957 inimicissimi
1052 3900 1325 3971 uoluptatis,quorum
1337 3906 1376 3978 te·

582 3997 736 4055 stimonium
749 3998 757 4028 ¹
769 4010 801 4051 ex
816 4009 930 4068 persona
943 3991 1017 4050 Balbi
1032 3993 1100 4062 apud
1115 3991 1271 4048 Ciceronem
1285 3989 1377 4062 dispu-

583 4089 682 4155 tantis,
698 4102 790 4142 rerum
810 4084 935 4156 quidem,
951 4084 998 4140 sed
1017 4083 1088 4154 quod
1114 4081 1160 4138 tihi
1181 4096 1291 4153 prorsus
1310 4080 1376 4138 nihil

582 4180 731 4254 prodesset,
739 4175 1063 4249 interponendumputasti
1073 4173 1181 4246 (Sapra,
1194 4190 1220 4229 ιι.
1232 4171 1289 4244 58),
1299 4171 1375 4241 Quod

581 4278 672 4326 autem
686 4267 788 4324 nubum
809 4265 925 4321 hominis
938 4265 1036 4320 bonum
1051 4272 1180 4322 ceraseaat
1193 4264 1314 4336 corporis
1326 4278 1375 4318 ro·

583 4359 714 4431 luptatent
737 4356 849 4429 cupiens
870 4355 1052 4420 abscondere,
1077 4354 1149 4409 nulla
1173 4354 1207 4410 de
1229 4354 1376 4429 questione

582 4451 679 4508 morali
703 4450 810 4507 nomina
837 4456 866 4504 et
888 4447 1011 4517 dogmata
1038 4445 1279 4516 pbilosophorum,
1304 4442 1375 4515 quod

582 4544 701 4601 maxime
714 4541 747 4598 ad
762 4555 819 4624 reip
835 4537 995 4610 pertinebat,
1011 4537 1035 4591 si
1048 4535 1148 4606 aliquid
1162 4535 1196 4590 de
1211 4533 1377 4606 philosophis

583 4634 750 4708 probandum
764 4631 824 4700 luit,
839 4644 1050 4688 commemorare
1063 4628 1180 4684 voluisti.
1194 4625 1252 4683 Nou
1265 4630 1336 4684 enim
1351 4637 1377 4684 te

582 4728 712 4783 adsersus
727 4725 792 4780 istos
803 4720 1029 4789 delertderet,non
1044 4718 1105 4775 dico
1120 4717 1260 4789 Epicurus,
1271 4718 1316 4790 qui
1332 4727 1375 4774 to·

583 4826 642 4874 tum
651 4817 751 4874 honum
764 4811 879 4870 bominis
890 4812 916 4868 in
926 4811 1063 4883 uoluptate
1073 4808 1194 4880 eorporis
1204 4809 1303 4880 posuit,
1314 4808 1376 4879 quia

583 4924 638 4967 uon
663 4904 735 4978 qood
757 4903 804 4964 ille
826 4913 856 4960 ιιι
869 4902 974 4969 sentis3
997 4900 1044 4957 sed
1067 4898 1247 4957 Dinomachus
1267 4917 1275 4954 e
1298 4897 1377 4970 hujus

582 5001 683 5072 qnippe
703 4995 800 5070 dogma
821 4996 868 5057 tibi
887 4996 995 5068 placuit.
1013 4992 1080 5052 Nam
1095 4995 1153 5065 ipse
1165 4991 1376 5065 coniungendam

582 5092 746 5161 voluptatem
765 5087 909 5144 arbitratus
927 5096 969 5142 est
988 5086 1132 5151 honestati,
1153 5092 1185 5139 ut
1204 5083 1377 5155 quemadmo·

582 5182 647 5236 datm
669 5179 810 5244 honestas,
831 5179 866 5233 ita
886 5178 1008 5248 uoluptas
1022 5193 1070 5248 per
1084 5191 1113 5232 se
1128 5176 1212 5246 ipsam
1227 5175 1376 5246 appetenda

583 5268 807 5342 rideretur(l'ide
815 5267 970 5332 Ciceronem,
980 5267 1012 5322 de
1020 5267 1127 5322 Finibus
1141 5265 1184 5321 lib.
1195 5267 1221 5332 5,
1233 5276 1255 5320 et
1270 5264 1375 5320 Tuscul.

586 5363 636 5428 Qu.
648 5361 693 5416 tit.
714 5361 752 5432 5).
769 5359 843 5414 llanc
859 5374 923 5430 ergo
936 5368 1038 5428 partem
1053 5357 1096 5411 ubi
1109 5357 1142 5414 de
1155 5357 1274 5414 moribus
1286 5356 1378 5428 dispu-

584 5461 667 5519 tatur,
681 5466 741 5506 cum
755 5450 802 5505 tibi
816 5447 948 5506 infensam
961 5463 1096 5514 cerneres,
1111 5449 1243 5518 attingere
1255 5448 1375 5503 timuisti.

583 5541 672 5599 Nam*
685 5540 729 5597 ubi
743 5539 859 5596 maxime
873 5538 1055 5596 controversia
1071 5538 1120 5594 ista
1133 5547 1271 5606 uersatur,
1285 5537 1378 5609 quanti

583 5641 612 5687 et
625 5632 727 5703 quales,
741 5639 768 5685 et
782 5628 860 5702 culus
874 5627 944 5701 apud
955 5627 1054 5687 Gentes
1063 5628 1156 5700 gloria
1166 5627 1317 5700 philosophi
1329 5629 1378 5688 tihi

585 5724 772 5795 proterantur,
794 5720 892 5777 uides:
915 5721 1084 5790 maximeque
1106 5720 1164 5792 ipse
1186 5720 1277 5786 Plato,
1298 5737 1377 5793 quem

583 5817 678 5872 Cicero
702 5814 837 5886 appellare
859 5828 913 5870 non
936 5812 1038 5870 dubitat
1067 5828 1134 5884 pene
1157 5809 1380 5885 pbilosophorum

583 5907 665 5964 deum
679 5905 729 5978 (De
747 5903 849 5961 Notum
866 5905 981 5972 deorum,
993 5904 1039 5961 tit.
1049 5904 1077 5972 2,
1089 5914 1112 5963 et
1122 5905 1166 5959 tit.
1178 5905 1238 5961 dod
1249 5906 1377 5974 Atticum,

616 6043 626 6076 ¹
640 6050 690 6124 am.
703 6049 730 6112 et
740 6042 817 6091 nostrl
833 6053 921 6091 omnes
938 6048 1003 6102 ltus,
1014 6054 1118 6106 qaorum
1135 6040 1267 6094 tertiatorta'o
1277 6055 1310 6094 ex
1321 6057 1378 6108 per·

581 6102 759 6214 ”ffablssqwttton
775 6164 883 6223 habent,
909 6171 969 6214 riom
991 6176 1101 6229 :oeque
1122 6177 1208 6215 noram
1229 6168 1377 6218 sententiam

581 6228 696 6346 ipzfmm
712 6227 758 6276 nisi
774 6235 844 6290 post,
866 6231 991 6288 ceremur,
1014 6228 1043 6278 ad
1066 6230 1154 6289 rerba,
1176 6227 1261 6291 primati
1277 6235 1299 6280 ot
1315 6241 1376 6292 pru-

724 6388 858 6449 Parnon.
876 6391 985 6470 Xllll,

1254 849 1354 913 Ltbbl.
1375 847 1531 917 plinius,

1421 961 1492 1039 epist.
1509 963 1541 1023 lb
1554 964 1582 1041 );
1601 967 1675 1037 cuijus
1690 982 1740 1023 nec
1766 976 1792 1022 tn
1816 982 1912 1023 nomen
1929 971 2064 1039 praeterire
2079 973 2208 1043 potuisti,

1419 1078 1479 1116 crim
1494 1062 1528 1117 dc
1539 1061 1712 1129 naturalibus,
1726 1077 1778 1117 uon
1789 1062 1823 1118 dc
1833 1063 1980 1120 moralibus
1991 1064 2208 1136 pbilosophorum

1420 1153 1495 1210 nobis
1512 1154 1635 1225 dogmata
1651 1154 1763 1211 inicrres
1776 1156 1833 1212 sire
1847 1156 2002 1227 praeferres,
2022 1158 2067 1228 qui
2089 1159 2212 1229 corporis

1420 1244 1570 1315 uoluptates
1589 1260 1651 1301 rere
1665 1254 1692 1301 et
1705 1246 1821 1317 graviter
1836 1247 1934 1302 dixisse
1950 1247 2104 1318 perhibetur
2119 1250 2212 1307 illece-

1419 1337 1481 1392 bras
1494 1346 1573 1408 atque
1588 1354 1664 1395 escas
1678 1340 1808 1394 malorum
1826 1338 1934 1411 (Supra,
1951 1356 1977 1395 ιι.
1994 1340 2061 1413 ie).

1456 1429 1499 1484 77.
1526 1428 1658 1499 Numquid
1673 1439 1762 1485 autern
1783 1426 1846 1501 quid
1869 1432 1902 1487 dc
1923 1432 2039 1488 bominis
2060 1433 2213 1489 conditione

1420 1518 1554 1574 senserint
1573 1534 1639 1589 quus
1654 1522 1796 1588 nqminasti
1808 1522 1977 1592 philosophi,
1998 1524 2059 1595 quia
2072 1535 2100 1581 et
2112 1524 2164 1581 boc
2179 1527 2212 1581 ad

1421 1610 1568 1675 naturalem
1581 1612 1695 1681 pertinet
1705 1615 1890 1684 quaestionem,
1902 1616 1973 1687 quod
1984 1618 2213 1688 qualitercumque

1421 1714 1500 1754 causa
1516 1701 1651 1771 poscebat,
1671 1705 1934 1760 commemorandum
1948 1708 2069 1777 putasti?
2087 1708 2145 1766 Nou
2161 1710 2213 1768 utt-

1422 1806 1474 1861 qne
1488 1792 1591 1858 iecisti,
1613 1801 1640 1848 et
1660 1804 1742 1850 recte.
1765 1795 1834 1864 Quid
1852 1798 1923 1853 cuim
1937 1798 1973 1854 llli
1990 1800 2156 1869 didicerant,
2172 1802 2214 1857 rcl

1422 1882 1484 1950 quid
1508 1881 1588 1937 locuti
1610 1881 1716 1938 fererant
1736 1884 1769 1939 de
1783 1887 1870 1957 primo
1890 1887 1998 1945 bomine
2012 1889 2097 1945 Adam
2115 1892 2143 1947 el
2156 1891 2215 1962 ciui

1422 1972 1545 2043 conjuge,
1563 1971 1597 2027 de
1609 1973 1695 2042 prima
1709 1989 1802 2030 eorum
1816 1978 2045 2046 prevaricatione,
2060 1980 2094 2036 de
2106 1995 2217 2052 serpen·

1424 2063 1457 2117 tis
1471 2064 1588 2129 astutia,
1605 2062 1637 2119 de
1652 2063 1770 2121 nuditate
1783 2068 1904 2138 corporis
1918 2077 1981 2125 ante
2001 2080 2141 2141 peecatum
2156 2072 2215 2129 sine

1423 2150 1590 2216 contuoone,
1604 2162 1630 2208 et
1643 2168 1703 2209 cum
1716 2157 1724 2187 ¹
1735 2156 1892 2215 etuniusione
1904 2161 2034 2216 continuo
2048 2173 2106 2231 post
2121 2177 2216 2234 pecea-

1424 2244 1503 2298 tum?
1525 2243 1593 2312 Qnid
1611 2244 1726 2316 denique
1749 2245 1800 2305 tale
1818 2249 1976 2319 audierant,
1996 2254 2074 2323 quale
2093 2254 2156 2309 illud
2175 2263 2216 2311 est

1423 2333 1494 2403 qnod
1508 2336 1544 2389 ait
1558 2335 1713 2405 Apostolus,
1731 2337 1781 2393 Per
1794 2356 1873 2394 unum
1887 2342 2013 2397 bominem
2028 2355 2159 2417 peccatum
2171 2346 2214 2401 io·

1424 2427 1499 2478 troeit
1510 2426 1536 2479 in
1549 2427 1681 2495 nitendum,
1695 2438 1719 2483 et
1733 2447 1778 2500 per
1790 2441 1920 2505 peecatum
1935 2450 2002 2489 neore
2013 2451 2023 2500 ;
2036 2446 2061 2489 ct
2075 2437 2110 2491 ito
2123 2438 2149 2491 1ιι
2162 2453 2216 2491 oua.

1424 2529 1468 2571 oea
1489 2517 1602 2571 homines
1626 2521 1792 2589 pertransiit,
1818 2523 1844 2575 in
1867 2541 1916 2594 quo
1940 2542 2026 2581 omnes
2054 2528 2217 2595 peccaberunt

1425 2607 1521 2679 (Rotas.
1538 2626 1563 2674 v,
1580 2610 1614 2664 ts
1625 2609 1658 2681 l?
1686 2611 1785 2667 llarutn
1805 2605 1966 2671 Litterarum
1981 2617 2019 2673 illi
2037 2627 2117 2689 atque
2137 2617 2217 2689 liujus

1425 2700 1545 2755 ueritatis
1561 2711 1695 2771 expertes,
1710 2704 1772 2781 quid
1788 2705 1821 2762 de
1836 2705 1885 2763 hac
1899 2722 2037 2780 resapere
2052 2712 2217 2781 potuerunt!

1426 2790 1524 2846 Verum
1539 2792 1561 2846 si
1574 2793 1608 2848 de
1621 2792 1737 2850 hominis
1751 2796 1903 2853 conditione
1915 2798 2038 2872 dogmata
2048 2800 2186 2857 bominum
2201 2818 2216 2859 a

1426 2886 1508 2940 saeris
1524 2885 1631 2943 Litteris
1643 2890 1741 2946 nostris
1751 2889 1952 2951 abhorrentium
1964 2895 2030 2955 uilril
2038 2896 2163 2968 iudicasti
2174 2912 2217 2953 es·

1426 2977 1633 3047 seponendum,
1649 2988 1676 3036 et
1697 2983 1846 3040 rectissime
1856 2984 1999 3055 judicasti:
2014 2999 2112 3059 quanto
2130 2992 2219 3052 minus

1426 3075 1453 3125 te
1467 3085 1526 3140 quae
1540 3071 1652 3140 posuisti
1666 3072 1792 3144 adjurare
1806 3084 1966 3147 potuerunt,
1988 3081 2050 3151 quid
2065 3081 2099 3139 de
2117 3083 2219 3154 prinei·

1427 3157 1478 3229 piis
1492 3161 1584 3216 mundi
1603 3160 1682 3231 huius
1696 3163 1969 3237 risibilis‘senserint,
1991 3172 2061 3227 unde
2080 3174 2150 3229 inter
2169 3189 2219 3229 nos

1427 3249 1499 3305 nulla
1508 3252 1620 3322 quaestio
1629 3255 1759 3309 sortituri
1769 3255 1822 3311 Sed
1833 3272 1909 3313 tuens
1921 3267 1964 3313 tua
1977 3262 2075 3331 potius,
2092 3271 2217 3333 tanquam

1427 3356 1553 3414 magnum
1575 3343 1673 3414 aliquid
1693 3346 1728 3401 de
1750 3347 1968 3420 pbilosophorum
1983 3349 2058 3407 libris
2071 3352 2216 3422 didiceris,

1425 3433 1559 3507 jactantiae
1571 3437 1689 3493 sanitate
1702 3438 1873 3497 subvertitur.

1464 3526 1507 3582 itt.
1522 3526 1653 3584 Videntur
1676 3539 1764 3586 autem
1786 3547 1840 3588 non
1862 3532 1959 3590 lrustra
1974 3534 2126 3594 christiane
2155 3538 2218 3596 lidei

1426 3618 1630 3690 propinquasse,
1653 3620 1699 3692 qul
1712 3622 1793 3678 uitam
1813 3623 1891 3680 istam
1913 3622 2026 3683 lallaeic
2042 3626 2219 3709 ‚missisque

1428 3709 1610 3780 plenissimam
1627 3728 1679 3766 ιιοιι
1693 3713 1794 3784 opinati
1808 3722 1871 3770 sunt
1882 3717 1933 3773 nisi
1943 3716 2034 3774 diuino
2045 3717 2145 3790 judicio
2154 3736 2221 3777 con,

1428 3801 1535 3872 tigisse,
1552 3803 1699 3859 tribuentes
1712 3805 1804 3876 utique
1826 3805 1957 3875 justitiam
1972 3807 2119 3875 conditori,
2134 3826 2149 3864 a
2164 3826 2218 3883 quo

1429 3895 1514 3949 luctus
1527 3903 1569 3951 est
1584 3904 1612 3951 et
1623 3895 1824 3954 administratur
1837 3899 1882 3956 bic
1902 3902 2026 3959 mundus.
2040 3905 2144 3980 Quanto
2156 3921 2221 3977 ergo

1429 3992 1456 4039 te
1465 3987 1561 4042 melius
1574 3988 1732 4059 ueritatIque
1747 3986 1860 4046 vicinius
1874 3992 1908 4047 de
1918 3992 2056 4049 hominum
2069 3997 2221 4065 generatio·

1429 4092 1463 4133 ne
1475 4087 1628 4147 senserunt,
1644 4095 1711 4149 quos
1722 4080 1818 4141 Cicero
1837 4084 1863 4138 in
1878 4087 2006 4141 extremis
2020 4089 2140 4167 partibus
2151 4090 2221 4146 llor-

1429 4154 1619 4243 teostiffdiatogi
1633 4172 1705 4227 velut
1717 4174 1773 4244 ipsa
1784 4191 1875 4231 rerunt
1894 4178 2028 4236 evidentia
2041 4181 2136 4239 ductus
2146 4199 2223 4239 corn·

1428 4264 1574 4335 pulsusque
1585 4274 1777 4321 commemorat
1788 4266 1801 4319 1
1813 4265 1878 4321 llam
1899 4283 1960 4325 cum
1974 4271 2056 4332 nauita
2075 4287 2134 4342 qum
2146 4274 2222 4329 uide-

1428 4369 1489 4410 mus
1499 4355 1676 4426 etgemlmus,
1689 4354 1724 4412 de
1739 4356 1876 4414 bominum
1899 4361 2017 4422 sanitate
2041 4370 2120 4433 atque
2135 4363 2222 4419 inlell-

1429 4448 1509 4504 eitate
1519 4448 1630 4504 dixisset
1641 4466 1669 4501 :r
1687 4448 1727 4504 Ex
1743 4450 1838 4520 quihus
1853 4451 1986 4521 humanae,
2001 4473 2011 4508 a
2025 4455 2119 4526 inqnlt,
2137 4475 2147 4509 ι
2160 4458 2222 4515 ritae

1429 4539 1564 4595 erroribus
1572 4548 1600 4595 et
1609 4541 1735 4597 erumnis
1744 4541 1783 4605 bt,
1797 4552 1827 4598 ut
1839 4543 1972 4600 interdum
1985 4557 2092 4604 ueteres
2106 4547 2155 4616 1111,
2165 4549 2222 4606 sire

1430 4638 1514 4696 rates,
1527 4631 1583 4687 sire
1594 4631 1620 4685 1ιι
1640 4633 1723 4690 sacris
1739 4633 1873 4705 initiisque
1888 4634 2023 4695 tradendis
2033 4638 2130 4694 divina
2143 4655 2222 4696 meu·

1431 4721 1465 4777 tis
1475 4722 1645 4794 interpretes,
1658 4724 1703 4794 qui
1718 4737 1768 4779 nos
1780 4724 1815 4781 ob
1829 4726 1917 4797 aliqua
1940 4728 2043 4783 scelera
2054 4738 2178 4801 suscepta
2190 4731 2217 4786 in

1429 4814 1483 4868 rita
1494 4814 1642 4884 superiore,
1656 4828 1796 4884 pomarum
1812 4814 1969 4872 luendarum
1981 4832 2061 4875 musa
2077 4830 2222 4878 natusesse

1430 4906 1573 4974 dixerunt,
1598 4906 1698 4976 aliquid
1721 4905 1820 4964 uidisse
1837 4907 1996 4965 rideantur:
2014 4926 2161 4985 verumque
2187 4914 2224 4971 sit

1431 4997 1496 5055 illud
1509 4996 1580 5068 quod
1594 5006 1635 5053 est
1652 4996 1721 5066 apud
1743 4997 1927 5068 Aristotelem,
1947 4999 2027 5056 simili
2051 5018 2099 5059 nos
2112 5004 2223 5063 allectos

1430 5107 1492 5149 esse
1503 5091 1645 5165 supplicio,
1659 5101 1739 5162 atque
1753 5106 1800 5148 eos
1810 5092 1854 5162 qui
1864 5093 2008 5165 quondam,
2030 5110 2091 5152 cum
2114 5097 2140 5152 1ιι
2152 5113 2223 5170 prac-

1430 5179 1531 5240 donum
1555 5181 1729 5244 Etruscorum
1750 5198 1845 5259 manus
1869 5185 2040 5255 incidissent,
2063 5188 2223 5245 crudelitato

1431 5275 1579 5348 excogitata
1608 5274 1788 5337 necabantur,
1804 5289 1917 5346 quorum
1940 5291 2051 5348 corpora
2077 5278 2136 5334 vira
2161 5294 2223 5335 curn

1431 5373 1551 5435 mortuis,
1563 5370 1674 5426 adversa
1684 5368 1803 5425 adversis
1812 5369 2021 5434 accommodata,
2032 5385 2109 5441 quam
2118 5371 2226 5443 aptissi-

1431 5482 1475 5524 me
1500 5462 1709 5535 colligabantur;
1724 5461 1763 5518 sic
1781 5469 1887 5518 nostros
1912 5462 2015 5516 animos
2029 5469 2088 5521 cum
2103 5463 2224 5534 corpori·

1431 5555 1636 5626 huacopulatos,
1645 5562 1675 5608 ut
1686 5551 1761 5607 riuos
1770 5566 1831 5607 cum
1842 5551 2022 5607 mortuisesae
2031 5549 2196 5622 coulnnctos.
2211 5574 2221 5605 ι

1431 5648 1524 5706 Nonne
1538 5647 1582 5719 qui
1595 5646 1645 5701 ista
1658 5650 1808 5710 senscrunt,
1822 5643 1906 5699 multo
1922 5657 2000 5714 quana
2016 5649 2044 5704 lu
2057 5644 2151 5700 melius
2163 5660 2223 5715 gra-

1431 5741 1564 5812 rejrrgum
1588 5752 1668 5809 super
1680 5735 1750 5793 blios
1767 5736 1852 5792 Adam
1866 5742 1894 5791 et
1916 5735 1963 5790 Dei
1978 5735 2122 5806 potentiam
2141 5736 2222 5808 iusti-

1432 5834 1549 5905 tiamque
1568 5829 1702 5895 uiderunt,
1722 5827 1826 5883 etiamsi
1849 5826 2046 5899 gratiamque
2062 5827 2223 5898 perlledia-

1432 5935 1518 5980 torem
1533 5920 1677 5978 liberandis
1698 5917 1851 5974 bominibus
1863 5933 1990 5974 concessa
2003 5929 2054 5985 cst,
2071 5935 2123 5977 ιιοιι
2147 5922 2222 5978 title·

1433 6016 1517 6072 rnut?
1532 6014 1602 6069 Ecce
1627 6028 1676 6084 ego
1696 6009 1782 6065 inveni
1808 6010 1879 6081 quod
1900 6010 1946 6066 ribi
1967 6011 2000 6067 dc
2015 6012 2067 6067 illis
2084 6015 2221 6086 gentilium

1432 6106 1651 6179 pbilosophorum
1674 6101 1768 6156 litteris
1784 6102 1868 6173 possit
1882 6101 1943 6172 jure
1962 6107 2089 6175 prmpoui,
2106 6116 2131 6164 le
2144 6107 2223 6174 iustis

1466 6289 1475 6322 ι
1487 6292 1512 6335 tn
1524 6286 1691 6349 manscriptls
1697 6282 1822 6335 Gallicanis
1832 6290 1859 6336 et
1867 6283 1985 6334 t'atieeuis
1994 6283 2076 6345 deest.
2087 6298 2151 6350 ⁶¹¹?-

1829 6399 1848 6472 (
1864 6397 2101 6476 tiam-eloqu
2166 6410 2170 6416 ’

2157 849 2212 912 tib
2299 878 2304 889 ·
