5592 7350
544 937 597 995 Sil

548 1050 608 1104 tisri
631 1061 685 1102 nott
711 1057 790 1114 posse
811 1047 924 1096 testatur
937 1035 1044 1108 (linuit.
1065 1051 1101 1101 x,
1122 1030 1180 1102 28).
1202 1030 1235 1084 m
1256 1039 1343 1083 tunicii

550 1140 641 1197 anima
654 1133 806 1192 binoeratis
825 1127 895 1186 mori
908 1143 962 1184 non
977 1126 1078 1197 potuit,
1095 1122 1166 1177 uude
1179 1134 1275 1188 eorpus
1287 1120 1345 1186 eius

548 1241 594 1289 est
607 1241 740 1285 mortuum
753 1245 760 1282 :
774 1234 802 1281 ει
815 1223 891 1294 quasi
906 1221 1043 1276 vulnerata
1056 1216 1112 1271 iisa
1130 1224 1184 1279 est,
1201 1214 1270 1267 sieut
1285 1226 1345 1265 cor·

551 1334 604 1392 pus
616 1322 699 1376 iiieiat
716 1318 893 1380 iidnerntum,
905 1312 1029 1382 quonium
1042 1320 1139 1377 eorpus
1153 1320 1204 1358 nnn
1218 1310 1285 1367 erat,
1299 1298 1346 1355 scit

552 1413 668 1473 bibetur
683 1411 708 1464 iii
723 1405 898 1462 eiiiiilituiline
911 1401 1034 1470 eorporis
1047 1398 1128 1454 etium
1147 1392 1347 1450 similitudinem

556 1502 694 1560 iiilneris:
714 1513 795 1570 porro
808 1505 898 1551 autem
922 1493 972 1547 iu¹
996 1506 1048 1545 nnn
1068 1501 1132 1542 iero
1150 1498 1263 1553 corpore
1286 1495 1347 1534 iera

554 1595 661 1655 miseria
682 1592 730 1645 tuit
749 1589 864 1652 animm,
889 1600 949 1657 qum
973 1581 1171 1654 sigolino-ibatur
1192 1575 1349 1631 aduinbmto

553 1683 815 1756 comminuimus,
836 1679 870 1735 de
891 1692 943 1749 qua
956 1675 1057 1732 sororis
1071 1681 1171 1730 sanetae
1184 1666 1350 1724 orationibus

555 1778 654 1833 niciuit
665 1774 783 1831 liberari.

591 1868 637 1923 tt.
651 1865 711 1921 lxiiii
731 1863 795 1920 illud
810 1862 887 1935 quale
900 1869 957 1927 est,
972 1857 1063 1915 dicero
1080 1854 1151 1927 quod
1168 1852 1281 1907 «anima
1297 1848 1351 1905 iot·

555 1973 629 2015 mam
643 1957 677 2011 de
690 1970 804 2026 corpore
815 1952 945 2023 oei—ipim,
960 1962 1060 2006 etcum
1076 1946 1240 2002 incremento
1254 1954 1351 2010 corpo·

555 2053 596 2106 ris
608 2048 781 2120 piiitemlatui
793 2054 820 2100 ct
829 2052 949 2109 erescnt3
965 2061 975 2095 i
991 2049 1018 2096 et
1030 2054 1083 2093 non
1096 2035 1234 2092 attendere
1245 2034 1257 2067 ¹
1272 2047 1351 2103 quain

556 2150 728 2196 monstruosa
743 2137 838 2193 evadat
855 2135 944 2189 aiiiinn
961 2131 1065 2202 juvenis
1081 2131 1137 2184 sire
1150 2128 1238 2192 senis,
1254 2124 1276 2180 si
1294 2123 1352 2191 eius

556 2231 697 2287 brachium
712 2226 871 2298 prneidntur
885 2224 1002 2279 infantis.
1019 2240 1029 2274 i
1044 2218 1183 2275 contrabit
1195 2215 1266 2270 enim
1280 2227 1321 2279 se,
1339 2231 1349 2265 i

557 2330 590 2376 ut
607 2320 693 2383 dieis;
710 2317 831 2372 cauimus
851 2327 960 2380 manus,
976 2328 1011 2367 ne
1024 2312 1080 2380 ipsa
1093 2309 1174 2364 etiam
1189 2320 1249 2361 euin
1272 2318 1353 2358 mauu

556 2411 680 2479 eorporis
692 2414 852 2477 amputetur,
864 2414 892 2461 et
902 2405 926 2459 iii
936 2404 1002 2458 alins
1012 2417 1042 2457 se
1053 2410 1141 2471 portes
1151 2396 1270 2467 eorporis
1284 2394 1352 2450 deii·

557 2501 646 2558 eando
658 2498 803 2555 concludit.
818 2515 828 2550 i
844 2497 883 2551 lle
896 2510 944 2565 per
957 2499 1007 2548 tice
1019 2491 1083 2546 illud
1098 2491 1194 2544 aiiiinae
1205 2485 1352 2552 brachium,

558 2607 640 2663 quam
660 2592 742 2646 breue
755 2588 876 2660 corporis
888 2586 934 2641 luit
951 2584 1020 2640 unde
1033 2590 1141 2652 ceperat
1155 2579 1283 2640 inimum,
1299 2586 1353 2631 tam

558 2682 642 2737 breue
654 2680 806 2736 seruabitur
824 2677 985 2745 ubicumque
1005 2681 1143 2736 scutetum
1165 2670 1225 2739 quia
1242 2666 1355 2737 perdidit

558 2771 690 2835 birinum,
711 2769 787 2840 cujus
806 2768 969 2823 incremento
990 2772 1081 2836 posset
1101 2762 1200 2832 pariter
1220 2773 1352 2814 cresccre.

559 2862 623 2921 eiu
637 2878 703 2933 ergu
715 2861 803 2916 aiiiiiia
816 2859 922 2929 juvenis
936 2865 981 2911 εει
994 2855 1082 2918 senis,
1099 2854 1143 2922 qui
1158 2866 1280 2915 manum,
1293 2863 1354 2904 eum

559 2964 634 3011 estet
654 2969 769 3024 porrus,
793 2952 897 3018 amisit,
920 2950 1020 3005 liabens
1034 2947 1142 3018 quidem
1162 2945 1229 3000 duas
1242 2955 1353 3007 manns,

558 3047 622 3118 quia
637 3060 689 3100 una
709 3044 842 3114 refugiens
857 3057 909 3097 nori
934 3049 977 3096 est
995 3048 1129 3109 amputita
1148 3052 1209 3094 euin
1224 3048 1352 3105 corpore,

560 3136 609 3193 aed
620 3137 732 3192 eltemm
745 3134 891 3203 iuuenilem
905 3132 946 3187 icl
956 3132 1078 3196 senilem,
1090 3130 1201 3184 niteram
1214 3142 1277 3183 uero
1287 3127 1355 3181 sieut

565 3229 681 3301 primum
694 3224 790 3288 luein,
806 3223 963 3279 infantilem.
974 3222 1053 3277 Tales
1063 3221 1175 3284 animas,
1189 3218 1268 3273 crede
1279 3215 1354 3281 mibi,

561 3333 617 3378 oon
627 3318 710 3372 iorma
719 3315 840 3386 eorporis
850 3313 921 3377 lucii,
933 3312 980 3369 sed
991 3310 1090 3367 erroris
1100 3307 1255 3363 dutriimitis
1268 3303 1353 3375 lingit.

561 3408 621 3465 Non
636 3407 701 3463 milii
718 3406 817 3461 uideris
834 3404 868 3459 ub
883 3404 934 3459 isto
946 3417 1039 3457 errore
1053 3414 1131 3470 posse
1142 3398 1214 3464 erui,
1235 3395 1285 3450 nisi
1301 3395 1357 3451 lieo

562 3500 705 3570 adjuvaute
716 3498 856 3569 diligenter
865 3493 1077 3552 cousidemnciis
1088 3492 1143 3546 uisa
1157 3488 1355 3552 soinntamtum,

563 3600 594 3650 ει
608 3590 670 3646 iude
689 3590 847 3661 ciqnuiieiis
859 3602 919 3642 esse
938 3583 1066 3656 quasdam
1081 3596 1141 3653 qun
1155 3595 1208 3634 non
1228 3578 1282 3633 siut
1295 3591 1356 3631 eor·

563 3692 648 3754 pora,
662 3680 709 3739 sed
732 3678 918 3733 similitudines
939 3690 1091 3745 corporum.
1107 3670 1233 3742 Quamuis
1246 3668 1318 3725 cuim
1331 3677 1358 3723 et

565 3789 596 3832 οε
609 3787 670 3842 quoe
682 3771 779 3825 siiuilin
797 3768 954 3839 eoipiirilius
969 3767 1129 3835 cogitamus,
1150 3777 1184 3817 ex
1206 3776 1239 3817 eo
1259 3772 1358 3829 genere

565 3863 640 3921 sint:
657 3870 747 3916 taincn
766 3859 836 3930 quod
852 3860 884 3913 ad
900 3867 1020 3913 mortuos
1035 3857 1143 3918 attinet,
1159 3854 1246 3924 aptior
1265 3849 1356 3921 conje-

565 3963 640 4009 etum
653 3952 688 4008 de
707 3951 903 4006 dormientibus
921 3949 1036 4005 ducitur.
1059 3947 1151 4017 Neque
1170 3945 1240 4002 euim
1261 3941 1358 3997 liustra

567 4056 629 4106 eos.
644 4042 689 4113 qui
710 4041 807 4096 mortui
828 4051 890 4095 sunt
903 4039 1018 4111 appellnt
1038 4048 1128 4092 sancta
1144 4035 1280 4104 Scriptura
1294 4033 1358 4088 dor-

567 4136 680 4191 mientes
695 4134 716 4205 (l
730 4133 817 4188 Tlieis.
832 4148 870 4198 ir,
886 4132 949 4203 li),
964 4131 1014 4185 nisi
1034 4129 1095 4200 quin
1108 4136 1150 4184 est
1163 4123 1359 4195 quodammodo

567 4225 777 4296 cunsanguineus
801 4223 866 4280 ledit
888 4237 970 4293 sopor
989 4219 1118 4295 (lepte,
1138 4216 1246 4274 AEiietd.
1266 4216 1311 4272 tit.
1325 4217 1357 4280 li,

567 4334 630 4374 ieri.
643 4318 719 4387 titi).

600 4408 716 4467 citent
729 4406 800 4463 xix.
813 4437 848 4449 -
860 4406 906 4462 29.
921 4403 1040 4461 Proinde
1056 4403 1078 4459 si
1097 4402 1186 4457 aulius
1199 4415 1297 4470 eorpus
1314 4412 1360 4454 es·

567 4510 624 4565 tet,
639 4510 667 4556 ει
680 4514 808 4569 corporea
823 4507 895 4554 essct
910 4499 991 4567 ilgurn
1006 4499 1031 4550 iu
1046 4511 1098 4566 qun
1111 4510 1141 4550 se
1166 4494 1238 4548 videt
1255 4491 1282 4546 in
1308 4505 1354 4546 so·

567 4590 760 4660 mniseuqnod
773 4591 930 4658 decerpere
942 4587 1101 4656 ejusiuisset
1113 4597 1256 4654 expressa;
1273 4580 1360 4635 nullus

568 4681 705 4739 bominum
720 4680 840 4736 iiieinluo
852 4680 973 4747 eorporis
986 4686 1133 4746 amputato,
1147 4674 1216 4727 sicut
1230 4686 1262 4725 eo
1274 4677 1359 4736 meet,

566 4773 605 4829 ita
618 4775 676 4827 sine
690 4772 737 4827 illo
757 4785 787 4827 se
801 4770 903 4824 iiileiet
918 4769 943 4822 in
958 4769 1078 4833 somnis,
1092 4765 1139 4819 scil
1154 4764 1241 4834 piitius
1255 4774 1361 4829 semper

570 4864 715 4933 integrum,
729 4861 847 4932 eoquod
862 4861 957 4914 niiinim
971 4860 1053 4928 ipsius
1066 4857 1129 4911 nibil
1147 4856 1226 4910 inerit
1237 4863 1361 4922 amputa-

569 4961 635 5007 tum.
655 4951 721 5007 Cinii
743 4967 807 5005 reio
823 4950 965 5019 aliquando
986 4964 1015 5003 se
1034 4950 1149 5017 integros
1166 4945 1289 5005 uideant.
1309 4942 1361 4996 ali-

568 5044 675 5114 qnando
687 5052 776 5095 nutem
797 5040 865 5094 siunt
879 5049 958 5105 snut,
973 5054 1005 5093 ex
1019 5050 1185 5107 quocumque
1199 5041 1272 5101 parte
1288 5042 1362 5087 trun·

568 5144 659 5196 entos;
674 5133 735 5203 quid
750 5130 821 5186 uliud
836 5133 885 5186 ista
898 5147 941 5184 ies
954 5131 1048 5194 docet,
1073 5129 1123 5183 nisi
1138 5129 1271 5191 ammam,
1293 5125 1361 5183 sicul

570 5225 681 5280 aliarum
696 5240 784 5279 rerum
799 5238 864 5293 quas
876 5224 961 5278 sensit
976 5221 1001 5275 iii
1017 5221 1129 5285 somnis,
1142 5220 1176 5273 itn
1191 5228 1360 5285 monimine,

569 5314 650 5370 modo
661 5315 710 5378 sic,
724 5315 803 5368 modo
814 5315 864 5378 sic,
876 5328 928 5366 iiou
941 5312 1090 5373 sciitntcni,
1103 5310 1149 5362 sed
1161 5308 1361 5363 similitudinem

567 5406 680 5477 gerere?
699 5404 830 5460 Gaudium
849 5418 913 5457 icio
932 5403 989 5471 ejus
1007 5401 1063 5455 sive
1079 5400 1203 5463 tristitia,
1222 5398 1362 5453 ileliectutio

569 5498 609 5552 rol
624 5495 754 5561 oderisio,
770 5497 826 5548 siie
837 5494 871 5547 sit
885 5495 910 5546 in
923 5492 1093 5561 corporibus.
1110 5494 1166 5546 siio
1180 5491 1205 5544 iii
1219 5503 1361 5558 corporum

568 5587 796 5650 similitudinibus,
808 5601 870 5640 iera
885 5595 935 5640 est.
948 5584 987 5637 'lu
1002 5585 1058 5653 ipse
1072 5598 1160 5636 iioiiue
1173 5581 1273 5645 dixisti,
1285 5594 1362 5634 ieie·

568 5679 730 5750 qiiediiiisti‚
749 5696 758 5729 i
772 5678 902 5733 Alinieiitn
915 5685 944 5731 ct
953 5676 1109 5731 iestinientn
1121 5689 1175 5729 non
1185 5689 1244 5728 esse
1255 5674 1360 5737 animm,

569 5770 615 5825 sed
630 5771 735 5840 corpori
753 5770 923 5825 necessario?
937 5787 946 5820 i
962 5770 1017 5823 Cui
1030 5784 1094 5837 erqo
1109 5783 1185 5838 aquic
1200 5767 1298 5822 stillam
1314 5766 1363 5822 de-

569 5859 695 5914 siderauit
705 5860 773 5928 apud
786 5860 885 5914 inleius
897 5859 989 5912 diues?
1001 5859 1055 5914 Cui
1065 5858 1171 5913 Samuel
1184 5868 1292 5912 sanetus
1304 5864 1364 5927 post

570 5963 703 6017 mortem,
718 5962 746 6006 ut
766 5952 822 6019 ipsc
840 5965 946 6021 quoqne
960 5950 1185 6013 commemorasti,
1201 5949 1282 6002 solito
1295 5947 1306 5978 ⁸
1321 5947 1362 6001 iii-

569 6043 698 6100 dumento
712 6045 823 6099 restitus
837 6045 959 6114 apparuit
972 6042 998 6115 (l
1012 6042 1074 6113 lien.
1093 6057 1188 6108 sinin,
1204 6039 1270 6111 ttlt
1283 6039 1365 6095 Nunt-

602 6210 611 6241 ¹
628 6215 668 6282 Er.¹
679 6217 705 6259 ot
715 6206 812 6268 mimi·
823 6207 857 6260 in.
871 6209 952 6271 Abest,
964 6208 994 6271 si,
1006 6210 1155 6273 amanusciti
1164 6211 1194 6261 tis
1207 6217 1232 6261 ct
1244 6209 1275 6258 ab
1286 6217 1336 6258 tm.

602 6274 613 6303 ¹
630 6271 753 6330 ilduinon
765 6270 877 6321 ειιειιιιίε.

603 6332 614 6365 ²
631 6331 799 6395 aliquoties,
811 6329 896 6383 solido.

1224 917 1324 974 umen
1343 914 1517 985 anttttts.

2133 920 2186 977 tit

1398 1026 1461 1097 quid
1477 1027 1519 1081 illc
1534 1027 1623 1084 ruinas
1635 1026 1747 1095 enimse,
1763 1027 1830 1082 sicut
1843 1030 1940 1091 camis.
1950 1045 1997 1098 pei
2007 1030 2127 1087 humoris
2141 1034 2185 1087 aii·

1400 1128 1518 1172 mentum
1533 1119 1642 1173 reticere
1660 1118 1801 1186 cupiebat?
1818 1118 1949 1191 Numquid
1964 1121 2013 1176 iste
2026 1121 2059 1179 dc
2076 1137 2188 1192 corpore

1400 1208 1510 1263 uestitus
1524 1208 1645 1264 exierat?
1659 1207 1711 1265 Sed
1731 1211 1757 1264 iii
1773 1211 1817 1266 illu
1837 1227 1897 1266 iera
1912 1222 1970 1267 erat
1984 1212 2120 1281 molestia,
2134 1230 2187 1285 qna

1400 1300 1567 1354 crucialiatur
1588 1302 1690 1365 animm
1713 1317 1765 1355 niiii
1787 1311 1874 1375 tamen
1894 1319 1985 1358 uerum
2008 1318 2123 1375 eorpus,
2144 1305 2186 1361 eui

1401 1400 1531 1459 quereret
1549 1391 1683 1447 alimenta.
1699 1392 1730 1447 Et
1744 1393 1792 1450 iste
1804 1394 1843 1448 sie
1858 1394 1943 1462 potuit
1960 1409 2090 1463 apparere
2106 1397 2187 1451 iesti-

1402 1490 1454 1543 tiis,
1470 1490 1499 1535 ut
1516 1497 1567 1536 non
1583 1498 1679 1552 eorpus
1692 1494 1783 1549 esset,
1798 1484 1847 1539 scd
1860 1485 2056 1540 similitudinem
2070 1486 2189 1556 emporii

1403 1574 1514 1628 liaberet
1531 1582 1558 1628 ct
1571 1575 1659 1628 anima
1680 1584 1708 1630 et
1727 1574 1843 1629 liubitus.
1858 1574 1949 1645 Neque
1962 1577 2033 1631 euim
2052 1592 2082 1632 se
2102 1576 2190 1632 anima

1402 1668 1472 1722 sicut
1485 1668 1510 1721 iii
1524 1668 1641 1722 membru
1655 1669 1785 1737 corporis,
1802 1668 1838 1723 ita
1852 1678 1879 1724 et
1894 1671 1919 1724 iii
1932 1669 2089 1725 uestimenta
2104 1671 2189 1740 porri-

1403 1759 1440 1828 git
1450 1768 1477 1812 ct
1488 1769 1616 1825 coarctat,
1631 1770 1660 1812 ut
1673 1761 1752 1813 etiam
1767 1758 1827 1813 inde
1838 1758 1976 1814 inrmetnr.

1439 1849 1482 1904 50.
1500 1850 1688 1904 postmortem
1708 1865 1771 1904 iero
1790 1864 1870 1919 quain
1892 1849 1945 1904 uim
1959 1849 2116 1921 cognitionis
2130 1866 2191 1907 eor-

1405 1941 1572 2008 iuptiliililius
1594 1952 1745 1995 exoneratis
1767 1942 1924 2010 corporibus
1946 1942 2042 1996 animm
2063 1942 2193 2010 accipiant

1404 2031 1483 2085 etiam
1498 2046 1550 2085 uon
1566 2031 1658 2096 bome3
1675 2040 1704 2086 ut
1716 2032 1757 2085 iel
1771 2032 1871 2101 pariter
1885 2032 1985 2096 malas,
1998 2032 2039 2087 iel
2053 2031 2133 2087 etiam
2146 2030 2193 2088 bo·

1405 2137 1453 2177 uns
1463 2122 1569 2176 valeant
1578 2123 1747 2179 interioribus
1757 2123 1879 2179 sensibus
1890 2124 1985 2180 intueri
1997 2133 2024 2180 ct
2036 2138 2191 2194 agnuscere,

1406 2214 1462 2268 sire
1478 2214 1504 2268 in
1518 2213 1582 2283 ipsis
1595 2228 1647 2268 uon
1661 2215 1830 2282 corporibus,
1846 2214 1892 2269 sed
1906 2213 2122 2270 similitudinibus
2135 2228 2195 2270 eor·

1407 2319 1510 2372 poium,
1526 2304 1582 2359 siue
1597 2305 1623 2358 iu
1639 2304 1714 2359 bunis
1728 2313 1774 2359 aut
1789 2305 1865 2361 malis
1879 2305 2062 2360 affectionibus
2078 2305 2193 2365 utentis.

1406 2394 1543 2464 inquibus
1564 2395 1635 2450 nullu
1649 2405 1711 2451 suut
1726 2398 1801 2466 quasi
1817 2396 1976 2452 lineamenta
1995 2396 2194 2462 iiiembioiuin,

1406 2485 1465 2556 quis
1478 2486 1565 2541 ualent
1579 2487 1723 2558 iudugaici
1737 2487 1813 2545 Unde
1825 2499 1866 2544 cst
1880 2497 1908 2545 ot
1921 2489 1996 2557 illud,
2011 2490 2082 2561 quod
2093 2499 2195 2559 patrem

1407 2576 1539 2631 Abrabam
1552 2576 1626 2632 dives
1639 2579 1698 2642 illc,
1714 2594 1774 2633 cuui
1789 2581 1815 2635 iu
1830 2582 1969 2637 tormentis
1982 2590 2062 2646 esset,
2077 2587 2195 2652 aquom,

1406 2666 1449 2721 cui
1463 2666 1545 2735 siguin
1558 2670 1678 2737 eorporis
1692 2669 1749 2739 ejus
1763 2688 1815 2726 non
1827 2681 1884 2726 erat
1898 2683 1969 2737 nota,
1984 2674 2060 2744 eujus
2073 2672 2197 2743 eoeperit

1406 2758 1604 2815 similitudinem
1615 2763 1736 2831 quamtis
1746 2764 1903 2833 incorporea
1917 2766 1925 2796 ¹
1940 2765 2021 2834 potuit
2034 2766 2122 2820 antiton
2134 2764 2197 2821 reti·

1407 2865 1480 2905 nere.
1495 2851 1560 2916 Quis
1569 2861 1657 2906 autent
1672 2862 1745 2907 recte
1753 2853 1869 2919 dicante
1880 2854 1994 2924 aliquem
2002 2856 2134 2910 lioiiiincm
2148 2867 2196 2912 eo·

1407 2943 1544 3014 quesisse,
1559 2943 1610 2997 uisi
1625 2945 1650 2998 iii
1665 2954 1792 3013 quantum
1807 2948 1891 3015 potuit
1908 2947 1966 3015 ejus
1980 2948 2059 3001 iitnin
2074 2948 2197 3002 vulunta-

1408 3045 1515 3107 temque
1533 3052 1708 3106 cognoscere.
1730 3053 1790 3108 quse
1802 3040 1891 3108 utique
1902 3038 1985 3093 moles
1996 3054 2048 3093 non
2060 3039 2138 3093 lialiet
2155 3039 2197 3093 rel

1407 3130 1530 3186 coleres?
1544 3130 1590 3186 Sic
1603 3131 1674 3185 euim
1689 3138 1716 3184 ct
1730 3145 1779 3185 nos
1794 3131 1865 3200 ipsos
1884 3131 1982 3186 certius
1995 3145 2074 3202 quani
2086 3139 2199 3185 eeteros

1408 3220 1546 3283 novimus,
1566 3220 1628 3289 qnia
1647 3219 1724 3273 uubis
1743 3219 1906 3274 conscicntia
1925 3233 2015 3274 notua
2030 3228 2090 3273 neta
2112 3230 2153 3273 est
2172 3228 2200 3275 et

1408 3313 1548 3368 noluntas:
1563 3325 1642 3380 quam
1656 3310 1734 3379 plane
1747 3309 1882 3374 ridemus,
1902 3319 1930 3364 et
1949 3310 1975 3364 in
1989 3324 2020 3363 ea
2041 3317 2129 3364 tamen
2147 3308 2197 3363 ali·

1408 3420 1487 3475 qiiain
1506 3404 1626 3472 corporis
1639 3401 1837 3456 similitudinem
1857 3417 1909 3456 non
1927 3401 2058 3457 uidemus.
2079 3400 2152 3455 llauc
2170 3401 2198 3456 iii

1408 3496 1461 3551 alio
1475 3494 1597 3564 qunmiis
1610 3504 1740 3563 presente
1751 3509 1803 3547 iion
1814 3492 1957 3556 cemimus,
1969 3492 2049 3547 etiam
2061 3492 2136 3561 eujus
2150 3492 2199 3548 ub·

1409 3583 1594 3642 scutissneicm
1605 3584 1738 3648 nouimus,
1747 3582 1899 3645 recolimus.
1911 3583 2067 3652 cogitemus.
2076 3582 2200 3639 Nostram

1409 3696 1473 3736 rem
1487 3679 1580 3733 taciem
1602 3693 1635 3733 eu
1651 3678 1838 3741 medenenti,
1860 3676 1995 3741 recolere,
2011 3676 2128 3745 cogitare
2147 3688 2200 3732 nou

1410 3786 1562 3845 possumus,
1574 3780 1700 3826 ettamen
1714 3785 1763 3825 iios
1773 3770 1844 3838 nisos
1854 3769 1930 3824 nobis
1941 3768 2024 3838 nitigis
2036 3784 2114 3838 quam
2127 3769 2201 3824 illum
2258 3748 2262 3756 ’

1410 3868 1544 3936 cognitum
1559 3864 1697 3919 uerissime
1716 3863 1848 3919 dicimus:
1864 3863 1899 3916 ita
1914 3862 2016 3918 ciuium
2037 3870 2093 3928 ost,
2109 3860 2203 3917 ubisit

1411 3959 1498 4027 potior
1509 3957 1624 4012 liomiiiis
1637 3956 1778 4025 ieiiiiiqiie
1791 3955 1894 4009 notitia.

1446 4047 1559 4104 cintii
1577 4047 1637 4103 llll.
1651 4077 1688 4089 -
1700 4049 1743 4103 et.
1759 4046 1825 4101 Cum
1840 4061 1905 4116 crgo
1917 4045 1987 4099 nliud
2002 4046 2036 4098 sit
2050 4043 2076 4098 iii
2095 4043 2202 4110 anima,

1411 4154 1465 4209 qno
1484 4153 1595 4207 corporo
1616 4153 1678 4192 rein
1694 4139 1844 4202 sentimus,
1863 4134 1935 4205 quod
1958 4136 2068 4190 ficimus
2087 4135 2205 4204 quinque

1411 4231 1533 4285 sensibus
1545 4229 1679 4298 corporis:
1696 4228 1766 4282 aliud
1779 4243 1832 4297 quo
1843 4235 1940 4297 prmtei
1951 4229 2022 4297 ipsos
2034 4226 2129 4280 similia
2142 4239 2205 4279 eor·

1413 4320 1524 4390 poribus
1539 4335 1591 4373 non
1605 4334 1716 4389 corpora
1730 4319 1880 4382 cominius,
1896 4316 1939 4371 ulii
1960 4325 1986 4371 et
2002 4332 2050 4370 uus
2066 4316 2136 4384 ipso..¹
2149 4329 2204 4369 nori

1412 4413 1490 4468 aliter
1504 4428 1582 4484 quam
1598 4412 1698 4466 similes
1711 4410 1867 4481 corporibus
1880 4419 2053 4470 ciintueniui3
2069 4405 2138 4459 nliud
2151 4420 2204 4472 qno

1413 4520 1463 4560 nec
1474 4519 1586 4574 corpora
1602 4520 1651 4559 nee
1660 4502 1847 4559 similitudines
1858 4515 2009 4571 corporum,
2026 4499 2093 4552 sient
2107 4494 2202 4558 sulem,

1413 4611 1502 4666 spem,
1526 4594 1699 4658 charitatem,
1716 4594 1774 4647 sine.
1787 4593 1848 4646 ullis
1867 4589 1999 4646 coloribus
2014 4598 2040 4643 ct
2056 4583 2205 4641 tumoribus

1412 4701 1557 4755 eoiinnquo
1581 4683 1812 4748 similitudinibus,
1836 4681 1935 4737 certius
1959 4693 2023 4733 sune
2050 4677 2205 4742 firmiusque

1413 4779 1591 4847 conspicimus
1601 4777 1659 4839 ;ulii
1672 4774 1754 4843 magis
1764 4787 1823 4827 esse
1835 4780 1862 4825 et
1876 4769 1989 4840 quodam
2001 4768 2080 4823 niodo
2093 4765 2204 4820 lumilia-

1414 4869 1468 4921 iius
1490 4867 1608 4920 ii.=bitnre
1622 4864 1763 4929 debemus,
1787 4861 1830 4916 ubi
1851 4859 1974 4914 immisti
1995 4858 2203 4928 insignitionem

1415 4958 1460 5012 lici
1475 4955 1619 5011 seciniiliiiii
1635 4952 1775 5021 imaginem
1791 4950 1907 5020 ejusqui
1922 4951 2021 5004 creauit
2035 4948 2102 5004 nusi
2114 4962 2203 5002 uonna

1415 5050 1440 5101 ln
1456 5046 1505 5099 line
1517 5043 1587 5115 qiioil
1604 5042 1680 5097 tertio
1696 5043 1754 5096 loeo
1773 5040 1868 5110 pusitii
1883 5039 1920 5094 lbi
1941 5041 2012 5095 enim
2026 5048 2099 5094 certe
2119 5053 2205 5107 nequo

1415 5138 1496 5192 ullum
1510 5151 1620 5202 sesnin,
1640 5148 1725 5204 neque
1740 5133 1819 5187 ullain
1839 5147 1921 5188 setus
1941 5130 2143 5187 similitudinem
2158 5143 2204 5199 ge-

1416 5230 1508 5283 rimus.

1450 5318 1495 5374 52.
1509 5317 1573 5372 Num
1585 5317 1627 5372 illa
1640 5318 1793 5372 mosculinm
1805 5318 1844 5372 iel
1859 5317 1991 5372 icinininoe
2002 5318 2097 5370 nnimae
2109 5312 2202 5380 luinia,

1415 5410 1543 5464 membris
1558 5408 1678 5462 uirilibus
1698 5409 1923 5477 muliebribusque
1943 5407 2083 5469 distincta,
2108 5403 2130 5456 si
2153 5418 2209 5457 uon

1415 5501 1535 5571 corporis
1554 5499 1713 5562 similitudo,
1737 5498 1784 5553 sed
1804 5513 1902 5567 corpus
1922 5507 1979 5563 est,
2000 5496 2068 5550 uelis
2082 5492 2153 5549 nolis
2166 5500 2206 5547 est

1416 5594 1566 5658 musculus,
1587 5592 1654 5647 ielis
1673 5593 1742 5647 nolis
1766 5601 1807 5646 est
1827 5589 1941 5655 semino,
1968 5600 2142 5658 quecumque
2162 5597 2212 5642 aut

1417 5683 1550 5738 masculus
1563 5691 1673 5752 npparet
1686 5691 1732 5736 ant
1752 5681 1859 5735 leiiiina.
1875 5677 1929 5734 Sed
1944 5687 2031 5732 tamen
2053 5676 2095 5731 si¹
2108 5689 2205 5730 seeun-

1417 5776 1479 5830 dum
1497 5785 1567 5830 tuam
1582 5775 1735 5845 opinionem
1751 5781 1778 5827 et
1790 5786 1886 5839 eorpus
1904 5779 1944 5824 est
1959 5769 2065 5833 anime,
2080 5775 2107 5821 ct
2119 5767 2208 5821 riruui

1417 5882 1514 5937 eorpus
1524 5876 1575 5930 est,
1585 5876 1611 5920 et
1621 5865 1699 5920 nabet
1708 5859 2010 5932 mnmmnspmtqiuidas
2018 5867 2044 5914 et
2056 5855 2209 5929 propendu-

1419 5961 1468 6028 lus,
1484 5970 1510 6016 et
1524 5976 1576 6015 non
1590 5958 1667 6015 babet
1683 5956 1802 6022 barbam,
1815 5964 1843 6010 ct
1856 5955 1935 6010 bubet
1950 5953 2054 6008 iuli-:ini
2067 5959 2094 6007 et
2105 5951 2213 6024 genita-

1452 6141 1459 6173 Ι
1477 6139 1513 6189 sic
1524 6146 1572 6188 tui.
1589 6143 1625 6186 ιε.
1649 6142 1675 6186 ει
1690 6133 1774 6198 plures
1789 6133 1953 6198 manusculptl.
1974 6139 2002 6182 it
2017 6137 2084 6192 toi„
2101 6129 2209 6192 inceipo·

1418 6214 1519 6313 'emite
1530 6260 1647 6321 addimus,
1666 6258 1703 6319 si,
1716 6271 1747 6307 cx
1764 6257 1950 6321 mauusetpits:
1974 6264 1999 6307 ει
2021 6254 2082 6305 lutra
2102 6249 2211 6302 restitut-

1420 6339 1482 6387 inus,
1494 6336 1583 6389 epotum·
1595 6335 1647 6386 pio,
1663 6334 1758 6387 eiqoiie.
