<?xml version="1.0" encoding="UTF-8"?>
<!DOCTYPE html PUBLIC "-//W3C//DTD XHTML 1.0 Transitional//EN"
    "http://www.w3.org/TR/xhtml1/DTD/xhtml1-transitional.dtd">
<html xmlns="http://www.w3.org/1999/xhtml" xml:lang="en" lang="en">
 <head>
  <title>
</title>
<meta http-equiv="Content-Type" content="text/html;charset=utf-8" />
  <meta name='ocr-system' content='tesseract 3.04.00' />
  <meta name='ocr-capabilities' content='ocr_page ocr_carea ocr_par ocr_line ocrx_word'/>
</head>
<body>
  <div class='ocr_page' id='page_1' title='image "./patrologiaecurs04goog/patrologiaecurs04goog_0353.png"; bbox 0 0 5592 7350; ppageno 0'>
   <div class='ocr_carea' id='block_1_1' title="bbox 563 868 1364 5320">
    <p class='ocr_par' dir='ltr' id='par_1_1' title="bbox 563 868 1359 2124">
     <span class='ocr_line' id='line_1_1' title="bbox 563 868 614 925; baseline 0 0"><span class='ocrx_word' id='word_1_1' title='bbox 563 868 614 925; x_wconf 79' lang='lat' dir='ltr'><strong>sat</strong></span> 
     </span>
     <span class='ocr_line' id='line_1_2' title="bbox 565 969 1356 1043; baseline -0.018 -6"><span class='ocrx_word' id='word_1_2' title='bbox 565 982 597 1037; x_wconf 81' lang='lat' dir='ltr'><strong>lm</strong></span> <span class='ocrx_word' id='word_1_3' title='bbox 613 991 656 1035; x_wconf 91' lang='lat' dir='ltr'><strong>tua</strong></span> <span class='ocrx_word' id='word_1_4' title='bbox 670 988 742 1043; x_wconf 83' lang='lat' dir='ltr'><strong>sunt,</strong></span> <span class='ocrx_word' id='word_1_5' title='bbox 763 978 807 1034; x_wconf 90' lang='lat' dir='ltr'><strong>ulti</strong></span> <span class='ocrx_word' id='word_1_6' title='bbox 822 985 847 1033; x_wconf 90' lang='lat' dir='ltr'><strong>te</strong></span> <span class='ocrx_word' id='word_1_7' title='bbox 859 974 994 1031; x_wconf 79' lang='lat' dir='ltr'><strong>contraris</strong></span> <span class='ocrx_word' id='word_1_8' title='bbox 1008 971 1158 1027; x_wconf 83' lang='lat' dir='ltr'><strong>consentire</strong></span> <span class='ocrx_word' id='word_1_9' title='bbox 1172 969 1279 1033; x_wconf 77' lang='lat' dir='ltr'><strong>dirimi,</strong></span> <span class='ocrx_word' id='word_1_10' title='bbox 1297 969 1356 1039; x_wconf 91' lang='lat' dir='ltr'><strong>qui·</strong></span> 
     </span>
     <span class='ocr_line' id='line_1_3' title="bbox 565 1062 1356 1141; baseline -0.019 -12"><span class='ocrx_word' id='word_1_11' title='bbox 565 1073 676 1130; x_wconf 88' lang='lat' dir='ltr'><strong>busdam</strong></span> <span class='ocrx_word' id='word_1_12' title='bbox 693 1088 745 1127; x_wconf 90' lang='lat' dir='ltr'><strong>nnn</strong></span> <span class='ocrx_word' id='word_1_13' title='bbox 769 1070 908 1141; x_wconf 86' lang='lat' dir='ltr'><strong>baptizatis</strong></span> <span class='ocrx_word' id='word_1_14' title='bbox 926 1068 966 1123; x_wconf 91' lang='lat' dir='ltr'><strong>sic</strong></span> <span class='ocrx_word' id='word_1_15' title='bbox 985 1064 1146 1137; x_wconf 76' lang='lat' dir='ltr'><strong>temporarie</strong></span> <span class='ocrx_word' id='word_1_16' title='bbox 1160 1062 1285 1117; x_wconf 92' lang='lat' dir='ltr'><strong>collatum</strong></span> <span class='ocrx_word' id='word_1_17' title='bbox 1296 1074 1356 1115; x_wconf 81' lang='lat' dir='ltr'><strong>esse</strong></span> 
     </span>
     <span class='ocr_line' id='line_1_4' title="bbox 564 1143 1355 1234; baseline -0.018 -17"><span class='ocrx_word' id='word_1_18' title='bbox 564 1163 729 1234; x_wconf 83' lang='lat' dir='ltr'><strong>paradisum,</strong></span> <span class='ocrx_word' id='word_1_19' title='bbox 742 1160 893 1231; x_wconf 90' lang='lat' dir='ltr'><strong>utsupersit</strong></span> <span class='ocrx_word' id='word_1_20' title='bbox 905 1159 956 1213; x_wconf 92' lang='lat' dir='ltr'><strong>iliis</strong></span> <span class='ocrx_word' id='word_1_21' title='bbox 971 1159 997 1212; x_wconf 93' lang='lat' dir='ltr'><strong>in</strong></span> <span class='ocrx_word' id='word_1_22' title='bbox 1011 1143 1205 1211; x_wconf 90' lang='lat' dir='ltr'><strong>resurrectione</strong></span> <span class='ocrx_word' id='word_1_23' title='bbox 1218 1151 1355 1222; x_wconf 65' lang='lat' dir='ltr'><strong>preamium</strong></span> 
     </span>
     <span class='ocr_line' id='line_1_5' title="bbox 563 1245 1356 1326; baseline -0.019 -16"><span class='ocrx_word' id='word_1_24' title='bbox 563 1257 640 1326; x_wconf 84' lang='lat' dir='ltr'><strong>regui</strong></span> <span class='ocrx_word' id='word_1_25' title='bbox 662 1256 803 1320; x_wconf 73' lang='lat' dir='ltr'><strong>coelorum,</strong></span> <span class='ocrx_word' id='word_1_26' title='bbox 820 1263 914 1308; x_wconf 91' lang='lat' dir='ltr'><strong>contra</strong></span> <span class='ocrx_word' id='word_1_27' title='bbox 934 1248 1092 1305; x_wconf 76' lang='lat' dir='ltr'><strong>sententiam</strong></span> <span class='ocrx_word' id='word_1_28' title='bbox 1110 1245 1293 1316; x_wconf 86' lang='lat' dir='ltr'><strong>principalem,</strong></span> <span class='ocrx_word' id='word_1_29' title='bbox 1306 1257 1356 1312; x_wconf 92' lang='lat' dir='ltr'><strong>qua</strong></span> 
     </span>
     <span class='ocr_line' id='line_1_6' title="bbox 563 1334 1356 1411; baseline -0.016 -10"><span class='ocrx_word' id='word_1_30' title='bbox 563 1347 740 1401; x_wconf 86' lang='lat' dir='ltr'><strong>eottstitutum</strong></span> <span class='ocrx_word' id='word_1_31' title='bbox 756 1354 806 1411; x_wconf 90' lang='lat' dir='ltr'><strong>est,</strong></span> <span class='ocrx_word' id='word_1_32' title='bbox 821 1360 874 1400; x_wconf 90' lang='lat' dir='ltr'><strong>non</strong></span> <span class='ocrx_word' id='word_1_33' title='bbox 888 1344 1046 1397; x_wconf 89' lang='lat' dir='ltr'><strong>intraturum</strong></span> <span class='ocrx_word' id='word_1_34' title='bbox 1061 1340 1086 1393; x_wconf 91' lang='lat' dir='ltr'><strong>in</strong></span> <span class='ocrx_word' id='word_1_35' title='bbox 1100 1337 1166 1392; x_wconf 92' lang='lat' dir='ltr'><strong>illud</strong></span> <span class='ocrx_word' id='word_1_36' title='bbox 1179 1351 1300 1406; x_wconf 81' lang='lat' dir='ltr'><strong>regnum,</strong></span> <span class='ocrx_word' id='word_1_37' title='bbox 1311 1334 1356 1404; x_wconf 89' lang='lat' dir='ltr'><strong>qui</strong></span> 
     </span>
     <span class='ocr_line' id='line_1_7' title="bbox 565 1426 1355 1502; baseline -0.014 -12"><span class='ocrx_word' id='word_1_38' title='bbox 565 1452 618 1491; x_wconf 91' lang='lat' dir='ltr'><strong>nou</strong></span> <span class='ocrx_word' id='word_1_39' title='bbox 632 1445 741 1491; x_wconf 90' lang='lat' dir='ltr'><strong>renatus</strong></span> <span class='ocrx_word' id='word_1_40' title='bbox 762 1433 840 1490; x_wconf 89' lang='lat' dir='ltr'><strong>fucrit</strong></span> <span class='ocrx_word' id='word_1_41' title='bbox 854 1449 886 1489; x_wconf 89' lang='lat' dir='ltr'><strong>ex</strong></span> <span class='ocrx_word' id='word_1_42' title='bbox 901 1448 969 1502; x_wconf 90' lang='lat' dir='ltr'><strong>aqna</strong></span> <span class='ocrx_word' id='word_1_43' title='bbox 989 1439 1016 1486; x_wconf 92' lang='lat' dir='ltr'><strong>et</strong></span> <span class='ocrx_word' id='word_1_44' title='bbox 1038 1428 1137 1499; x_wconf 77' lang='lat' dir='ltr'><strong>Spiritu</strong></span> <span class='ocrx_word' id='word_1_45' title='bbox 1152 1436 1255 1483; x_wconf 91' lang='lat' dir='ltr'><strong>sancto.</strong></span> <span class='ocrx_word' id='word_1_46' title='bbox 1269 1426 1355 1493; x_wconf 86' lang='lat' dir='ltr'><strong>Quam</strong></span> 
     </span>
     <span class='ocr_line' id='line_1_8' title="bbox 566 1517 1357 1597; baseline -0.013 -17"><span class='ocrx_word' id='word_1_47' title='bbox 566 1528 725 1583; x_wconf 79' lang='lat' dir='ltr'><strong>sententiam</strong></span> <span class='ocrx_word' id='word_1_48' title='bbox 739 1526 913 1597; x_wconf 80' lang='lat' dir='ltr'><strong>principalem</strong></span> <span class='ocrx_word' id='word_1_49' title='bbox 934 1525 1029 1580; x_wconf 85' lang='lat' dir='ltr'><strong>timeus</strong></span> <span class='ocrx_word' id='word_1_50' title='bbox 1049 1517 1294 1587; x_wconf 66' lang='lat' dir='ltr'><strong>violat-erengus,</strong></span> <span class='ocrx_word' id='word_1_51' title='bbox 1308 1530 1357 1570; x_wconf 92' lang='lat' dir='ltr'><strong>nec</strong></span> 
     </span>
     <span class='ocr_line' id='line_1_9' title="bbox 568 1606 1357 1687; baseline -0.016 -16"><span class='ocrx_word' id='word_1_52' title='bbox 568 1619 628 1672; x_wconf 92' lang='lat' dir='ltr'><strong>illos</strong></span> <span class='ocrx_word' id='word_1_53' title='bbox 642 1619 700 1673; x_wconf 89' lang='lat' dir='ltr'><strong>sine</strong></span> <span class='ocrx_word' id='word_1_54' title='bbox 713 1616 849 1687; x_wconf 88' lang='lat' dir='ltr'><strong>Baptismu</strong></span> <span class='ocrx_word' id='word_1_55' title='bbox 862 1617 888 1669; x_wconf 94' lang='lat' dir='ltr'><strong>itt</strong></span> <span class='ocrx_word' id='word_1_56' title='bbox 906 1625 1017 1683; x_wconf 80' lang='lat' dir='ltr'><strong>regnum</strong></span> <span class='ocrx_word' id='word_1_57' title='bbox 1030 1610 1162 1668; x_wconf 76' lang='lat' dir='ltr'><strong>emtarum</strong></span> <span class='ocrx_word' id='word_1_58' title='bbox 1182 1606 1296 1662; x_wconf 90' lang='lat' dir='ltr'><strong>credidit</strong></span> <span class='ocrx_word' id='word_1_59' title='bbox 1315 1606 1357 1660; x_wconf 90' lang='lat' dir='ltr'><strong>in·</strong></span> 
     </span>
     <span class='ocr_line' id='line_1_10' title="bbox 569 1696 1358 1777; baseline -0.014 -17"><span class='ocrx_word' id='word_1_60' title='bbox 569 1716 698 1772; x_wconf 80' lang='lat' dir='ltr'><strong>araturas,</strong></span> <span class='ocrx_word' id='word_1_61' title='bbox 720 1721 787 1777; x_wconf 90' lang='lat' dir='ltr'><strong>quos</strong></span> <span class='ocrx_word' id='word_1_62' title='bbox 802 1721 853 1759; x_wconf 92' lang='lat' dir='ltr'><strong>nnn</strong></span> <span class='ocrx_word' id='word_1_63' title='bbox 869 1703 981 1760; x_wconf 89' lang='lat' dir='ltr'><strong>credidit</strong></span> <span class='ocrx_word' id='word_1_64' title='bbox 995 1715 1056 1757; x_wconf 89' lang='lat' dir='ltr'><strong>reos</strong></span> <span class='ocrx_word' id='word_1_65' title='bbox 1068 1718 1074 1753; x_wconf 93' lang='lat'>:</span> <span class='ocrx_word' id='word_1_66' title='bbox 1086 1709 1113 1754; x_wconf 95' lang='lat' dir='ltr'><strong>tu</strong></span> <span class='ocrx_word' id='word_1_67' title='bbox 1134 1708 1223 1753; x_wconf 90' lang='lat' dir='ltr'><strong>autem</strong></span> <span class='ocrx_word' id='word_1_68' title='bbox 1237 1707 1264 1752; x_wconf 91' lang='lat' dir='ltr'><strong>et</strong></span> <span class='ocrx_word' id='word_1_69' title='bbox 1276 1696 1358 1767; x_wconf 79' lang='lat' dir='ltr'><strong>origi-</strong></span> 
     </span>
     <span class='ocr_line' id='line_1_11' title="bbox 569 1789 1357 1865; baseline -0.016 -14"><span class='ocrx_word' id='word_1_70' title='bbox 569 1798 637 1851; x_wconf 89' lang='lat' dir='ltr'><strong>nalis</strong></span> <span class='ocrx_word' id='word_1_71' title='bbox 652 1795 752 1865; x_wconf 89' lang='lat' dir='ltr'><strong>pcccati</strong></span> <span class='ocrx_word' id='word_1_72' title='bbox 777 1809 837 1850; x_wconf 86' lang='lat' dir='ltr'><strong>reos</strong></span> <span class='ocrx_word' id='word_1_73' title='bbox 860 1792 983 1863; x_wconf 91' lang='lat' dir='ltr'><strong>parvulos</strong></span> <span class='ocrx_word' id='word_1_74' title='bbox 1003 1789 1154 1854; x_wconf 90' lang='lat' dir='ltr'><strong>confiteris,</strong></span> <span class='ocrx_word' id='word_1_75' title='bbox 1169 1796 1196 1843; x_wconf 90' lang='lat' dir='ltr'><strong>et</strong></span> <span class='ocrx_word' id='word_1_76' title='bbox 1209 1796 1297 1842; x_wconf 88' lang='lat' dir='ltr'><strong>tamen</strong></span> <span class='ocrx_word' id='word_1_77' title='bbox 1311 1799 1357 1841; x_wconf 88' lang='lat' dir='ltr'><strong>ens</strong></span> 
     </span>
     <span class='ocr_line' id='line_1_12' title="bbox 568 1876 1357 1955; baseline -0.015 -14"><span class='ocrx_word' id='word_1_78' title='bbox 568 1888 627 1942; x_wconf 85' lang='lat' dir='ltr'><strong>sine</strong></span> <span class='ocrx_word' id='word_1_79' title='bbox 639 1887 746 1942; x_wconf 90' lang='lat' dir='ltr'><strong>lavacro</strong></span> <span class='ocrx_word' id='word_1_80' title='bbox 761 1883 971 1955; x_wconf 73' lang='lat' dir='ltr'><strong>regenerationis</strong></span> <span class='ocrx_word' id='word_1_81' title='bbox 984 1880 1110 1946; x_wconf 79' lang='lat' dir='ltr'><strong>absolvis,</strong></span> <span class='ocrx_word' id='word_1_82' title='bbox 1124 1887 1151 1935; x_wconf 88' lang='lat' dir='ltr'><strong>et</strong></span> <span class='ocrx_word' id='word_1_83' title='bbox 1164 1879 1190 1932; x_wconf 94' lang='lat' dir='ltr'><strong>in</strong></span> <span class='ocrx_word' id='word_1_84' title='bbox 1206 1876 1357 1947; x_wconf 88' lang='lat' dir='ltr'><strong>paradisum</strong></span> 
     </span>
     <span class='ocr_line' id='line_1_13' title="bbox 569 1969 1359 2047; baseline -0.013 -16"><span class='ocrx_word' id='word_1_85' title='bbox 569 1978 665 2042; x_wconf 92' lang='lat' dir='ltr'><strong>mittis,</strong></span> <span class='ocrx_word' id='word_1_86' title='bbox 679 1984 706 2032; x_wconf 91' lang='lat' dir='ltr'><strong>et</strong></span> <span class='ocrx_word' id='word_1_87' title='bbox 719 1984 811 2047; x_wconf 89' lang='lat' dir='ltr'><strong>postca</strong></span> <span class='ocrx_word' id='word_1_88' title='bbox 820 1975 901 2030; x_wconf 90' lang='lat' dir='ltr'><strong>etiam</strong></span> <span class='ocrx_word' id='word_1_89' title='bbox 915 1987 1025 2044; x_wconf 76' lang='lat' dir='ltr'><strong>regnum</strong></span> <span class='ocrx_word' id='word_1_90' title='bbox 1039 1969 1170 2027; x_wconf 83' lang='lat' dir='ltr'><strong>coelorum</strong></span> <span class='ocrx_word' id='word_1_91' title='bbox 1185 1969 1287 2023; x_wconf 87' lang='lat' dir='ltr'><strong>intrare</strong></span> <span class='ocrx_word' id='word_1_92' title='bbox 1302 1982 1359 2038; x_wconf 90' lang='lat' dir='ltr'><strong>per·</strong></span> 
     </span>
     <span class='ocr_line' id='line_1_14' title="bbox 569 2070 663 2124; baseline -0.011 -1"><span class='ocrx_word' id='word_1_93' title='bbox 569 2070 663 2124; x_wconf 88' lang='lat' dir='ltr'><strong>mittis.</strong></span> 
     </span>
    </p>

    <p class='ocr_par' dir='ltr' id='par_1_2' title="bbox 569 2150 1364 5320">
     <span class='ocr_line' id='line_1_15' title="bbox 607 2150 1359 2225; baseline -0.012 -12"><span class='ocrx_word' id='word_1_94' title='bbox 607 2158 720 2215; x_wconf 74' lang='lat' dir='ltr'>CAPUT</span> <span class='ocrx_word' id='word_1_95' title='bbox 739 2157 809 2213; x_wconf 84' lang='lat' dir='ltr'><strong>xiv.</strong></span> <span class='ocrx_word' id='word_1_96' title='bbox 835 2188 871 2198; x_wconf 97' lang='lat'>-</span> <span class='ocrx_word' id='word_1_97' title='bbox 883 2156 928 2213; x_wconf 66' lang='grc' dir='ltr'>ιθ.</span> <span class='ocrx_word' id='word_1_98' title='bbox 943 2155 1006 2211; x_wconf 80' lang='lat' dir='ltr'><strong>flacc</strong></span> <span class='ocrx_word' id='word_1_99' title='bbox 1018 2163 1097 2225; x_wconf 89' lang='lat' dir='ltr'><strong>atque</strong></span> <span class='ocrx_word' id='word_1_100' title='bbox 1109 2150 1272 2223; x_wconf 83' lang='lat' dir='ltr'><strong>hujusmodi,</strong></span> <span class='ocrx_word' id='word_1_101' title='bbox 1288 2150 1309 2205; x_wconf 88' lang='lat' dir='ltr'><strong>si</strong></span> <span class='ocrx_word' id='word_1_102' title='bbox 1331 2157 1359 2205; x_wconf 92' lang='lat' dir='ltr'><strong>et</strong></span> 
     </span>
     <span class='ocr_line' id='line_1_16' title="bbox 569 2239 1359 2302; baseline -0.011 0"><span class='ocrx_word' id='word_1_103' title='bbox 569 2250 621 2302; x_wconf 86' lang='lat' dir='ltr'><strong>alia</strong></span> <span class='ocrx_word' id='word_1_104' title='bbox 637 2247 748 2302; x_wconf 75' lang='lat' dir='ltr'><strong>forsitan</strong></span> <span class='ocrx_word' id='word_1_105' title='bbox 769 2248 794 2301; x_wconf 93' lang='lat' dir='ltr'><strong>itt</strong></span> <span class='ocrx_word' id='word_1_106' title='bbox 814 2246 865 2301; x_wconf 91' lang='lat' dir='ltr'><strong>tuis</strong></span> <span class='ocrx_word' id='word_1_107' title='bbox 883 2246 958 2299; x_wconf 93' lang='lat' dir='ltr'><strong>liitris</strong></span> <span class='ocrx_word' id='word_1_108' title='bbox 973 2245 1098 2299; x_wconf 91' lang='lat' dir='ltr'><strong>attentior</strong></span> <span class='ocrx_word' id='word_1_109' title='bbox 1118 2251 1145 2297; x_wconf 91' lang='lat' dir='ltr'><strong>et</strong></span> <span class='ocrx_word' id='word_1_110' title='bbox 1163 2240 1273 2296; x_wconf 84' lang='lat' dir='ltr'><strong>otiosior</strong></span> <span class='ocrx_word' id='word_1_111' title='bbox 1286 2239 1359 2294; x_wconf 90' lang='lat' dir='ltr'><strong>iuve-</strong></span> 
     </span>
     <span class='ocr_line' id='line_1_17' title="bbox 569 2330 1360 2409; baseline -0.014 -14"><span class='ocrx_word' id='word_1_112' title='bbox 569 2342 631 2395; x_wconf 88' lang='lat' dir='ltr'><strong>nire</strong></span> <span class='ocrx_word' id='word_1_113' title='bbox 649 2339 776 2409; x_wconf 90' lang='lat' dir='ltr'><strong>potueris,</strong></span> <span class='ocrx_word' id='word_1_114' title='bbox 791 2339 850 2394; x_wconf 89' lang='lat' dir='ltr'><strong>sine</strong></span> <span class='ocrx_word' id='word_1_115' title='bbox 864 2338 915 2393; x_wconf 88' lang='lat' dir='ltr'><strong>nlla</strong></span> <span class='ocrx_word' id='word_1_116' title='bbox 929 2336 1056 2391; x_wconf 89' lang='lat' dir='ltr'><strong>dilatione</strong></span> <span class='ocrx_word' id='word_1_117' title='bbox 1067 2334 1122 2405; x_wconf 84' lang='lat' dir='ltr'><strong>jam</strong></span> <span class='ocrx_word' id='word_1_118' title='bbox 1138 2333 1251 2402; x_wconf 78' lang='lat' dir='ltr'><strong>corrige,</strong></span> <span class='ocrx_word' id='word_1_119' title='bbox 1269 2332 1289 2386; x_wconf 93' lang='lat' dir='ltr'><strong>si</strong></span> <span class='ocrx_word' id='word_1_120' title='bbox 1303 2330 1360 2385; x_wconf 92' lang='lat' dir='ltr'><strong>ani·</strong></span> 
     </span>
     <span class='ocr_line' id='line_1_18' title="bbox 569 2425 1360 2501; baseline -0.01 -15"><span class='ocrx_word' id='word_1_121' title='bbox 569 2449 645 2487; x_wconf 89' lang='lat' dir='ltr'><strong>tttttttt</strong></span> <span class='ocrx_word' id='word_1_122' title='bbox 656 2432 815 2486; x_wconf 87' lang='lat' dir='ltr'><strong>catltoiieum</strong></span> <span class='ocrx_word' id='word_1_123' title='bbox 824 2431 905 2501; x_wconf 79' lang='lat' dir='ltr'><strong>geris,</strong></span> <span class='ocrx_word' id='word_1_124' title='bbox 920 2429 1010 2495; x_wconf 89' lang='lat' dir='ltr'><strong>idest,</strong></span> <span class='ocrx_word' id='word_1_125' title='bbox 1025 2428 1048 2488; x_wconf 90' lang='lat' dir='ltr'><strong>si</strong></span> <span class='ocrx_word' id='word_1_126' title='bbox 1060 2427 1191 2482; x_wconf 88' lang='lat' dir='ltr'><strong>veraciter</strong></span> <span class='ocrx_word' id='word_1_127' title='bbox 1202 2425 1360 2496; x_wconf 80' lang='lat' dir='ltr'><strong>praelocutus</strong></span> 
     </span>
     <span class='ocr_line' id='line_1_19' title="bbox 570 2518 1359 2593; baseline -0.014 -14"><span class='ocrx_word' id='word_1_128' title='bbox 570 2539 611 2589; x_wconf 84' lang='lat' dir='ltr'><strong>es,</strong></span> <span class='ocrx_word' id='word_1_129' title='bbox 629 2523 730 2589; x_wconf 89' lang='lat' dir='ltr'><strong>dicens,</strong></span> <span class='ocrx_word' id='word_1_130' title='bbox 748 2540 758 2575; x_wconf 93' lang='lat' dir='ltr'><strong>t</strong></span> <span class='ocrx_word' id='word_1_131' title='bbox 773 2521 844 2593; x_wconf 91' lang='lat' dir='ltr'><strong>quod</strong></span> <span class='ocrx_word' id='word_1_132' title='bbox 860 2522 906 2576; x_wconf 90' lang='lat' dir='ltr'><strong>tilti</strong></span> <span class='ocrx_word' id='word_1_133' title='bbox 927 2519 978 2593; x_wconf 93' lang='lat' dir='ltr'><strong>ipsi</strong></span> <span class='ocrx_word' id='word_1_134' title='bbox 990 2518 1115 2575; x_wconf 90' lang='lat' dir='ltr'><strong>credulus</strong></span> <span class='ocrx_word' id='word_1_135' title='bbox 1126 2531 1178 2571; x_wconf 92' lang='lat' dir='ltr'><strong>nott</strong></span> <span class='ocrx_word' id='word_1_136' title='bbox 1190 2518 1237 2583; x_wconf 88' lang='lat' dir='ltr'><strong>sis,</strong></span> <span class='ocrx_word' id='word_1_137' title='bbox 1252 2530 1282 2569; x_wconf 92' lang='lat' dir='ltr'><strong>ea</strong></span> <span class='ocrx_word' id='word_1_138' title='bbox 1296 2528 1359 2585; x_wconf 90' lang='lat' dir='ltr'><strong>pro-</strong></span> 
     </span>
     <span class='ocr_line' id='line_1_20' title="bbox 570 2606 1360 2687; baseline -0.011 -16"><span class='ocrx_word' id='word_1_139' title='bbox 570 2618 629 2672; x_wconf 88' lang='lat' dir='ltr'><strong>ltari</strong></span> <span class='ocrx_word' id='word_1_140' title='bbox 640 2632 718 2687; x_wconf 88' lang='lat' dir='ltr'><strong>posse</strong></span> <span class='ocrx_word' id='word_1_141' title='bbox 727 2632 787 2687; x_wconf 75' lang='lat' dir='ltr'><strong>quac</strong></span> <span class='ocrx_word' id='word_1_142' title='bbox 798 2615 914 2677; x_wconf 63' lang='lat' dir='ltr'><strong>dixerim</strong></span> <span class='ocrx_word' id='word_1_143' title='bbox 928 2611 1035 2682; x_wconf 82' lang='lat' dir='ltr'><strong>ecquod</strong></span> <span class='ocrx_word' id='word_1_144' title='bbox 1048 2626 1154 2680; x_wconf 88' lang='lat' dir='ltr'><strong>semper</strong></span> <span class='ocrx_word' id='word_1_145' title='bbox 1163 2608 1270 2664; x_wconf 87' lang='lat' dir='ltr'><strong>studeas</strong></span> <span class='ocrx_word' id='word_1_146' title='bbox 1278 2606 1360 2663; x_wconf 87' lang='lat' dir='ltr'><strong>etiam</strong></span> 
     </span>
     <span class='ocr_line' id='line_1_21' title="bbox 570 2694 1362 2781; baseline -0.015 -18"><span class='ocrx_word' id='word_1_147' title='bbox 570 2708 706 2781; x_wconf 89' lang='lat' dir='ltr'><strong>propriam</strong></span> <span class='ocrx_word' id='word_1_148' title='bbox 719 2706 878 2761; x_wconf 90' lang='lat' dir='ltr'><strong>sententiam</strong></span> <span class='ocrx_word' id='word_1_149' title='bbox 892 2718 945 2758; x_wconf 89' lang='lat' dir='ltr'><strong>uon</strong></span> <span class='ocrx_word' id='word_1_150' title='bbox 960 2702 1038 2766; x_wconf 89' lang='lat' dir='ltr'><strong>tueri,</strong></span> <span class='ocrx_word' id='word_1_151' title='bbox 1053 2702 1075 2755; x_wconf 91' lang='lat' dir='ltr'><strong>si</strong></span> <span class='ocrx_word' id='word_1_152' title='bbox 1091 2696 1273 2770; x_wconf 68' lang='lat' dir='ltr'><strong>improltalsifts</strong></span> <span class='ocrx_word' id='word_1_153' title='bbox 1287 2694 1362 2751; x_wconf 86' lang='lat' dir='ltr'><strong>dete·</strong></span> 
     </span>
     <span class='ocr_line' id='line_1_22' title="bbox 570 2790 1361 2870; baseline -0.009 -19"><span class='ocrx_word' id='word_1_154' title='bbox 570 2810 668 2870; x_wconf 74' lang='lat' dir='ltr'><strong>gatur3</strong></span> <span class='ocrx_word' id='word_1_155' title='bbox 681 2806 709 2853; x_wconf 93' lang='lat' dir='ltr'><strong>et</strong></span> <span class='ocrx_word' id='word_1_156' title='bbox 718 2798 751 2852; x_wconf 91' lang='lat' dir='ltr'><strong>sit</strong></span> <span class='ocrx_word' id='word_1_157' title='bbox 765 2796 811 2852; x_wconf 89' lang='lat' dir='ltr'><strong>tilti</strong></span> <span class='ocrx_word' id='word_1_158' title='bbox 823 2794 907 2861; x_wconf 89' lang='lat' dir='ltr'><strong>cordi,</strong></span> <span class='ocrx_word' id='word_1_159' title='bbox 928 2794 1037 2867; x_wconf 89' lang='lat' dir='ltr'><strong>proprio</strong></span> <span class='ocrx_word' id='word_1_160' title='bbox 1048 2792 1147 2864; x_wconf 84' lang='lat' dir='ltr'><strong>judicio</strong></span> <span class='ocrx_word' id='word_1_161' title='bbox 1160 2790 1295 2855; x_wconf 88' lang='lat' dir='ltr'><strong>damnato,</strong></span> <span class='ocrx_word' id='word_1_162' title='bbox 1306 2802 1361 2844; x_wconf 88' lang='lat' dir='ltr'><strong>me·</strong></span> 
     </span>
     <span class='ocr_line' id='line_1_23' title="bbox 571 2882 1361 2960; baseline -0.011 -14"><span class='ocrx_word' id='word_1_163' title='bbox 571 2892 640 2947; x_wconf 89' lang='lat' dir='ltr'><strong>liora</strong></span> <span class='ocrx_word' id='word_1_164' title='bbox 653 2891 736 2960; x_wconf 80' lang='lat' dir='ltr'><strong>uragis</strong></span> <span class='ocrx_word' id='word_1_165' title='bbox 748 2898 776 2945; x_wconf 89' lang='lat' dir='ltr'><strong>ct</strong></span> <span class='ocrx_word' id='word_1_166' title='bbox 790 2905 850 2960; x_wconf 78' lang='lat' dir='ltr'><strong>que</strong></span> <span class='ocrx_word' id='word_1_167' title='bbox 863 2896 925 2943; x_wconf 88' lang='lat' dir='ltr'><strong>sunt</strong></span> <span class='ocrx_word' id='word_1_168' title='bbox 937 2886 1040 2941; x_wconf 88' lang='lat' dir='ltr'><strong>veriora</strong></span> <span class='ocrx_word' id='word_1_169' title='bbox 1053 2883 1161 2939; x_wconf 89' lang='lat' dir='ltr'><strong>sectari.</strong></span> <span class='ocrx_word' id='word_1_170' title='bbox 1180 2902 1189 2935; x_wconf 87' lang='lat' dir='ltr'><strong>t</strong></span> <span class='ocrx_word' id='word_1_171' title='bbox 1207 2882 1284 2937; x_wconf 88' lang='lat' dir='ltr'><strong>liudo</strong></span> <span class='ocrx_word' id='word_1_172' title='bbox 1299 2896 1361 2953; x_wconf 90' lang='lat' dir='ltr'><strong>pro-</strong></span> 
     </span>
     <span class='ocr_line' id='line_1_24' title="bbox 571 2970 1362 3049; baseline -0.01 -13"><span class='ocrx_word' id='word_1_173' title='bbox 571 2981 617 3049; x_wconf 76' lang='lat' dir='ltr'><strong>tte,</strong></span> <span class='ocrx_word' id='word_1_174' title='bbox 632 2980 800 3044; x_wconf 80' lang='lat' dir='ltr'><strong>charissime,</strong></span> <span class='ocrx_word' id='word_1_175' title='bbox 819 2992 872 3033; x_wconf 93' lang='lat' dir='ltr'><strong>non</strong></span> <span class='ocrx_word' id='word_1_176' title='bbox 895 2985 921 3032; x_wconf 89' lang='lat' dir='ltr'><strong>te</strong></span> <span class='ocrx_word' id='word_1_177' title='bbox 944 2974 1073 3030; x_wconf 77' lang='lat' dir='ltr'><strong>fallaciter</strong></span> <span class='ocrx_word' id='word_1_178' title='bbox 1094 2974 1143 3027; x_wconf 91' lang='lat' dir='ltr'><strong>ista</strong></span> <span class='ocrx_word' id='word_1_179' title='bbox 1159 2972 1269 3040; x_wconf 80' lang='lat' dir='ltr'><strong>dixisse,</strong></span> <span class='ocrx_word' id='word_1_180' title='bbox 1284 2981 1313 3026; x_wconf 95' lang='lat' dir='ltr'><strong>ut</strong></span> <span class='ocrx_word' id='word_1_181' title='bbox 1327 2970 1362 3028; x_wconf 86' lang='lat' dir='ltr'><strong>do</strong></span> 
     </span>
     <span class='ocr_line' id='line_1_25' title="bbox 572 3063 1359 3137; baseline -0.011 -11"><span class='ocrx_word' id='word_1_182' title='bbox 572 3080 618 3126; x_wconf 88' lang='lat' dir='ltr'><strong>tua</strong></span> <span class='ocrx_word' id='word_1_183' title='bbox 632 3068 721 3126; x_wconf 89' lang='lat' dir='ltr'><strong>indole</strong></span> <span class='ocrx_word' id='word_1_184' title='bbox 734 3083 787 3124; x_wconf 94' lang='lat' dir='ltr'><strong>nort</strong></span> <span class='ocrx_word' id='word_1_185' title='bbox 805 3067 891 3123; x_wconf 88' lang='lat' dir='ltr'><strong>solum</strong></span> <span class='ocrx_word' id='word_1_186' title='bbox 912 3064 1060 3137; x_wconf 76' lang='lat' dir='ltr'><strong>ingeniosa,</strong></span> <span class='ocrx_word' id='word_1_187' title='bbox 1071 3078 1164 3119; x_wconf 87' lang='lat' dir='ltr'><strong>verum</strong></span> <span class='ocrx_word' id='word_1_188' title='bbox 1177 3063 1257 3118; x_wconf 89' lang='lat' dir='ltr'><strong>etiam</strong></span> <span class='ocrx_word' id='word_1_189' title='bbox 1272 3070 1359 3130; x_wconf 84' lang='lat' dir='ltr'><strong>cauta,</strong></span> 
     </span>
     <span class='ocr_line' id='line_1_26' title="bbox 571 3151 1360 3232; baseline -0.013 -16"><span class='ocrx_word' id='word_1_190' title='bbox 571 3160 626 3232; x_wconf 89' lang='lat' dir='ltr'><strong>pia,</strong></span> <span class='ocrx_word' id='word_1_191' title='bbox 639 3160 769 3227; x_wconf 87' lang='lat' dir='ltr'><strong>modesta,</strong></span> <span class='ocrx_word' id='word_1_192' title='bbox 779 3157 893 3230; x_wconf 82' lang='lat' dir='ltr'><strong>qaudeat</strong></span> <span class='ocrx_word' id='word_1_193' title='bbox 903 3155 1033 3212; x_wconf 89' lang='lat' dir='ltr'><strong>catholica</strong></span> <span class='ocrx_word' id='word_1_194' title='bbox 1044 3153 1175 3220; x_wconf 78' lang='lat' dir='ltr'><strong>Ecclesia,</strong></span> <span class='ocrx_word' id='word_1_195' title='bbox 1186 3167 1240 3209; x_wconf 91' lang='lat' dir='ltr'><strong>uon</strong></span> <span class='ocrx_word' id='word_1_196' title='bbox 1251 3151 1286 3208; x_wconf 88' lang='lat' dir='ltr'><strong>de</strong></span> <span class='ocrx_word' id='word_1_197' title='bbox 1295 3166 1360 3207; x_wconf 87' lang='lat' dir='ltr'><strong>cun·</strong></span> 
     </span>
     <span class='ocr_line' id='line_1_27' title="bbox 572 3238 1362 3320; baseline -0.01 -14"><span class='ocrx_word' id='word_1_198' title='bbox 572 3251 686 3306; x_wconf 85' lang='lat' dir='ltr'><strong>tetttiosa</strong></span> <span class='ocrx_word' id='word_1_199' title='bbox 699 3248 843 3320; x_wconf 79' lang='lat' dir='ltr'><strong>qertinacia</strong></span> <span class='ocrx_word' id='word_1_200' title='bbox 856 3246 980 3303; x_wconf 85' lang='lat' dir='ltr'><strong>haeretica</strong></span> <span class='ocrx_word' id='word_1_201' title='bbox 991 3243 1148 3299; x_wconf 88' lang='lat' dir='ltr'><strong>exardescat</strong></span> <span class='ocrx_word' id='word_1_202' title='bbox 1160 3240 1273 3297; x_wconf 87' lang='lat' dir='ltr'><strong>insania.</strong></span> <span class='ocrx_word' id='word_1_203' title='bbox 1285 3238 1362 3298; x_wconf 81' lang='lat' dir='ltr'><strong>Nunc</strong></span> 
     </span>
     <span class='ocr_line' id='line_1_28' title="bbox 571 3332 1361 3411; baseline -0.014 -12"><span class='ocrx_word' id='word_1_204' title='bbox 571 3352 616 3399; x_wconf 85' lang='lat' dir='ltr'><strong>est</strong></span> <span class='ocrx_word' id='word_1_205' title='bbox 629 3350 658 3398; x_wconf 93' lang='lat' dir='ltr'><strong>ut</strong></span> <span class='ocrx_word' id='word_1_206' title='bbox 668 3340 803 3406; x_wconf 77' lang='lat' dir='ltr'><strong>ostendas,</strong></span> <span class='ocrx_word' id='word_1_207' title='bbox 814 3349 912 3411; x_wconf 84' lang='lat' dir='ltr'><strong>quanta</strong></span> <span class='ocrx_word' id='word_1_208' title='bbox 925 3346 986 3410; x_wconf 87' lang='lat' dir='ltr'><strong>pust</strong></span> <span class='ocrx_word' id='word_1_209' title='bbox 997 3336 1056 3393; x_wconf 79' lang='lat' dir='ltr'><strong>irasc</strong></span> <span class='ocrx_word' id='word_1_210' title='bbox 1069 3336 1138 3391; x_wconf 82' lang='lat' dir='ltr'><strong>botta</strong></span> <span class='ocrx_word' id='word_1_211' title='bbox 1150 3332 1230 3390; x_wconf 86' lang='lat' dir='ltr'><strong>verita</strong></span> <span class='ocrx_word' id='word_1_212' title='bbox 1242 3348 1302 3403; x_wconf 85' lang='lat' dir='ltr'><strong>quae</strong></span> <span class='ocrx_word' id='word_1_213' title='bbox 1315 3339 1361 3388; x_wconf 80' lang='lat' dir='ltr'><strong>tua</strong></span> 
     </span>
     <span class='ocr_line' id='line_1_29' title="bbox 570 3424 1364 3500; baseline -0.01 -9"><span class='ocrx_word' id='word_1_214' title='bbox 570 3433 794 3499; x_wconf 76' lang='lat' dir='ltr'><strong>cosumumoravi,</strong></span> <span class='ocrx_word' id='word_1_215' title='bbox 806 3433 958 3490; x_wconf 78' lang='lat' dir='ltr'><strong>sinceritate</strong></span> <span class='ocrx_word' id='word_1_216' title='bbox 973 3429 1089 3500; x_wconf 90' lang='lat' dir='ltr'><strong>pectoris</strong></span> <span class='ocrx_word' id='word_1_217' title='bbox 1098 3426 1207 3494; x_wconf 81' lang='lat' dir='ltr'><strong>dixeris,</strong></span> <span class='ocrx_word' id='word_1_218' title='bbox 1215 3424 1285 3497; x_wconf 87' lang='lat' dir='ltr'><strong>quud</strong></span> <span class='ocrx_word' id='word_1_219' title='bbox 1296 3437 1364 3483; x_wconf 68' lang='lat' dir='ltr'><strong>ccm-</strong></span> 
     </span>
     <span class='ocr_line' id='line_1_30' title="bbox 572 3513 1363 3597; baseline -0.013 -15"><span class='ocrx_word' id='word_1_220' title='bbox 572 3528 648 3582; x_wconf 91' lang='lat' dir='ltr'><strong>tinno</strong></span> <span class='ocrx_word' id='word_1_221' title='bbox 658 3527 793 3597; x_wconf 80' lang='lat' dir='ltr'><strong>subjecisti</strong></span> <span class='ocrx_word' id='word_1_222' title='bbox 807 3543 814 3581; x_wconf 94' lang='lat'>:</span> <span class='ocrx_word' id='word_1_223' title='bbox 828 3544 839 3580; x_wconf 86' lang='lat' dir='ltr'><strong>t</strong></span> <span class='ocrx_word' id='word_1_224' title='bbox 854 3523 920 3581; x_wconf 80' lang='lat' dir='ltr'><strong>natu</strong></span> <span class='ocrx_word' id='word_1_225' title='bbox 931 3532 960 3578; x_wconf 94' lang='lat' dir='ltr'><strong>ut</strong></span> <span class='ocrx_word' id='word_1_226' title='bbox 971 3531 1022 3590; x_wconf 89' lang='lat' dir='ltr'><strong>est,</strong></span> <span class='ocrx_word' id='word_1_227' title='bbox 1035 3540 1046 3575; x_wconf 91' lang='lat' dir='ltr'><strong>t</strong></span> <span class='ocrx_word' id='word_1_228' title='bbox 1062 3520 1160 3592; x_wconf 85' lang='lat' dir='ltr'><strong>inquis,</strong></span> <span class='ocrx_word' id='word_1_229' title='bbox 1175 3536 1185 3572; x_wconf 89' lang='lat' dir='ltr'><strong>t</strong></span> <span class='ocrx_word' id='word_1_230' title='bbox 1199 3513 1291 3589; x_wconf 78' lang='lat' dir='ltr'><strong>optimi</strong></span> <span class='ocrx_word' id='word_1_231' title='bbox 1304 3530 1363 3588; x_wconf 66' lang='lat' dir='ltr'><strong>prta</strong></span> 
     </span>
     <span class='ocr_line' id='line_1_31' title="bbox 572 3606 1362 3690; baseline -0.015 -16"><span class='ocrx_word' id='word_1_232' title='bbox 572 3618 654 3690; x_wconf 87' lang='lat' dir='ltr'><strong>positi</strong></span> <span class='ocrx_word' id='word_1_233' title='bbox 666 3616 845 3689; x_wconf 78' lang='lat' dir='ltr'><strong>laudandique</strong></span> <span class='ocrx_word' id='word_1_234' title='bbox 857 3614 975 3683; x_wconf 88' lang='lat' dir='ltr'><strong>consilii,</strong></span> <span class='ocrx_word' id='word_1_235' title='bbox 991 3613 1067 3668; x_wconf 90' lang='lat' dir='ltr'><strong>facilc</strong></span> <span class='ocrx_word' id='word_1_236' title='bbox 1077 3611 1110 3668; x_wconf 82' lang='lat' dir='ltr'><strong>ad</strong></span> <span class='ocrx_word' id='word_1_237' title='bbox 1120 3611 1223 3666; x_wconf 82' lang='lat' dir='ltr'><strong>veriora</strong></span> <span class='ocrx_word' id='word_1_238' title='bbox 1237 3606 1362 3674; x_wconf 80' lang='lat' dir='ltr'><strong>transdu-</strong></span> 
     </span>
     <span class='ocr_line' id='line_1_32' title="bbox 572 3698 1362 3784; baseline -0.016 -16"><span class='ocrx_word' id='word_1_239' title='bbox 572 3710 616 3776; x_wconf 88' lang='lat' dir='ltr'><strong>cl;</strong></span> <span class='ocrx_word' id='word_1_240' title='bbox 630 3711 667 3767; x_wconf 89' lang='lat' dir='ltr'><strong>ita</strong></span> <span class='ocrx_word' id='word_1_241' title='bbox 681 3709 795 3781; x_wconf 90' lang='lat' dir='ltr'><strong>itnprolti</strong></span> <span class='ocrx_word' id='word_1_242' title='bbox 816 3703 1111 3784; x_wconf 63' lang='lat' dir='ltr'><strong>obsdnatiqmjudicii</strong></span> <span class='ocrx_word' id='word_1_243' title='bbox 1133 3711 1185 3769; x_wconf 84' lang='lat' dir='ltr'><strong>est,</strong></span> <span class='ocrx_word' id='word_1_244' title='bbox 1198 3700 1270 3757; x_wconf 89' lang='lat' dir='ltr'><strong>nolle</strong></span> <span class='ocrx_word' id='word_1_245' title='bbox 1283 3698 1362 3757; x_wconf 87' lang='lat' dir='ltr'><strong>eitius</strong></span> 
     </span>
     <span class='ocr_line' id='line_1_33' title="bbox 571 3787 1360 3866; baseline -0.016 -9"><span class='ocrx_word' id='word_1_246' title='bbox 571 3800 607 3858; x_wconf 82' lang='lat' dir='ltr'><strong>ad</strong></span> <span class='ocrx_word' id='word_1_247' title='bbox 618 3799 751 3857; x_wconf 86' lang='lat' dir='ltr'><strong>tramitem</strong></span> <span class='ocrx_word' id='word_1_248' title='bbox 764 3797 875 3854; x_wconf 90' lang='lat' dir='ltr'><strong>rationis</strong></span> <span class='ocrx_word' id='word_1_249' title='bbox 886 3795 985 3852; x_wconf 89' lang='lat' dir='ltr'><strong>inflecti</strong></span> <span class='ocrx_word' id='word_1_250' title='bbox 1005 3813 1015 3849; x_wconf 89' lang='lat' dir='ltr'><strong>t</strong></span> <span class='ocrx_word' id='word_1_251' title='bbox 1037 3794 1047 3866; x_wconf 91' lang='grc'><strong>(</strong></span> <span class='ocrx_word' id='word_1_252' title='bbox 1055 3795 1142 3864; x_wconf 81' lang='lat' dir='ltr'><strong>Supra</strong></span> <span class='ocrx_word' id='word_1_253' title='bbox 1161 3792 1205 3848; x_wconf 85' lang='lat' dir='ltr'><strong>tt.</strong></span> <span class='ocrx_word' id='word_1_254' title='bbox 1216 3790 1245 3856; x_wconf 74' lang='lat'><strong>2,</strong></span> <span class='ocrx_word' id='word_1_255' title='bbox 1260 3807 1288 3845; x_wconf 88' lang='lat' dir='ltr'><strong>tt.</strong></span> <span class='ocrx_word' id='word_1_256' title='bbox 1302 3787 1360 3863; x_wconf 78' lang='lat'><strong>22).</strong></span> 
     </span>
     <span class='ocr_line' id='line_1_34' title="bbox 573 3881 1364 3961; baseline -0.016 -13"><span class='ocrx_word' id='word_1_257' title='bbox 573 3890 640 3948; x_wconf 80' lang='lat' dir='ltr'><strong>Esto</strong></span> <span class='ocrx_word' id='word_1_258' title='bbox 660 3891 741 3961; x_wconf 74' lang='lat' dir='ltr'><strong>igitur</strong></span> <span class='ocrx_word' id='word_1_259' title='bbox 760 3888 853 3961; x_wconf 87' lang='lat' dir='ltr'><strong>optimi</strong></span> <span class='ocrx_word' id='word_1_260' title='bbox 874 3886 1003 3959; x_wconf 84' lang='lat' dir='ltr'><strong>propositi</strong></span> <span class='ocrx_word' id='word_1_261' title='bbox 1016 3884 1194 3955; x_wconf 85' lang='lat' dir='ltr'><strong>laudandique</strong></span> <span class='ocrx_word' id='word_1_262' title='bbox 1206 3881 1322 3947; x_wconf 88' lang='lat' dir='ltr'><strong>consilli,</strong></span> <span class='ocrx_word' id='word_1_263' title='bbox 1336 3889 1364 3937; x_wconf 89' lang='lat' dir='ltr'><strong>et</strong></span> 
     </span>
     <span class='ocr_line' id='line_1_35' title="bbox 573 3971 1363 4044; baseline -0.018 -4"><span class='ocrx_word' id='word_1_264' title='bbox 573 3982 653 4040; x_wconf 81' lang='lat' dir='ltr'><strong>laciie</strong></span> <span class='ocrx_word' id='word_1_265' title='bbox 668 3981 702 4038; x_wconf 89' lang='lat' dir='ltr'><strong>ad</strong></span> <span class='ocrx_word' id='word_1_266' title='bbox 716 3981 819 4037; x_wconf 89' lang='lat' dir='ltr'><strong>veriora</strong></span> <span class='ocrx_word' id='word_1_267' title='bbox 833 3979 1007 4036; x_wconf 85' lang='lat' dir='ltr'><strong>transducere</strong></span> <span class='ocrx_word' id='word_1_268' title='bbox 1019 3993 1026 4030; x_wconf 73' lang='grc' dir='ltr'><strong>ε</strong></span> <span class='ocrx_word' id='word_1_269' title='bbox 1039 3990 1089 4032; x_wconf 86' lang='lat' dir='ltr'><strong>nec</strong></span> <span class='ocrx_word' id='word_1_270' title='bbox 1100 3976 1138 4031; x_wconf 91' lang='lat' dir='ltr'><strong>sis</strong></span> <span class='ocrx_word' id='word_1_271' title='bbox 1152 3973 1265 4044; x_wconf 85' lang='lat' dir='ltr'><strong>improbi</strong></span> <span class='ocrx_word' id='word_1_272' title='bbox 1279 3971 1363 4028; x_wconf 83' lang='lat' dir='ltr'><strong>altsti-</strong></span> 
     </span>
     <span class='ocr_line' id='line_1_36' title="bbox 573 4064 1363 4143; baseline -0.018 -14"><span class='ocrx_word' id='word_1_273' title='bbox 573 4073 684 4142; x_wconf 90' lang='lat' dir='ltr'><strong>natique</strong></span> <span class='ocrx_word' id='word_1_274' title='bbox 693 4071 798 4143; x_wconf 82' lang='lat' dir='ltr'><strong>judicii,</strong></span> <span class='ocrx_word' id='word_1_275' title='bbox 809 4079 838 4125; x_wconf 90' lang='lat' dir='ltr'><strong>nt</strong></span> <span class='ocrx_word' id='word_1_276' title='bbox 852 4070 919 4124; x_wconf 88' lang='lat' dir='ltr'><strong>nolis</strong></span> <span class='ocrx_word' id='word_1_277' title='bbox 929 4068 1007 4125; x_wconf 89' lang='lat' dir='ltr'><strong>citius</strong></span> <span class='ocrx_word' id='word_1_278' title='bbox 1015 4067 1049 4121; x_wconf 87' lang='lat' dir='ltr'><strong>ad</strong></span> <span class='ocrx_word' id='word_1_279' title='bbox 1059 4066 1193 4122; x_wconf 87' lang='lat' dir='ltr'><strong>tramitem</strong></span> <span class='ocrx_word' id='word_1_280' title='bbox 1203 4064 1312 4123; x_wconf 85' lang='lat' dir='ltr'><strong>rationis</strong></span> <span class='ocrx_word' id='word_1_281' title='bbox 1323 4064 1363 4118; x_wconf 93' lang='lat' dir='ltr'><strong>in-</strong></span> 
     </span>
     <span class='ocr_line' id='line_1_37' title="bbox 573 4153 1361 4222; baseline -0.019 0"><span class='ocrx_word' id='word_1_282' title='bbox 573 4163 655 4222; x_wconf 85' lang='lat' dir='ltr'><strong>flecti.</strong></span> <span class='ocrx_word' id='word_1_283' title='bbox 668 4162 780 4221; x_wconf 75' lang='lat' dir='ltr'><strong>sienim</strong></span> <span class='ocrx_word' id='word_1_284' title='bbox 795 4161 853 4216; x_wconf 83' lang='lat' dir='ltr'><strong>ltrec</strong></span> <span class='ocrx_word' id='word_1_285' title='bbox 867 4160 1017 4217; x_wconf 84' lang='lat' dir='ltr'><strong>liberaliter</strong></span> <span class='ocrx_word' id='word_1_286' title='bbox 1036 4158 1158 4213; x_wconf 87' lang='lat' dir='ltr'><strong>elocutus</strong></span> <span class='ocrx_word' id='word_1_287' title='bbox 1176 4169 1216 4221; x_wconf 87' lang='lat' dir='ltr'><strong>es,</strong></span> <span class='ocrx_word' id='word_1_288' title='bbox 1232 4155 1254 4211; x_wconf 91' lang='lat' dir='ltr'><strong>si</strong></span> <span class='ocrx_word' id='word_1_289' title='bbox 1268 4169 1320 4209; x_wconf 90' lang='lat' dir='ltr'><strong>nou</strong></span> <span class='ocrx_word' id='word_1_290' title='bbox 1334 4153 1361 4208; x_wconf 92' lang='lat' dir='ltr'><strong>iu</strong></span> 
     </span>
     <span class='ocr_line' id='line_1_38' title="bbox 573 4243 1362 4331; baseline -0.018 -20"><span class='ocrx_word' id='word_1_291' title='bbox 573 4254 651 4311; x_wconf 80' lang='lat' dir='ltr'><strong>labiis</strong></span> <span class='ocrx_word' id='word_1_292' title='bbox 664 4254 714 4331; x_wconf 78' lang='lat' dir='ltr'><strong>ista</strong></span> <span class='ocrx_word' id='word_1_293' title='bbox 728 4251 852 4317; x_wconf 88' lang='lat' dir='ltr'><strong>sonuisti,</strong></span> <span class='ocrx_word' id='word_1_294' title='bbox 867 4250 913 4307; x_wconf 88' lang='lat' dir='ltr'><strong>sed</strong></span> <span class='ocrx_word' id='word_1_295' title='bbox 929 4251 1001 4304; x_wconf 87' lang='lat' dir='ltr'><strong>intus</strong></span> <span class='ocrx_word' id='word_1_296' title='bbox 1019 4256 1046 4303; x_wconf 92' lang='lat' dir='ltr'><strong>et</strong></span> <span class='ocrx_word' id='word_1_297' title='bbox 1064 4245 1229 4318; x_wconf 74' lang='lat' dir='ltr'><strong>germanitus</strong></span> <span class='ocrx_word' id='word_1_298' title='bbox 1242 4245 1267 4299; x_wconf 94' lang='lat' dir='ltr'><strong>in</strong></span> <span class='ocrx_word' id='word_1_299' title='bbox 1281 4243 1362 4299; x_wconf 89' lang='lat' dir='ltr'><strong>corde</strong></span> 
     </span>
     <span class='ocr_line' id='line_1_39' title="bbox 572 4337 1362 4406; baseline -0.016 -6"><span class='ocrx_word' id='word_1_300' title='bbox 572 4344 698 4406; x_wconf 77' lang='lat' dir='ltr'><strong>sensisti:</strong></span> <span class='ocrx_word' id='word_1_301' title='bbox 710 4343 737 4398; x_wconf 92' lang='lat' dir='ltr'><strong>in</strong></span> <span class='ocrx_word' id='word_1_302' title='bbox 753 4352 803 4398; x_wconf 78' lang='lat' dir='ltr'><strong>tua</strong></span> <span class='ocrx_word' id='word_1_303' title='bbox 819 4340 992 4398; x_wconf 86' lang='lat' dir='ltr'><strong>correctionis</strong></span> <span class='ocrx_word' id='word_1_304' title='bbox 1007 4345 1080 4393; x_wconf 90' lang='lat' dir='ltr'><strong>tauto</strong></span> <span class='ocrx_word' id='word_1_305' title='bbox 1094 4338 1166 4393; x_wconf 91' lang='lat' dir='ltr'><strong>bono</strong></span> <span class='ocrx_word' id='word_1_306' title='bbox 1178 4337 1259 4392; x_wconf 90' lang='lat' dir='ltr'><strong>etiam</strong></span> <span class='ocrx_word' id='word_1_307' title='bbox 1273 4348 1362 4390; x_wconf 86' lang='lat' dir='ltr'><strong>maras</strong></span> 
     </span>
     <span class='ocr_line' id='line_1_40' title="bbox 572 4423 1363 4503; baseline -0.013 -15"><span class='ocrx_word' id='word_1_308' title='bbox 572 4435 664 4490; x_wconf 89' lang='lat' dir='ltr'><strong>odisti.</strong></span> <span class='ocrx_word' id='word_1_309' title='bbox 679 4433 776 4490; x_wconf 80' lang='lat' dir='ltr'><strong>Parum</strong></span> <span class='ocrx_word' id='word_1_310' title='bbox 794 4432 893 4503; x_wconf 89' lang='lat' dir='ltr'><strong>quippe</strong></span> <span class='ocrx_word' id='word_1_311' title='bbox 915 4431 960 4484; x_wconf 90' lang='lat' dir='ltr'><strong>tilti</strong></span> <span class='ocrx_word' id='word_1_312' title='bbox 984 4428 1033 4483; x_wconf 92' lang='lat' dir='ltr'><strong>fuit</strong></span> <span class='ocrx_word' id='word_1_313' title='bbox 1046 4429 1145 4492; x_wconf 88' lang='lat' dir='ltr'><strong>dicere,</strong></span> <span class='ocrx_word' id='word_1_314' title='bbox 1161 4443 1170 4477; x_wconf 90' lang='lat' dir='ltr'><strong>t</strong></span> <span class='ocrx_word' id='word_1_315' title='bbox 1186 4424 1302 4495; x_wconf 85' lang='lat' dir='ltr'><strong>intprolti</strong></span> <span class='ocrx_word' id='word_1_316' title='bbox 1315 4423 1363 4478; x_wconf 89' lang='lat' dir='ltr'><strong>olt-</strong></span> 
     </span>
     <span class='ocr_line' id='line_1_41' title="bbox 572 4516 1360 4596; baseline -0.014 -15"><span class='ocrx_word' id='word_1_317' title='bbox 572 4525 717 4596; x_wconf 86' lang='lat' dir='ltr'><strong>stiuatique</strong></span> <span class='ocrx_word' id='word_1_318' title='bbox 728 4531 788 4581; x_wconf 84' lang='lat' dir='ltr'><strong>csse</strong></span> <span class='ocrx_word' id='word_1_319' title='bbox 798 4523 900 4594; x_wconf 81' lang='lat' dir='ltr'><strong>judicii,</strong></span> <span class='ocrx_word' id='word_1_320' title='bbox 914 4521 986 4577; x_wconf 90' lang='lat' dir='ltr'><strong>nolle</strong></span> <span class='ocrx_word' id='word_1_321' title='bbox 1002 4520 1035 4574; x_wconf 90' lang='lat' dir='ltr'><strong>ad</strong></span> <span class='ocrx_word' id='word_1_322' title='bbox 1049 4519 1182 4573; x_wconf 89' lang='lat' dir='ltr'><strong>tramitem</strong></span> <span class='ocrx_word' id='word_1_323' title='bbox 1194 4516 1307 4571; x_wconf 91' lang='lat' dir='ltr'><strong>rationis</strong></span> <span class='ocrx_word' id='word_1_324' title='bbox 1317 4517 1360 4571; x_wconf 89' lang='lat' dir='ltr'><strong>itt·</strong></span> 
     </span>
     <span class='ocr_line' id='line_1_42' title="bbox 574 4607 1362 4680; baseline -0.011 -8"><span class='ocrx_word' id='word_1_325' title='bbox 574 4616 659 4680; x_wconf 85' lang='lat' dir='ltr'><strong>flecti,</strong></span> <span class='ocrx_word' id='word_1_326' title='bbox 676 4635 685 4669; x_wconf 95' lang='lat' dir='ltr'><strong>t</strong></span> <span class='ocrx_word' id='word_1_327' title='bbox 704 4616 754 4670; x_wconf 90' lang='lat' dir='ltr'><strong>uisi</strong></span> <span class='ocrx_word' id='word_1_328' title='bbox 777 4614 889 4668; x_wconf 87' lang='lat' dir='ltr'><strong>adderes</strong></span> <span class='ocrx_word' id='word_1_329' title='bbox 905 4631 914 4665; x_wconf 90' lang='lat' dir='ltr'><strong>t</strong></span> <span class='ocrx_word' id='word_1_330' title='bbox 928 4611 1047 4666; x_wconf 89' lang='lat' dir='ltr'><strong>citius:t</strong></span> <span class='ocrx_word' id='word_1_331' title='bbox 1071 4619 1101 4663; x_wconf 91' lang='lat' dir='ltr'><strong>ut</strong></span> <span class='ocrx_word' id='word_1_332' title='bbox 1122 4609 1184 4662; x_wconf 91' lang='lat' dir='ltr'><strong>ltine</strong></span> <span class='ocrx_word' id='word_1_333' title='bbox 1207 4607 1362 4663; x_wconf 85' lang='lat' dir='ltr'><strong>ostenderes</strong></span> 
     </span>
     <span class='ocr_line' id='line_1_43' title="bbox 574 4697 1361 4776; baseline -0.014 -14"><span class='ocrx_word' id='word_1_334' title='bbox 574 4721 653 4776; x_wconf 90' lang='lat' dir='ltr'><strong>quatu</strong></span> <span class='ocrx_word' id='word_1_335' title='bbox 665 4708 700 4761; x_wconf 93' lang='lat' dir='ltr'><strong>sit</strong></span> <span class='ocrx_word' id='word_1_336' title='bbox 711 4705 898 4768; x_wconf 77' lang='lat' dir='ltr'><strong>exsecrandus,</strong></span> <span class='ocrx_word' id='word_1_337' title='bbox 910 4704 954 4772; x_wconf 91' lang='lat' dir='ltr'><strong>qui</strong></span> <span class='ocrx_word' id='word_1_338' title='bbox 965 4703 1062 4755; x_wconf 87' lang='lat' dir='ltr'><strong>itanum</strong></span> <span class='ocrx_word' id='word_1_339' title='bbox 1072 4697 1121 4752; x_wconf 88' lang='lat' dir='ltr'><strong>ltoc</strong></span> <span class='ocrx_word' id='word_1_340' title='bbox 1132 4713 1266 4767; x_wconf 91' lang='lat' dir='ltr'><strong>nunqnam</strong></span> <span class='ocrx_word' id='word_1_341' title='bbox 1281 4697 1361 4765; x_wconf 76' lang='lat' dir='ltr'><strong>fucit3</strong></span> 
     </span>
     <span class='ocr_line' id='line_1_44' title="bbox 573 4789 1363 4871; baseline -0.011 -17"><span class='ocrx_word' id='word_1_342' title='bbox 573 4800 786 4871; x_wconf 82' lang='lat' dir='ltr'><strong>qnandoquidem</strong></span> <span class='ocrx_word' id='word_1_343' title='bbox 809 4797 852 4866; x_wconf 90' lang='lat' dir='ltr'><strong>qui</strong></span> <span class='ocrx_word' id='word_1_344' title='bbox 873 4795 973 4850; x_wconf 91' lang='lat' dir='ltr'><strong>tardius</strong></span> <span class='ocrx_word' id='word_1_345' title='bbox 995 4791 1067 4859; x_wconf 88' lang='lat' dir='ltr'><strong>facit,</strong></span> <span class='ocrx_word' id='word_1_346' title='bbox 1084 4800 1155 4845; x_wconf 85' lang='lat' dir='ltr'><strong>tanta</strong></span> <span class='ocrx_word' id='word_1_347' title='bbox 1178 4790 1224 4843; x_wconf 91' lang='lat' dir='ltr'><strong>tilti</strong></span> <span class='ocrx_word' id='word_1_348' title='bbox 1243 4789 1363 4845; x_wconf 88' lang='lat' dir='ltr'><strong>videatur</strong></span> 
     </span>
     <span class='ocr_line' id='line_1_45' title="bbox 572 4878 1361 4956; baseline -0.015 -12"><span class='ocrx_word' id='word_1_349' title='bbox 572 4891 715 4945; x_wconf 74' lang='lat' dir='ltr'><strong>severitate</strong></span> <span class='ocrx_word' id='word_1_350' title='bbox 725 4887 879 4956; x_wconf 82' lang='lat' dir='ltr'><strong>culpandus,</strong></span> <span class='ocrx_word' id='word_1_351' title='bbox 895 4894 923 4938; x_wconf 90' lang='lat' dir='ltr'><strong>ut</strong></span> <span class='ocrx_word' id='word_1_352' title='bbox 937 4884 1032 4938; x_wconf 87' lang='lat' dir='ltr'><strong>merito</strong></span> <span class='ocrx_word' id='word_1_353' title='bbox 1042 4881 1155 4950; x_wconf 88' lang='lat' dir='ltr'><strong>ituprnlti</strong></span> <span class='ocrx_word' id='word_1_354' title='bbox 1168 4880 1259 4949; x_wconf 89' lang='lat' dir='ltr'><strong>judicii</strong></span> <span class='ocrx_word' id='word_1_355' title='bbox 1273 4878 1361 4935; x_wconf 87' lang='lat' dir='ltr'><strong>obsti-</strong></span> 
     </span>
     <span class='ocr_line' id='line_1_46' title="bbox 573 4967 1363 5049; baseline -0.014 -16"><span class='ocrx_word' id='word_1_356' title='bbox 573 4981 682 5049; x_wconf 90' lang='lat' dir='ltr'><strong>natique</strong></span> <span class='ocrx_word' id='word_1_357' title='bbox 695 4979 807 5032; x_wconf 84' lang='lat' dir='ltr'><strong>dicatur.</strong></span> <span class='ocrx_word' id='word_1_358' title='bbox 827 4974 894 5029; x_wconf 83' lang='lat' dir='ltr'><strong>lividi</strong></span> <span class='ocrx_word' id='word_1_359' title='bbox 914 4988 978 5043; x_wconf 78' lang='lat' dir='ltr'><strong>ergo</strong></span> <span class='ocrx_word' id='word_1_360' title='bbox 1001 4982 1026 5026; x_wconf 90' lang='lat' dir='ltr'><strong>te</strong></span> <span class='ocrx_word' id='word_1_361' title='bbox 1047 4972 1144 5040; x_wconf 81' lang='lat' dir='ltr'><strong>ipsum.</strong></span> <span class='ocrx_word' id='word_1_362' title='bbox 1162 4977 1241 5038; x_wconf 86' lang='lat' dir='ltr'><strong>tuque</strong></span> <span class='ocrx_word' id='word_1_363' title='bbox 1256 4967 1363 5038; x_wconf 88' lang='lat' dir='ltr'><strong>potissi·</strong></span> 
     </span>
     <span class='ocr_line' id='line_1_47' title="bbox 573 5052 1363 5134; baseline -0.016 -9"><span class='ocrx_word' id='word_1_364' title='bbox 573 5086 647 5125; x_wconf 91' lang='lat' dir='ltr'><strong>ntum</strong></span> <span class='ocrx_word' id='word_1_365' title='bbox 659 5077 686 5123; x_wconf 93' lang='lat' dir='ltr'><strong>et</strong></span> <span class='ocrx_word' id='word_1_366' title='bbox 697 5068 811 5122; x_wconf 84' lang='lat' dir='ltr'><strong>maxime</strong></span> <span class='ocrx_word' id='word_1_367' title='bbox 821 5064 918 5134; x_wconf 86' lang='lat' dir='ltr'><strong>eloquii</strong></span> <span class='ocrx_word' id='word_1_368' title='bbox 933 5065 968 5116; x_wconf 92' lang='lat' dir='ltr'><strong>tui</strong></span> <span class='ocrx_word' id='word_1_369' title='bbox 985 5061 1113 5116; x_wconf 86' lang='lat' dir='ltr'><strong>tutentuts</strong></span> <span class='ocrx_word' id='word_1_370' title='bbox 1127 5052 1202 5114; x_wconf 88' lang='lat' dir='ltr'><strong>utere</strong></span> <span class='ocrx_word' id='word_1_371' title='bbox 1212 5061 1231 5123; x_wconf 91' lang='lat'><strong>¹,</strong></span> <span class='ocrx_word' id='word_1_372' title='bbox 1247 5067 1274 5110; x_wconf 93' lang='lat' dir='ltr'><strong>ttt</strong></span> <span class='ocrx_word' id='word_1_373' title='bbox 1284 5058 1363 5112; x_wconf 89' lang='lat' dir='ltr'><strong>citius</strong></span> 
     </span>
     <span class='ocr_line' id='line_1_48' title="bbox 574 5148 1360 5222; baseline -0.013 -8"><span class='ocrx_word' id='word_1_374' title='bbox 574 5171 601 5214; x_wconf 91' lang='lat' dir='ltr'><strong>te</strong></span> <span class='ocrx_word' id='word_1_375' title='bbox 615 5159 648 5212; x_wconf 90' lang='lat' dir='ltr'><strong>ati</strong></span> <span class='ocrx_word' id='word_1_376' title='bbox 665 5159 776 5212; x_wconf 89' lang='lat' dir='ltr'><strong>rationis</strong></span> <span class='ocrx_word' id='word_1_377' title='bbox 796 5156 929 5209; x_wconf 86' lang='lat' dir='ltr'><strong>tramitem</strong></span> <span class='ocrx_word' id='word_1_378' title='bbox 953 5152 1085 5222; x_wconf 84' lang='lat' dir='ltr'><strong>gravitate</strong></span> <span class='ocrx_word' id='word_1_379' title='bbox 1107 5151 1204 5205; x_wconf 89' lang='lat' dir='ltr'><strong>mentis</strong></span> <span class='ocrx_word' id='word_1_380' title='bbox 1230 5148 1360 5216; x_wconf 84' lang='lat' dir='ltr'><strong>inflectas,</strong></span> 
     </span>
     <span class='ocr_line' id='line_1_49' title="bbox 574 5239 1362 5320; baseline -0.011 -18"><span class='ocrx_word' id='word_1_381' title='bbox 574 5265 653 5320; x_wconf 88' lang='lat' dir='ltr'><strong>qnam</strong></span> <span class='ocrx_word' id='word_1_382' title='bbox 668 5257 695 5302; x_wconf 92' lang='lat' dir='ltr'><strong>tc</strong></span> <span class='ocrx_word' id='word_1_383' title='bbox 712 5247 773 5301; x_wconf 88' lang='lat' dir='ltr'><strong>iude</strong></span> <span class='ocrx_word' id='word_1_384' title='bbox 787 5245 874 5299; x_wconf 88' lang='lat' dir='ltr'><strong>minus</strong></span> <span class='ocrx_word' id='word_1_385' title='bbox 886 5243 991 5299; x_wconf 86' lang='lat' dir='ltr'><strong>erudite</strong></span> <span class='ocrx_word' id='word_1_386' title='bbox 1013 5255 1159 5312; x_wconf 88' lang='lat' dir='ltr'><strong>parumque</strong></span> <span class='ocrx_word' id='word_1_387' title='bbox 1179 5239 1299 5294; x_wconf 86' lang='lat' dir='ltr'><strong>consulte</strong></span> <span class='ocrx_word' id='word_1_388' title='bbox 1319 5239 1362 5293; x_wconf 91' lang='grc' dir='ltr'>Ιιι-</span> 
     </span>
    </p>
   </div>
   <div class='ocr_carea' id='block_1_2' title="bbox 574 5339 1360 5476">
    <p class='ocr_par' dir='ltr' id='par_1_3' title="bbox 574 5339 1360 5476">
     <span class='ocr_line' id='line_1_50' title="bbox 574 5339 903 5394; baseline -0.018 -1"><span class='ocrx_word' id='word_1_389' title='bbox 574 5340 650 5394; x_wconf 84' lang='lat' dir='ltr'><strong>lttico</strong></span> <span class='ocrx_word' id='word_1_390' title='bbox 661 5339 746 5392; x_wconf 82' lang='lat' dir='ltr'><strong>utatis</strong></span> <span class='ocrx_word' id='word_1_391' title='bbox 757 5347 903 5391; x_wconf 81' lang='lat' dir='ltr'><strong>averteras.</strong></span> 
     </span>
     <span class='ocr_line' id='line_1_51' title="bbox 609 5402 1360 5476; baseline -0.004 -14"><span class='ocrx_word' id='word_1_392' title='bbox 609 5407 663 5464; x_wconf 69' lang='lat' dir='ltr'><strong>st?</strong></span> <span class='ocrx_word' id='word_1_393' title='bbox 678 5409 760 5463; x_wconf 84' lang='lat' dir='ltr'><strong>ttitttts</strong></span> <span class='ocrx_word' id='word_1_394' title='bbox 782 5407 887 5476; x_wconf 76' lang='lat' dir='ltr'><strong>iungunt</strong></span> <span class='ocrx_word' id='word_1_395' title='bbox 906 5414 968 5469; x_wconf 86' lang='lat' dir='ltr'><strong>cst,</strong></span> <span class='ocrx_word' id='word_1_396' title='bbox 987 5405 1075 5459; x_wconf 88' lang='lat' dir='ltr'><strong>omnia</strong></span> <span class='ocrx_word' id='word_1_397' title='bbox 1088 5419 1146 5473; x_wconf 79' lang='lat' dir='ltr'><strong>quaa</strong></span> <span class='ocrx_word' id='word_1_398' title='bbox 1161 5403 1187 5457; x_wconf 93' lang='lat' dir='ltr'><strong>in</strong></span> <span class='ocrx_word' id='word_1_399' title='bbox 1203 5403 1254 5457; x_wconf 89' lang='lat' dir='ltr'><strong>tuis</strong></span> <span class='ocrx_word' id='word_1_400' title='bbox 1268 5402 1360 5470; x_wconf 88' lang='lat' dir='ltr'><strong>libris,</strong></span> 
     </span>
    </p>
   </div>
   <div class='ocr_carea' id='block_1_3' title="bbox 574 5493 1364 5742">
    <p class='ocr_par' dir='ltr' id='par_1_4' title="bbox 574 5493 1364 5742">
     <span class='ocr_line' id='line_1_52' title="bbox 574 5493 1363 5569; baseline -0.004 -17"><span class='ocrx_word' id='word_1_401' title='bbox 574 5501 616 5554; x_wconf 77' lang='lat' dir='ltr'><strong>sel</strong></span> <span class='ocrx_word' id='word_1_402' title='bbox 627 5500 715 5569; x_wconf 91' lang='lat' dir='ltr'><strong>pntins</strong></span> <span class='ocrx_word' id='word_1_403' title='bbox 725 5501 750 5552; x_wconf 91' lang='lat' dir='ltr'><strong>in</strong></span> <span class='ocrx_word' id='word_1_404' title='bbox 766 5508 791 5552; x_wconf 90' lang='lat' dir='ltr'><strong>tc</strong></span> <span class='ocrx_word' id='word_1_405' title='bbox 807 5499 864 5567; x_wconf 90' lang='lat' dir='ltr'><strong>ipsn</strong></span> <span class='ocrx_word' id='word_1_406' title='bbox 876 5497 936 5551; x_wconf 88' lang='lat' dir='ltr'><strong>volu</strong></span> <span class='ocrx_word' id='word_1_407' title='bbox 946 5493 1097 5557; x_wconf 88' lang='lat' dir='ltr'><strong>emendari,</strong></span> <span class='ocrx_word' id='word_1_408' title='bbox 1112 5502 1273 5563; x_wconf 88' lang='lat' dir='ltr'><strong>pertractare</strong></span> <span class='ocrx_word' id='word_1_409' title='bbox 1283 5504 1363 5564; x_wconf 89' lang='lat' dir='ltr'><strong>atque</strong></span> 
     </span>
     <span class='ocr_line' id='line_1_53' title="bbox 575 5584 1364 5655; baseline -0.009 -11"><span class='ocrx_word' id='word_1_410' title='bbox 575 5591 729 5655; x_wconf 70' lang='lat' dir='ltr'><strong>discutere,</strong></span> <span class='ocrx_word' id='word_1_411' title='bbox 741 5597 767 5643; x_wconf 90' lang='lat' dir='ltr'><strong>et</strong></span> <span class='ocrx_word' id='word_1_412' title='bbox 779 5588 873 5643; x_wconf 86' lang='lat' dir='ltr'><strong>saltent</strong></span> <span class='ocrx_word' id='word_1_413' title='bbox 885 5588 990 5642; x_wconf 90' lang='lat' dir='ltr'><strong>ltrcvetn</strong></span> <span class='ocrx_word' id='word_1_414' title='bbox 1005 5584 1051 5638; x_wconf 88' lang='lat' dir='ltr'><strong>tilti</strong></span> <span class='ocrx_word' id='word_1_415' title='bbox 1065 5584 1098 5638; x_wconf 93' lang='lat' dir='ltr'><strong>de</strong></span> <span class='ocrx_word' id='word_1_416' title='bbox 1110 5584 1219 5653; x_wconf 79' lang='lat' dir='ltr'><strong>singulis</strong></span> <span class='ocrx_word' id='word_1_417' title='bbox 1229 5584 1364 5654; x_wconf 82' lang='lat' dir='ltr'><strong>corrigen-</strong></span> 
     </span>
     <span class='ocr_line' id='line_1_54' title="bbox 574 5675 1362 5742; baseline -0.006 -8"><span class='ocrx_word' id='word_1_418' title='bbox 574 5681 617 5734; x_wconf 90' lang='lat' dir='ltr'><strong>dis</strong></span> <span class='ocrx_word' id='word_1_419' title='bbox 635 5681 745 5735; x_wconf 82' lang='lat' dir='ltr'><strong>redtlere</strong></span> <span class='ocrx_word' id='word_1_420' title='bbox 760 5679 897 5732; x_wconf 90' lang='lat' dir='ltr'><strong>rationem.</strong></span> <span class='ocrx_word' id='word_1_421' title='bbox 913 5675 967 5730; x_wconf 89' lang='lat' dir='ltr'><strong>Nec</strong></span> <span class='ocrx_word' id='word_1_422' title='bbox 980 5676 1039 5730; x_wconf 88' lang='lat' dir='ltr'><strong>ideo</strong></span> <span class='ocrx_word' id='word_1_423' title='bbox 1053 5684 1140 5730; x_wconf 89' lang='lat' dir='ltr'><strong>tatnen</strong></span> <span class='ocrx_word' id='word_1_424' title='bbox 1155 5687 1180 5729; x_wconf 91' lang='lat' dir='ltr'><strong>te</strong></span> <span class='ocrx_word' id='word_1_425' title='bbox 1192 5684 1362 5742; x_wconf 88' lang='lat' dir='ltr'><strong>contemnas,</strong></span> 
     </span>
    </p>
   </div>
   <div class='ocr_carea' id='block_1_4' title="bbox 483 5761 1363 5840">
    <p class='ocr_par' dir='ltr' id='par_1_5' title="bbox 483 5761 1363 5840">
     <span class='ocr_line' id='line_1_55' title="bbox 483 5761 1363 5840; baseline -0.003 -13"><span class='ocrx_word' id='word_1_426' title='bbox 483 5761 490 5771; x_wconf 80' lang='grc'><em>’</em></span> <span class='ocrx_word' id='word_1_427' title='bbox 576 5784 605 5826; x_wconf 91' lang='lat' dir='ltr'><strong>ut</strong></span> <span class='ocrx_word' id='word_1_428' title='bbox 627 5772 764 5827; x_wconf 87' lang='lat' dir='ltr'><strong>arititrcris</strong></span> <span class='ocrx_word' id='word_1_429' title='bbox 786 5770 918 5840; x_wconf 78' lang='lat' dir='ltr'><strong>ingenium</strong></span> <span class='ocrx_word' id='word_1_430' title='bbox 938 5777 965 5824; x_wconf 92' lang='lat' dir='ltr'><strong>et</strong></span> <span class='ocrx_word' id='word_1_431' title='bbox 983 5769 1115 5837; x_wconf 89' lang='lat' dir='ltr'><strong>eloquium</strong></span> <span class='ocrx_word' id='word_1_432' title='bbox 1129 5777 1202 5821; x_wconf 91' lang='lat' dir='ltr'><strong>tuum</strong></span> <span class='ocrx_word' id='word_1_433' title='bbox 1218 5768 1291 5837; x_wconf 88' lang='lat' dir='ltr'><strong>parvi</strong></span> <span class='ocrx_word' id='word_1_434' title='bbox 1304 5783 1363 5824; x_wconf 86' lang='lat' dir='ltr'><strong>esse</strong></span> 
     </span>
    </p>
   </div>
   <div class='ocr_carea' id='block_1_5' title="bbox 576 5857 1363 5934">
    <p class='ocr_par' dir='ltr' id='par_1_6' title="bbox 576 5857 1363 5934">
     <span class='ocr_line' id='line_1_56' title="bbox 576 5857 1363 5934; baseline -0.006 -17"><span class='ocrx_word' id='word_1_435' title='bbox 576 5862 754 5934; x_wconf 85' lang='lat' dir='ltr'><strong>pendendum.</strong></span> <span class='ocrx_word' id='word_1_436' title='bbox 777 5860 832 5916; x_wconf 87' lang='lat' dir='ltr'><strong>Nec</strong></span> <span class='ocrx_word' id='word_1_437' title='bbox 851 5870 1001 5915; x_wconf 87' lang='lat' dir='ltr'><strong>sanctarum</strong></span> <span class='ocrx_word' id='word_1_438' title='bbox 1014 5857 1194 5927; x_wconf 87' lang='lat' dir='ltr'><strong>Sriptnrarunt</strong></span> <span class='ocrx_word' id='word_1_439' title='bbox 1208 5857 1363 5912; x_wconf 87' lang='lat' dir='ltr'><strong>memoriam</strong></span> 
     </span>
    </p>
   </div>
   <div class='ocr_carea' id='block_1_6' title="bbox 576 5977 1366 6284">
    <p class='ocr_par' dir='ltr' id='par_1_7' title="bbox 576 5977 1366 6284">
     <span class='ocr_line' id='line_1_57' title="bbox 609 5977 676 6029; baseline -0.03 1"><span class='ocrx_word' id='word_1_440' title='bbox 609 5979 617 6011; x_wconf 88' lang='lat'>¹</span> <span class='ocrx_word' id='word_1_441' title='bbox 635 5977 676 6029; x_wconf 79' lang='lat' dir='ltr'><strong>nel</strong></span> 
     </span>
     <span class='ocr_line' id='line_1_58' title="bbox 576 5980 1366 6100; baseline -0.014 -8"><span class='ocrx_word' id='word_1_442' title='bbox 576 5980 751 6092; x_wconf 48' lang='lat' dir='ltr'><strong>melem</strong></span> <span class='ocrx_word' id='word_1_443' title='bbox 762 6035 962 6100; x_wconf 78' lang='lat' dir='ltr'><strong>frttctitnsntere.</strong></span> <span class='ocrx_word' id='word_1_444' title='bbox 980 6043 1149 6093; x_wconf 78' lang='lat' dir='ltr'><strong>Tarutcensts,</strong></span> <span class='ocrx_word' id='word_1_445' title='bbox 1168 6032 1366 6096; x_wconf 73' lang='lat' dir='ltr'><strong>tuoeqnepetfui·</strong></span> 
     </span>
     <span class='ocr_line' id='line_1_59' title="bbox 576 6095 1365 6167; baseline -0.006 -15"><span class='ocrx_word' id='word_1_446' title='bbox 576 6115 643 6152; x_wconf 76' lang='lat' dir='ltr'><strong>tmtnt</strong></span> <span class='ocrx_word' id='word_1_447' title='bbox 653 6105 677 6151; x_wconf 84' lang='lat' dir='ltr'><strong>et</strong></span> <span class='ocrx_word' id='word_1_448' title='bbox 691 6100 804 6152; x_wconf 75' lang='lat' dir='ltr'><strong>masinae</strong></span> <span class='ocrx_word' id='word_1_449' title='bbox 813 6095 950 6147; x_wconf 71' lang='lat' dir='ltr'><strong>electatione</strong></span> <span class='ocrx_word' id='word_1_450' title='bbox 958 6095 1076 6167; x_wconf 74' lang='lat' dir='ltr'><strong>fritericus</strong></span> <span class='ocrx_word' id='word_1_451' title='bbox 1092 6099 1163 6147; x_wconf 74' lang='lat' dir='ltr'><strong>idere.</strong></span> <span class='ocrx_word' id='word_1_452' title='bbox 1185 6096 1365 6159; x_wconf 77' lang='lat' dir='ltr'><strong>antiquissimus</strong></span> 
     </span>
     <span class='ocr_line' id='line_1_60' title="bbox 576 6156 1365 6220; baseline -0.005 -8"><span class='ocrx_word' id='word_1_453' title='bbox 576 6171 662 6214; x_wconf 89' lang='lat' dir='ltr'><strong>noster</strong></span> <span class='ocrx_word' id='word_1_454' title='bbox 673 6160 849 6217; x_wconf 78' lang='lat' dir='ltr'><strong>namucensis,</strong></span> <span class='ocrx_word' id='word_1_455' title='bbox 861 6163 932 6219; x_wconf 84' lang='lat' dir='ltr'><strong>tuque</strong></span> <span class='ocrx_word' id='word_1_456' title='bbox 949 6165 1095 6220; x_wconf 78' lang='lat' dir='ltr'><strong>uetustatem</strong></span> <span class='ocrx_word' id='word_1_457' title='bbox 1111 6161 1136 6207; x_wconf 85' lang='lat' dir='ltr'><strong>et</strong></span> <span class='ocrx_word' id='word_1_458' title='bbox 1145 6156 1251 6207; x_wconf 75' lang='lat' dir='ltr'><strong>numne</strong></span> <span class='ocrx_word' id='word_1_459' title='bbox 1262 6169 1317 6220; x_wconf 82' lang='lat' dir='ltr'><strong>quc</strong></span> <span class='ocrx_word' id='word_1_460' title='bbox 1331 6158 1365 6208; x_wconf 76' lang='lat' dir='ltr'><strong>le</strong></span> 
     </span>
     <span class='ocr_line' id='line_1_61' title="bbox 576 6218 1364 6284; baseline -0.011 -9"><span class='ocrx_word' id='word_1_461' title='bbox 576 6231 646 6275; x_wconf 76' lang='lat' dir='ltr'><strong>caum</strong></span> <span class='ocrx_word' id='word_1_462' title='bbox 656 6230 739 6284; x_wconf 76' lang='lat' dir='ltr'><strong>uterc5</strong></span> <span class='ocrx_word' id='word_1_463' title='bbox 750 6223 847 6280; x_wconf 86' lang='lat' dir='ltr'><strong>antisse,</strong></span> <span class='ocrx_word' id='word_1_464' title='bbox 855 6218 979 6281; x_wconf 80' lang='lat' dir='ltr'><strong>fructibus.</strong></span> <span class='ocrx_word' id='word_1_465' title='bbox 992 6219 1120 6281; x_wconf 79' lang='lat' dir='ltr'><strong>flendose,</strong></span> <span class='ocrx_word' id='word_1_466' title='bbox 1130 6218 1176 6270; x_wconf 90' lang='lat' dir='ltr'><strong>nisi</strong></span> <span class='ocrx_word' id='word_1_467' title='bbox 1187 6219 1264 6282; x_wconf 76' lang='lat' dir='ltr'><strong>tegas,</strong></span> <span class='ocrx_word' id='word_1_468' title='bbox 1276 6232 1330 6284; x_wconf 81' lang='lat' dir='ltr'><strong>quoe</strong></span> <span class='ocrx_word' id='word_1_469' title='bbox 1339 6232 1364 6271; x_wconf 78' lang='lat' dir='ltr'><strong>ee</strong></span> 
     </span>
    </p>
   </div>
   <div class='ocr_carea' id='block_1_7' title="bbox 577 6285 950 6429">
    <p class='ocr_par' dir='ltr' id='par_1_8' title="bbox 577 6285 950 6429">
     <span class='ocr_line' id='line_1_62' title="bbox 577 6285 679 6338; baseline -0.039 0"><span class='ocrx_word' id='word_1_470' title='bbox 577 6285 679 6338; x_wconf 67' lang='grc' dir='ltr'>ιοοιιιιιι.</span> 
     </span>
     <span class='ocr_line' id='line_1_63' title="bbox 689 6367 950 6429; baseline 0.008 -2"><span class='ocrx_word' id='word_1_471' title='bbox 689 6367 825 6429; x_wconf 75' lang='lat' dir='ltr'><strong>Parnon.</strong></span> <span class='ocrx_word' id='word_1_472' title='bbox 843 6367 950 6429; x_wconf 80' lang='lat' dir='ltr'><strong>XLlV.</strong></span> 
     </span>
    </p>
   </div>
   <div class='ocr_carea' id='block_1_8' title="bbox 756 5971 1365 6045">
    <p class='ocr_par' dir='ltr' id='par_1_9' title="bbox 756 5971 1365 6045">
     <span class='ocr_line' id='line_1_64' title="bbox 756 5971 1365 6045; baseline 0 -19"><span class='ocrx_word' id='word_1_473' title='bbox 756 5976 833 6026; x_wconf 84' lang='lat' dir='ltr'><strong>codex</strong></span> <span class='ocrx_word' id='word_1_474' title='bbox 856 5983 879 6024; x_wconf 79' lang='lat' dir='ltr'><strong>S.</strong></span> <span class='ocrx_word' id='word_1_475' title='bbox 893 5972 996 6025; x_wconf 81' lang='lat' dir='ltr'><strong>tutandi.</strong></span> <span class='ocrx_word' id='word_1_476' title='bbox 1008 5972 1102 6035; x_wconf 85' lang='lat' dir='ltr'><strong>tuisque</strong></span> <span class='ocrx_word' id='word_1_477' title='bbox 1118 5971 1365 6045; x_wconf 82' lang='lat' dir='ltr'><strong>potissimmnettttc·</strong></span> 
     </span>
    </p>
   </div>
   <div class='ocr_carea' id='block_1_9' title="bbox 1234 857 1515 915">
    <p class='ocr_par' dir='ltr' id='par_1_10' title="bbox 1234 857 1515 915">
     <span class='ocr_line' id='line_1_65' title="bbox 1234 857 1515 915; baseline -0.007 -2"><span class='ocrx_word' id='word_1_478' title='bbox 1234 858 1336 914; x_wconf 76' lang='lat' dir='ltr'><strong>tinnit</strong></span> <span class='ocrx_word' id='word_1_479' title='bbox 1358 857 1515 915; x_wconf 75' lang='lat' dir='ltr'><strong>fe‘ttftt&#39;s.</strong></span> 
     </span>
    </p>
   </div>
   <div class='ocr_carea' id='block_1_10' title="bbox 1409 859 2204 2136">
    <p class='ocr_par' dir='ltr' id='par_1_11' title="bbox 1409 859 2204 2136">
     <span class='ocr_line' id='line_1_66' title="bbox 2149 859 2201 915; baseline -0.038 -1"><span class='ocrx_word' id='word_1_480' title='bbox 2149 859 2201 915; x_wconf 66' lang='grc' dir='ltr'><strong>ιιι</strong></span> 
     </span>
     <span class='ocr_line' id='line_1_67' title="bbox 1411 968 2201 1041; baseline 0.006 -19"><span class='ocrx_word' id='word_1_481' title='bbox 1411 968 1437 1022; x_wconf 86' lang='grc' dir='ltr'><strong>ιιι</strong></span> <span class='ocrx_word' id='word_1_482' title='bbox 1462 977 1487 1022; x_wconf 90' lang='lat' dir='ltr'><strong>tc</strong></span> <span class='ocrx_word' id='word_1_483' title='bbox 1510 983 1617 1038; x_wconf 88' lang='lat' dir='ltr'><strong>parvam</strong></span> <span class='ocrx_word' id='word_1_484' title='bbox 1632 983 1692 1024; x_wconf 87' lang='lat' dir='ltr'><strong>esse</strong></span> <span class='ocrx_word' id='word_1_485' title='bbox 1704 970 1814 1041; x_wconf 80' lang='lat' dir='ltr'><strong>cognovi</strong></span> <span class='ocrx_word' id='word_1_486' title='bbox 1831 971 1900 1025; x_wconf 86' lang='lat' dir='ltr'><strong>:sed</strong></span> <span class='ocrx_word' id='word_1_487' title='bbox 1915 971 2030 1027; x_wconf 85' lang='lat' dir='ltr'><strong>eruditio</strong></span> <span class='ocrx_word' id='word_1_488' title='bbox 2043 972 2128 1027; x_wconf 88' lang='lat' dir='ltr'><strong>minor</strong></span> <span class='ocrx_word' id='word_1_489' title='bbox 2140 984 2201 1041; x_wconf 87' lang='lat' dir='ltr'><strong>est,</strong></span> 
     </span>
     <span class='ocr_line' id='line_1_68' title="bbox 1409 1060 2202 1134; baseline 0.006 -20"><span class='ocrx_word' id='word_1_490' title='bbox 1409 1075 1487 1130; x_wconf 89' lang='lat' dir='ltr'><strong>quant</strong></span> <span class='ocrx_word' id='word_1_491' title='bbox 1501 1068 1581 1114; x_wconf 77' lang='lat' dir='ltr'><strong>tanta</strong></span> <span class='ocrx_word' id='word_1_492' title='bbox 1595 1060 1675 1115; x_wconf 90' lang='lat' dir='ltr'><strong>indoli</strong></span> <span class='ocrx_word' id='word_1_493' title='bbox 1686 1060 1822 1132; x_wconf 88' lang='lat' dir='ltr'><strong>laborique</strong></span> <span class='ocrx_word' id='word_1_494' title='bbox 1833 1064 2002 1132; x_wconf 77' lang='lat' dir='ltr'><strong>congruebat.</strong></span> <span class='ocrx_word' id='word_1_495' title='bbox 2016 1062 2106 1134; x_wconf 89' lang='lat' dir='ltr'><strong>itaque</strong></span> <span class='ocrx_word' id='word_1_496' title='bbox 2117 1073 2143 1119; x_wconf 91' lang='lat' dir='ltr'><strong>tc</strong></span> <span class='ocrx_word' id='word_1_497' title='bbox 2154 1079 2202 1119; x_wconf 90' lang='lat' dir='ltr'><strong>nec</strong></span> 
     </span>
     <span class='ocr_line' id='line_1_69' title="bbox 1409 1156 2202 1224; baseline 0.001 -17"><span class='ocrx_word' id='word_1_498' title='bbox 1409 1156 1522 1224; x_wconf 87' lang='lat' dir='ltr'><strong>amplius</strong></span> <span class='ocrx_word' id='word_1_499' title='bbox 1536 1170 1615 1224; x_wconf 93' lang='lat' dir='ltr'><strong>qnam</strong></span> <span class='ocrx_word' id='word_1_500' title='bbox 1628 1163 1734 1224; x_wconf 91' lang='lat' dir='ltr'><strong>oportet</strong></span> <span class='ocrx_word' id='word_1_501' title='bbox 1748 1157 1792 1211; x_wconf 87' lang='lat' dir='ltr'><strong>tilti</strong></span> <span class='ocrx_word' id='word_1_502' title='bbox 1810 1156 1948 1211; x_wconf 88' lang='lat' dir='ltr'><strong>triitncttdo</strong></span> <span class='ocrx_word' id='word_1_503' title='bbox 1966 1172 2106 1212; x_wconf 76' lang='lat' dir='ltr'><strong>rattcsoere</strong></span> <span class='ocrx_word' id='word_1_504' title='bbox 2121 1158 2202 1222; x_wconf 84' lang='lat' dir='ltr'><strong>toln,</strong></span> 
     </span>
     <span class='ocr_line' id='line_1_70' title="bbox 1410 1244 2201 1316; baseline 0.005 -19"><span class='ocrx_word' id='word_1_505' title='bbox 1410 1260 1460 1300; x_wconf 90' lang='lat' dir='ltr'><strong>nec</strong></span> <span class='ocrx_word' id='word_1_506' title='bbox 1484 1260 1576 1299; x_wconf 89' lang='lat' dir='ltr'><strong>rursus</strong></span> <span class='ocrx_word' id='word_1_507' title='bbox 1599 1256 1623 1300; x_wconf 92' lang='lat' dir='ltr'><strong>tc</strong></span> <span class='ocrx_word' id='word_1_508' title='bbox 1645 1244 1795 1314; x_wconf 73' lang='lat' dir='ltr'><strong>abjiciendo</strong></span> <span class='ocrx_word' id='word_1_509' title='bbox 1817 1261 1848 1300; x_wconf 91' lang='lat' dir='ltr'><strong>ac</strong></span> <span class='ocrx_word' id='word_1_510' title='bbox 1869 1247 2034 1316; x_wconf 87' lang='lat' dir='ltr'><strong>desperando</strong></span> <span class='ocrx_word' id='word_1_511' title='bbox 2048 1246 2201 1316; x_wconf 78' lang='lat' dir='ltr'><strong>frigescere.</strong></span> 
     </span>
     <span class='ocr_line' id='line_1_71' title="bbox 1411 1334 2203 1406; baseline 0.005 -18"><span class='ocrx_word' id='word_1_512' title='bbox 1411 1334 1517 1389; x_wconf 88' lang='lat' dir='ltr'><strong>Utinam</strong></span> <span class='ocrx_word' id='word_1_513' title='bbox 1537 1345 1579 1388; x_wconf 89' lang='lat' dir='ltr'><strong>tna</strong></span> <span class='ocrx_word' id='word_1_514' title='bbox 1595 1336 1692 1406; x_wconf 88' lang='lat' dir='ltr'><strong>scripta</strong></span> <span class='ocrx_word' id='word_1_515' title='bbox 1709 1346 1796 1391; x_wconf 88' lang='lat' dir='ltr'><strong>tecum</strong></span> <span class='ocrx_word' id='word_1_516' title='bbox 1818 1337 1907 1405; x_wconf 83' lang='lat' dir='ltr'><strong>legere</strong></span> <span class='ocrx_word' id='word_1_517' title='bbox 1929 1353 2050 1406; x_wconf 86' lang='lat' dir='ltr'><strong>possem,</strong></span> <span class='ocrx_word' id='word_1_518' title='bbox 2075 1348 2101 1392; x_wconf 93' lang='lat' dir='ltr'><strong>et</strong></span> <span class='ocrx_word' id='word_1_519' title='bbox 2120 1340 2203 1393; x_wconf 79' lang='lat' dir='ltr'><strong>colin-</strong></span> 
     </span>
     <span class='ocr_line' id='line_1_72' title="bbox 1410 1425 2202 1498; baseline 0.006 -20"><span class='ocrx_word' id='word_1_520' title='bbox 1410 1425 1516 1495; x_wconf 90' lang='lat' dir='ltr'><strong>quendo</strong></span> <span class='ocrx_word' id='word_1_521' title='bbox 1529 1427 1718 1497; x_wconf 67' lang='lat' dir='ltr'><strong>potiusquam</strong></span> <span class='ocrx_word' id='word_1_522' title='bbox 1733 1428 1885 1492; x_wconf 84' lang='lat' dir='ltr'><strong>scribendo,</strong></span> <span class='ocrx_word' id='word_1_523' title='bbox 1898 1444 1957 1498; x_wconf 87' lang='lat' dir='ltr'><strong>qnae</strong></span> <span class='ocrx_word' id='word_1_524' title='bbox 1970 1429 2023 1484; x_wconf 88' lang='lat' dir='ltr'><strong>sint</strong></span> <span class='ocrx_word' id='word_1_525' title='bbox 2035 1430 2202 1485; x_wconf 84' lang='lat' dir='ltr'><strong>cmcttluttda</strong></span> 
     </span>
     <span class='ocr_line' id='line_1_73' title="bbox 1411 1518 2202 1591; baseline 0.008 -21"><span class='ocrx_word' id='word_1_526' title='bbox 1411 1527 1597 1571; x_wconf 89' lang='lat' dir='ltr'><strong>monstrarem.</strong></span> <span class='ocrx_word' id='word_1_527' title='bbox 1620 1518 1733 1573; x_wconf 84' lang='lat' dir='ltr'><strong>Facilius</strong></span> <span class='ocrx_word' id='word_1_528' title='bbox 1752 1518 1803 1573; x_wconf 91' lang='lat' dir='ltr'><strong>ltoc</strong></span> <span class='ocrx_word' id='word_1_529' title='bbox 1818 1522 1951 1588; x_wconf 80' lang='lat' dir='ltr'><strong>negotium</strong></span> <span class='ocrx_word' id='word_1_530' title='bbox 1967 1532 2137 1591; x_wconf 78' lang='lat' dir='ltr'><strong>perageretur</strong></span> <span class='ocrx_word' id='word_1_531' title='bbox 2152 1536 2202 1576; x_wconf 92' lang='lat' dir='ltr'><strong>nu·</strong></span> 
     </span>
     <span class='ocr_line' id='line_1_74' title="bbox 1411 1608 2202 1681; baseline 0.006 -19"><span class='ocrx_word' id='word_1_532' title='bbox 1411 1619 1465 1662; x_wconf 89' lang='lat' dir='ltr'><strong>stra</strong></span> <span class='ocrx_word' id='word_1_533' title='bbox 1482 1608 1551 1663; x_wconf 91' lang='lat' dir='ltr'><strong>inter</strong></span> <span class='ocrx_word' id='word_1_534' title='bbox 1566 1623 1615 1662; x_wconf 91' lang='lat' dir='ltr'><strong>nos</strong></span> <span class='ocrx_word' id='word_1_535' title='bbox 1629 1610 1867 1670; x_wconf 85' lang='lat' dir='ltr'><strong>sermocinatione.</strong></span> <span class='ocrx_word' id='word_1_536' title='bbox 1881 1626 1961 1679; x_wconf 88' lang='lat' dir='ltr'><strong>quant</strong></span> <span class='ocrx_word' id='word_1_537' title='bbox 1976 1611 2071 1666; x_wconf 87' lang='lat' dir='ltr'><strong>litteris</strong></span> <span class='ocrx_word' id='word_1_538' title='bbox 2086 1631 2092 1664; x_wconf 97' lang='lat'><strong>:</strong></span> <span class='ocrx_word' id='word_1_539' title='bbox 2106 1628 2165 1681; x_wconf 85' lang='lat' dir='ltr'><strong>qtuc</strong></span> <span class='ocrx_word' id='word_1_540' title='bbox 2179 1611 2202 1667; x_wconf 88' lang='lat' dir='ltr'><strong>si</strong></span> 
     </span>
     <span class='ocr_line' id='line_1_75' title="bbox 1412 1698 2202 1771; baseline 0.009 -20"><span class='ocrx_word' id='word_1_541' title='bbox 1412 1698 1552 1753; x_wconf 84' lang='lat' dir='ltr'><strong>scrittcnda</strong></span> <span class='ocrx_word' id='word_1_542' title='bbox 1572 1707 1662 1762; x_wconf 88' lang='lat' dir='ltr'><strong>esset,</strong></span> <span class='ocrx_word' id='word_1_543' title='bbox 1688 1699 1778 1753; x_wconf 90' lang='lat' dir='ltr'><strong>ntnltis</strong></span> <span class='ocrx_word' id='word_1_544' title='bbox 1800 1699 1977 1754; x_wconf 91' lang='lat' dir='ltr'><strong>volttntiniltus</strong></span> <span class='ocrx_word' id='word_1_545' title='bbox 1995 1701 2133 1771; x_wconf 81' lang='lat' dir='ltr'><strong>indigeret.</strong></span> <span class='ocrx_word' id='word_1_546' title='bbox 2148 1702 2202 1758; x_wconf 77' lang='lat' dir='ltr'><strong>le·</strong></span> 
     </span>
     <span class='ocr_line' id='line_1_76' title="bbox 1412 1789 2204 1860; baseline 0.011 -20"><span class='ocrx_word' id='word_1_547' title='bbox 1412 1798 1559 1842; x_wconf 85' lang='lat' dir='ltr'><strong>rumtamen</strong></span> <span class='ocrx_word' id='word_1_548' title='bbox 1581 1789 1629 1844; x_wconf 90' lang='lat' dir='ltr'><strong>ista</strong></span> <span class='ocrx_word' id='word_1_549' title='bbox 1653 1790 1793 1859; x_wconf 84' lang='lat' dir='ltr'><strong>capitatia,</strong></span> <span class='ocrx_word' id='word_1_550' title='bbox 1818 1807 1877 1860; x_wconf 78' lang='lat' dir='ltr'><strong>qnae</strong></span> <span class='ocrx_word' id='word_1_551' title='bbox 1898 1800 1972 1847; x_wconf 84' lang='lat' dir='ltr'><strong>certa</strong></span> <span class='ocrx_word' id='word_1_552' title='bbox 1993 1793 2073 1848; x_wconf 85' lang='lat' dir='ltr'><strong>ctiam</strong></span> <span class='ocrx_word' id='word_1_553' title='bbox 2092 1809 2204 1849; x_wconf 89' lang='lat' dir='ltr'><strong>numero</strong></span> 
     </span>
     <span class='ocr_line' id='line_1_77' title="bbox 1411 1879 2203 1951; baseline 0.01 -19"><span class='ocrx_word' id='word_1_554' title='bbox 1411 1879 1637 1948; x_wconf 88' lang='lat' dir='ltr'><strong>cttntprcltendere</strong></span> <span class='ocrx_word' id='word_1_555' title='bbox 1656 1880 1743 1946; x_wconf 92' lang='lat' dir='ltr'><strong>volui,</strong></span> <span class='ocrx_word' id='word_1_556' title='bbox 1764 1881 1893 1936; x_wconf 86' lang='lat' dir='ltr'><strong>instanter</strong></span> <span class='ocrx_word' id='word_1_557' title='bbox 1906 1882 2056 1951; x_wconf 71' lang='lat' dir='ltr'><strong>aditiones,</strong></span> <span class='ocrx_word' id='word_1_558' title='bbox 2070 1898 2103 1939; x_wconf 89' lang='lat' dir='ltr'><strong>ne</strong></span> <span class='ocrx_word' id='word_1_559' title='bbox 2117 1885 2203 1940; x_wconf 88' lang='lat' dir='ltr'><strong>corri-</strong></span> 
     </span>
     <span class='ocr_line' id='line_1_78' title="bbox 1411 1970 2204 2043; baseline 0.01 -21"><span class='ocrx_word' id='word_1_560' title='bbox 1411 1985 1474 2037; x_wconf 82' lang='lat' dir='ltr'><strong>qere</strong></span> <span class='ocrx_word' id='word_1_561' title='bbox 1488 1970 1605 2035; x_wconf 84' lang='lat' dir='ltr'><strong>differas,</strong></span> <span class='ocrx_word' id='word_1_562' title='bbox 1620 1979 1647 2025; x_wconf 91' lang='lat' dir='ltr'><strong>et</strong></span> <span class='ocrx_word' id='word_1_563' title='bbox 1658 1986 1689 2025; x_wconf 87' lang='lat' dir='ltr'><strong>ca</strong></span> <span class='ocrx_word' id='word_1_564' title='bbox 1705 1986 1814 2040; x_wconf 91' lang='lat' dir='ltr'><strong>prorsus</strong></span> <span class='ocrx_word' id='word_1_565' title='bbox 1826 1987 1841 2026; x_wconf 90' lang='lat' dir='ltr'><strong>a</strong></span> <span class='ocrx_word' id='word_1_566' title='bbox 1855 1972 1906 2027; x_wconf 76' lang='lat' dir='ltr'><strong>ide</strong></span> <span class='ocrx_word' id='word_1_567' title='bbox 1918 1982 1945 2027; x_wconf 91' lang='lat' dir='ltr'><strong>ct</strong></span> <span class='ocrx_word' id='word_1_568' title='bbox 1957 1973 2147 2043; x_wconf 71' lang='lat' dir='ltr'><strong>praedicatione</strong></span> <span class='ocrx_word' id='word_1_569' title='bbox 2160 1983 2204 2030; x_wconf 83' lang='lat' dir='ltr'><strong>tua</strong></span> 
     </span>
     <span class='ocr_line' id='line_1_79' title="bbox 1412 2059 2203 2136; baseline 0.005 -21"><span class='ocrx_word' id='word_1_570' title='bbox 1412 2059 1493 2116; x_wconf 79' lang='lat' dir='ltr'><strong>fatias</strong></span> <span class='ocrx_word' id='word_1_571' title='bbox 1516 2061 1602 2116; x_wconf 89' lang='lat' dir='ltr'><strong>aliena</strong></span> <span class='ocrx_word' id='word_1_572' title='bbox 1619 2080 1625 2116; x_wconf 91' lang='lat'>:</span> <span class='ocrx_word' id='word_1_573' title='bbox 1641 2070 1670 2115; x_wconf 94' lang='lat' dir='ltr'><strong>nt</strong></span> <span class='ocrx_word' id='word_1_574' title='bbox 1682 2072 1779 2132; x_wconf 91' lang='lat' dir='ltr'><strong>qttanta</strong></span> <span class='ocrx_word' id='word_1_575' title='bbox 1796 2064 1842 2117; x_wconf 86' lang='lat' dir='ltr'><strong>tilti</strong></span> <span class='ocrx_word' id='word_1_576' title='bbox 1858 2063 1968 2119; x_wconf 91' lang='lat' dir='ltr'><strong>facultas</strong></span> <span class='ocrx_word' id='word_1_577' title='bbox 1981 2076 2022 2119; x_wconf 90' lang='lat' dir='ltr'><strong>cst</strong></span> <span class='ocrx_word' id='word_1_578' title='bbox 2035 2066 2203 2136; x_wconf 88' lang='lat' dir='ltr'><strong>disputandi,</strong></span> 
     </span>
    </p>
   </div>
   <div class='ocr_carea' id='block_1_11' title="bbox 1404 2152 2204 2221">
    <p class='ocr_par' dir='ltr' id='par_1_12' title="bbox 1404 2152 2204 2221">
     <span class='ocr_line' id='line_1_80' title="bbox 1404 2152 2204 2221; baseline 0.014 -18"><span class='ocrx_word' id='word_1_579' title='bbox 1404 2166 1522 2204; x_wconf 89' lang='lat' dir='ltr'><strong>munere</strong></span> <span class='ocrx_word' id='word_1_580' title='bbox 1545 2152 1591 2206; x_wconf 80' lang='lat' dir='ltr'><strong>[lei</strong></span> <span class='ocrx_word' id='word_1_581' title='bbox 1611 2152 1693 2206; x_wconf 89' lang='lat' dir='ltr'><strong>utaris</strong></span> <span class='ocrx_word' id='word_1_582' title='bbox 1707 2153 1805 2206; x_wconf 88' lang='lat' dir='ltr'><strong>utiliter</strong></span> <span class='ocrx_word' id='word_1_583' title='bbox 1819 2153 1852 2207; x_wconf 90' lang='lat' dir='ltr'><strong>ad</strong></span> <span class='ocrx_word' id='word_1_584' title='bbox 1867 2154 2088 2221; x_wconf 75' lang='lat' dir='ltr'><strong>aedificationem,</strong></span> <span class='ocrx_word' id='word_1_585' title='bbox 2105 2173 2157 2212; x_wconf 95' lang='lat' dir='ltr'><strong>non</strong></span> <span class='ocrx_word' id='word_1_586' title='bbox 2170 2158 2204 2214; x_wconf 80' lang='lat' dir='ltr'><strong>ad</strong></span> 
     </span>
    </p>
   </div>
   <div class='ocr_carea' id='block_1_12' title="bbox 1412 2241 2287 6332">
    <p class='ocr_par' dir='ltr' id='par_1_13' title="bbox 1412 2241 2033 2313">
     <span class='ocr_line' id='line_1_81' title="bbox 1412 2241 2033 2313; baseline 0.005 -17"><span class='ocrx_word' id='word_1_587' title='bbox 1412 2241 1619 2296; x_wconf 87' lang='lat' dir='ltr'><strong>destructionem</strong></span> <span class='ocrx_word' id='word_1_588' title='bbox 1634 2255 1706 2296; x_wconf 86' lang='lat' dir='ltr'><strong>sanae</strong></span> <span class='ocrx_word' id='word_1_589' title='bbox 1719 2242 1885 2313; x_wconf 83' lang='lat' dir='ltr'><strong>salubrisque</strong></span> <span class='ocrx_word' id='word_1_590' title='bbox 1896 2243 2033 2300; x_wconf 78' lang='lat' dir='ltr'><strong>doctrinae.</strong></span> 
     </span>
    </p>

    <p class='ocr_par' dir='ltr' id='par_1_14' title="bbox 1413 2330 2287 5046">
     <span class='ocr_line' id='line_1_82' title="bbox 1447 2330 2205 2408; baseline 0.016 -24"><span class='ocrx_word' id='word_1_591' title='bbox 1447 2330 1560 2387; x_wconf 84' lang='lat' dir='ltr'>CAPUT</span> <span class='ocrx_word' id='word_1_592' title='bbox 1584 2330 1641 2386; x_wconf 79' lang='lat' dir='ltr'><strong>xv.</strong></span> <span class='ocrx_word' id='word_1_593' title='bbox 1662 2360 1699 2372; x_wconf 92' lang='lat'><strong>·-</strong></span> <span class='ocrx_word' id='word_1_594' title='bbox 1718 2331 1764 2388; x_wconf 72' lang='lat'><strong>22.</strong></span> <span class='ocrx_word' id='word_1_595' title='bbox 1778 2330 1846 2388; x_wconf 89' lang='lat' dir='ltr'><strong>Sunt</strong></span> <span class='ocrx_word' id='word_1_596' title='bbox 1857 2344 1945 2388; x_wconf 89' lang='lat' dir='ltr'><strong>antem</strong></span> <span class='ocrx_word' id='word_1_597' title='bbox 1960 2334 2027 2403; x_wconf 87' lang='lat' dir='ltr'><strong>ista,</strong></span> <span class='ocrx_word' id='word_1_598' title='bbox 2042 2335 2076 2392; x_wconf 89' lang='lat' dir='ltr'><strong>de</strong></span> <span class='ocrx_word' id='word_1_599' title='bbox 2089 2336 2205 2408; x_wconf 78' lang='lat' dir='ltr'><strong>quttttts,</strong></span> 
     </span>
     <span class='ocr_line' id='line_1_83' title="bbox 1413 2423 2206 2500; baseline 0.008 -24"><span class='ocrx_word' id='word_1_600' title='bbox 1413 2430 1443 2477; x_wconf 93' lang='lat' dir='ltr'><strong>ut</strong></span> <span class='ocrx_word' id='word_1_601' title='bbox 1466 2424 1558 2492; x_wconf 91' lang='lat' dir='ltr'><strong>potui,</strong></span> <span class='ocrx_word' id='word_1_602' title='bbox 1580 2424 1634 2492; x_wconf 89' lang='lat' dir='ltr'><strong>jam</strong></span> <span class='ocrx_word' id='word_1_603' title='bbox 1659 2423 1801 2481; x_wconf 74' lang='lat' dir='ltr'><strong>disseruit</strong></span> <span class='ocrx_word' id='word_1_604' title='bbox 1825 2424 1872 2480; x_wconf 91' lang='lat' dir='ltr'><strong>sed</strong></span> <span class='ocrx_word' id='word_1_605' title='bbox 1889 2427 2048 2483; x_wconf 87' lang='lat' dir='ltr'><strong>ltrcvitcrea</strong></span> <span class='ocrx_word' id='word_1_606' title='bbox 2061 2429 2206 2500; x_wconf 83' lang='lat' dir='ltr'><strong>repetendo</strong></span> 
     </span>
     <span class='ocr_line' id='line_1_84' title="bbox 1414 2513 2204 2586; baseline 0.014 -22"><span class='ocrx_word' id='word_1_607' title='bbox 1414 2528 1577 2581; x_wconf 86' lang='lat' dir='ltr'><strong>percurram.</strong></span> <span class='ocrx_word' id='word_1_608' title='bbox 1594 2513 1680 2569; x_wconf 88' lang='lat' dir='ltr'><strong>Unum</strong></span> <span class='ocrx_word' id='word_1_609' title='bbox 1694 2522 1745 2580; x_wconf 86' lang='lat' dir='ltr'><strong>est,</strong></span> <span class='ocrx_word' id='word_1_610' title='bbox 1762 2533 1773 2567; x_wconf 85' lang='grc' dir='ltr'><strong>ι</strong></span> <span class='ocrx_word' id='word_1_611' title='bbox 1790 2515 1865 2586; x_wconf 80' lang='lat' dir='ltr'><strong>Quod</strong></span> <span class='ocrx_word' id='word_1_612' title='bbox 1873 2516 1991 2573; x_wconf 84' lang='lat' dir='ltr'><strong>animam</strong></span> <span class='ocrx_word' id='word_1_613' title='bbox 2004 2532 2057 2574; x_wconf 88' lang='lat' dir='ltr'><strong>nen</strong></span> <span class='ocrx_word' id='word_1_614' title='bbox 2067 2535 2101 2575; x_wconf 81' lang='lat' dir='ltr'><strong>ex</strong></span> <span class='ocrx_word' id='word_1_615' title='bbox 2110 2519 2204 2582; x_wconf 77' lang='lat' dir='ltr'><strong>nihilo.</strong></span> 
     </span>
     <span class='ocr_line' id='line_1_85' title="bbox 1413 2604 2206 2679; baseline 0.011 -20"><span class='ocrx_word' id='word_1_616' title='bbox 1413 2604 1460 2659; x_wconf 91' lang='lat' dir='ltr'><strong>scd</strong></span> <span class='ocrx_word' id='word_1_617' title='bbox 1475 2604 1508 2658; x_wconf 89' lang='lat' dir='ltr'><strong>de</strong></span> <span class='ocrx_word' id='word_1_618' title='bbox 1521 2620 1550 2661; x_wconf 89' lang='lat' dir='ltr'><strong>sc</strong></span> <span class='ocrx_word' id='word_1_619' title='bbox 1562 2605 1623 2675; x_wconf 88' lang='lat' dir='ltr'><strong>ipso</strong></span> <span class='ocrx_word' id='word_1_620' title='bbox 1636 2607 1719 2662; x_wconf 78' lang='lat' dir='ltr'><strong>licum</strong></span> <span class='ocrx_word' id='word_1_621' title='bbox 1734 2607 1828 2663; x_wconf 87' lang='lat' dir='ltr'><strong>fecisse</strong></span> <span class='ocrx_word' id='word_1_622' title='bbox 1845 2627 1855 2661; x_wconf 95' lang='lat' dir='ltr'><strong>t</strong></span> <span class='ocrx_word' id='word_1_623' title='bbox 1870 2608 1972 2664; x_wconf 80' lang='lat' dir='ltr'><strong>dixisti.</strong></span> <span class='ocrx_word' id='word_1_624' title='bbox 1988 2610 2124 2679; x_wconf 75' lang='lat' dir='ltr'><strong>Alterum,</strong></span> <span class='ocrx_word' id='word_1_625' title='bbox 2138 2612 2206 2670; x_wconf 75' lang='lat' dir='ltr'><strong>«Per</strong></span> 
     </span>
     <span class='ocr_line' id='line_1_86' title="bbox 1414 2694 2207 2771; baseline 0.016 -23"><span class='ocrx_word' id='word_1_626' title='bbox 1414 2694 1546 2750; x_wconf 86' lang='lat' dir='ltr'><strong>infinitum</strong></span> <span class='ocrx_word' id='word_1_627' title='bbox 1569 2705 1692 2768; x_wconf 83' lang='lat' dir='ltr'><strong>tenipus,</strong></span> <span class='ocrx_word' id='word_1_628' title='bbox 1717 2707 1796 2770; x_wconf 89' lang='lat' dir='ltr'><strong>atque</strong></span> <span class='ocrx_word' id='word_1_629' title='bbox 1818 2700 1853 2755; x_wconf 89' lang='lat' dir='ltr'><strong>ita</strong></span> <span class='ocrx_word' id='word_1_630' title='bbox 1875 2715 1982 2771; x_wconf 87' lang='lat' dir='ltr'><strong>semper</strong></span> <span class='ocrx_word' id='word_1_631' title='bbox 2003 2701 2085 2758; x_wconf 75' lang='lat' dir='ltr'><strong>iteum</strong></span> <span class='ocrx_word' id='word_1_632' title='bbox 2103 2704 2207 2762; x_wconf 84' lang='lat' dir='ltr'><strong>animas</strong></span> 
     </span>
     <span class='ocr_line' id='line_1_87' title="bbox 1413 2785 2206 2863; baseline 0.016 -24"><span class='ocrx_word' id='word_1_633' title='bbox 1413 2785 1494 2853; x_wconf 89' lang='lat' dir='ltr'><strong>darc,</strong></span> <span class='ocrx_word' id='word_1_634' title='bbox 1509 2787 1577 2842; x_wconf 89' lang='lat' dir='ltr'><strong>sicut</strong></span> <span class='ocrx_word' id='word_1_635' title='bbox 1587 2802 1694 2858; x_wconf 86' lang='lat' dir='ltr'><strong>semper</strong></span> <span class='ocrx_word' id='word_1_636' title='bbox 1701 2798 1745 2845; x_wconf 85' lang='lat' dir='ltr'><strong>est</strong></span> <span class='ocrx_word' id='word_1_637' title='bbox 1759 2789 1815 2861; x_wconf 89' lang='lat' dir='ltr'><strong>ipse</strong></span> <span class='ocrx_word' id='word_1_638' title='bbox 1828 2791 1874 2862; x_wconf 90' lang='lat' dir='ltr'><strong>qui</strong></span> <span class='ocrx_word' id='word_1_639' title='bbox 1883 2790 1939 2848; x_wconf 88' lang='lat' dir='ltr'><strong>dat.</strong></span> <span class='ocrx_word' id='word_1_640' title='bbox 1956 2791 2109 2863; x_wconf 82' lang='lat' dir='ltr'><strong>t&#39;fertium,</strong></span> <span class='ocrx_word' id='word_1_641' title='bbox 2123 2796 2206 2852; x_wconf 72' lang='lat' dir='ltr'><strong>tini·</strong></span> 
     </span>
     <span class='ocr_line' id='line_1_88' title="bbox 1414 2882 2206 2960; baseline 0.014 -26"><span class='ocrx_word' id='word_1_642' title='bbox 1414 2895 1484 2935; x_wconf 92' lang='lat' dir='ltr'><strong>mam</strong></span> <span class='ocrx_word' id='word_1_643' title='bbox 1505 2883 1629 2937; x_wconf 88' lang='lat' dir='ltr'><strong>meritum</strong></span> <span class='ocrx_word' id='word_1_644' title='bbox 1647 2882 1756 2955; x_wconf 87' lang='lat' dir='ltr'><strong>aliquod</strong></span> <span class='ocrx_word' id='word_1_645' title='bbox 1771 2883 1918 2955; x_wconf 87' lang='lat' dir='ltr'><strong>perdidisse</strong></span> <span class='ocrx_word' id='word_1_646' title='bbox 1931 2899 1980 2957; x_wconf 86' lang='lat' dir='ltr'><strong>per</strong></span> <span class='ocrx_word' id='word_1_647' title='bbox 1993 2900 2119 2955; x_wconf 84' lang='lat' dir='ltr'><strong>earnem,</strong></span> <span class='ocrx_word' id='word_1_648' title='bbox 2134 2886 2206 2960; x_wconf 88' lang='lat' dir='ltr'><strong>quod</strong></span> 
     </span>
     <span class='ocr_line' id='line_1_89' title="bbox 1414 2969 2208 3053; baseline 0.013 -28"><span class='ocrx_word' id='word_1_649' title='bbox 1414 2969 1535 3027; x_wconf 88' lang='lat' dir='ltr'><strong>habuerit</strong></span> <span class='ocrx_word' id='word_1_650' title='bbox 1557 2982 1621 3030; x_wconf 89' lang='lat' dir='ltr'><strong>ante</strong></span> <span class='ocrx_word' id='word_1_651' title='bbox 1642 2988 1761 3031; x_wconf 87' lang='lat' dir='ltr'><strong>earnem.</strong></span> <span class='ocrx_word' id='word_1_652' title='bbox 1789 2993 1799 3026; x_wconf 88' lang='lat' dir='ltr'><strong>t</strong></span> <span class='ocrx_word' id='word_1_653' title='bbox 1824 2976 1973 3045; x_wconf 84' lang='lat' dir='ltr'><strong>Quartum,</strong></span> <span class='ocrx_word' id='word_1_654' title='bbox 1995 2979 2145 3035; x_wconf 76' lang='lat' dir='ltr'><strong>«Animam</strong></span> <span class='ocrx_word' id='word_1_655' title='bbox 2159 2994 2208 3053; x_wconf 81' lang='lat' dir='ltr'><strong>per</strong></span> 
     </span>
     <span class='ocr_line' id='line_1_90' title="bbox 1414 3064 2206 3143; baseline 0.018 -27"><span class='ocrx_word' id='word_1_656' title='bbox 1414 3075 1522 3119; x_wconf 83' lang='lat' dir='ltr'><strong>earnem</strong></span> <span class='ocrx_word' id='word_1_657' title='bbox 1541 3078 1669 3136; x_wconf 84' lang='lat' dir='ltr'><strong>reparare</strong></span> <span class='ocrx_word' id='word_1_658' title='bbox 1687 3064 1870 3124; x_wconf 82' lang='lat' dir='ltr'><strong>babimdinem</strong></span> <span class='ocrx_word' id='word_1_659' title='bbox 1884 3066 2017 3138; x_wconf 86' lang='lat' dir='ltr'><strong>priscam,</strong></span> <span class='ocrx_word' id='word_1_660' title='bbox 2031 3079 2058 3127; x_wconf 91' lang='lat' dir='ltr'><strong>et</strong></span> <span class='ocrx_word' id='word_1_661' title='bbox 2072 3084 2119 3143; x_wconf 88' lang='lat' dir='ltr'><strong>per</strong></span> <span class='ocrx_word' id='word_1_662' title='bbox 2131 3086 2206 3129; x_wconf 84' lang='lat' dir='ltr'><strong>eam·</strong></span> 
     </span>
     <span class='ocr_line' id='line_1_91' title="bbox 1414 3151 2205 3233; baseline 0.016 -24"><span class='ocrx_word' id='word_1_663' title='bbox 1414 3151 1476 3210; x_wconf 87' lang='lat' dir='ltr'><strong>dent</strong></span> <span class='ocrx_word' id='word_1_664' title='bbox 1490 3168 1598 3212; x_wconf 83' lang='lat' dir='ltr'><strong>caraem</strong></span> <span class='ocrx_word' id='word_1_665' title='bbox 1610 3157 1729 3223; x_wconf 86' lang='lat' dir='ltr'><strong>renasci,</strong></span> <span class='ocrx_word' id='word_1_666' title='bbox 1740 3173 1788 3230; x_wconf 88' lang='lat' dir='ltr'><strong>per</strong></span> <span class='ocrx_word' id='word_1_667' title='bbox 1799 3173 1878 3230; x_wconf 88' lang='lat' dir='ltr'><strong>quam</strong></span> <span class='ocrx_word' id='word_1_668' title='bbox 1888 3168 2023 3217; x_wconf 86' lang='lat' dir='ltr'><strong>mertterat</strong></span> <span class='ocrx_word' id='word_1_669' title='bbox 2034 3161 2177 3233; x_wconf 82' lang='lat' dir='ltr'><strong>inquinari.</strong></span> <span class='ocrx_word' id='word_1_670' title='bbox 2194 3183 2205 3215; x_wconf 83' lang='lat' dir='ltr'><strong>t</strong></span> 
     </span>
     <span class='ocr_line' id='line_1_92' title="bbox 1414 3241 2209 3327; baseline 0.019 -29"><span class='ocrx_word' id='word_1_671' title='bbox 1414 3241 1559 3312; x_wconf 62' lang='lat' dir='ltr'><strong>Quinam</strong></span> <span class='ocrx_word' id='word_1_672' title='bbox 1572 3264 1582 3299; x_wconf 93' lang='lat' dir='ltr'><strong>t</strong></span> <span class='ocrx_word' id='word_1_673' title='bbox 1598 3247 1674 3315; x_wconf 83' lang='lat' dir='ltr'><strong>Quod</strong></span> <span class='ocrx_word' id='word_1_674' title='bbox 1686 3248 1775 3305; x_wconf 78' lang='lat' dir='ltr'><strong>atritas</strong></span> <span class='ocrx_word' id='word_1_675' title='bbox 1787 3251 1914 3306; x_wconf 78' lang='lat' dir='ltr'><strong>memorii</strong></span> <span class='ocrx_word' id='word_1_676' title='bbox 1926 3264 1987 3308; x_wconf 79' lang='lat' dir='ltr'><strong>esse</strong></span> <span class='ocrx_word' id='word_1_677' title='bbox 1999 3254 2133 3327; x_wconf 65' lang='lat' dir='ltr'><strong>maris</strong></span> <span class='ocrx_word' id='word_1_678' title='bbox 2145 3265 2209 3313; x_wconf 87' lang='lat' dir='ltr'><strong>ante</strong></span> 
     </span>
     <span class='ocr_line' id='line_1_93' title="bbox 1416 3337 2208 3417; baseline 0.015 -26"><span class='ocrx_word' id='word_1_679' title='bbox 1416 3347 1497 3391; x_wconf 84' lang='lat' dir='ltr'><strong>omne</strong></span> <span class='ocrx_word' id='word_1_680' title='bbox 1506 3345 1655 3407; x_wconf 85' lang='lat' dir='ltr'><strong>peceatum.</strong></span> <span class='ocrx_word' id='word_1_681' title='bbox 1668 3337 1831 3405; x_wconf 84' lang='lat' dir='ltr'><strong>tSextum,t</strong></span> <span class='ocrx_word' id='word_1_682' title='bbox 1845 3338 2110 3415; x_wconf 83' lang='lat' dir='ltr'><strong>lufautesauthuam</strong></span> <span class='ocrx_word' id='word_1_683' title='bbox 2120 3344 2208 3417; x_wconf 83' lang='lat' dir='ltr'><strong>ltapti-</strong></span> 
     </span>
     <span class='ocr_line' id='line_1_94' title="bbox 1414 3432 2208 3511; baseline 0.016 -30"><span class='ocrx_word' id='word_1_684' title='bbox 1414 3434 1529 3493; x_wconf 86' lang='lat' dir='ltr'><strong>retttnr,</strong></span> <span class='ocrx_word' id='word_1_685' title='bbox 1543 3436 1630 3484; x_wconf 82' lang='lat' dir='ltr'><strong>morte</strong></span> <span class='ocrx_word' id='word_1_686' title='bbox 1644 3438 1815 3501; x_wconf 76' lang='lat' dir='ltr'><strong>presentes,</strong></span> <span class='ocrx_word' id='word_1_687' title='bbox 1830 3432 1972 3503; x_wconf 82' lang='lat' dir='ltr'><strong>pervenire</strong></span> <span class='ocrx_word' id='word_1_688' title='bbox 1985 3436 2110 3505; x_wconf 75' lang='lat' dir='ltr'><strong>possent</strong></span> <span class='ocrx_word' id='word_1_689' title='bbox 2123 3438 2208 3511; x_wconf 64' lang='lat' dir='ltr'><strong>origi·</strong></span> 
     </span>
     <span class='ocr_line' id='line_1_95' title="bbox 1415 3516 2209 3602; baseline 0.011 -27"><span class='ocrx_word' id='word_1_690' title='bbox 1415 3516 1516 3575; x_wconf 73' lang='lat' dir='ltr'><strong>nliutn</strong></span> <span class='ocrx_word' id='word_1_691' title='bbox 1530 3518 1721 3591; x_wconf 71' lang='lat' dir='ltr'><strong>indulgentiam</strong></span> <span class='ocrx_word' id='word_1_692' title='bbox 1735 3529 1917 3592; x_wconf 84' lang='lat' dir='ltr'><strong>peccatorum.</strong></span> <span class='ocrx_word' id='word_1_693' title='bbox 1929 3542 1940 3579; x_wconf 88' lang='lat' dir='ltr'><strong>t</strong></span> <span class='ocrx_word' id='word_1_694' title='bbox 1950 3522 2110 3596; x_wconf 81' lang='lat' dir='ltr'><strong>Septimum,</strong></span> <span class='ocrx_word' id='word_1_695' title='bbox 2122 3528 2209 3602; x_wconf 76' lang='lat' dir='ltr'><strong>«Quas</strong></span> 
     </span>
     <span class='ocr_line' id='line_1_96' title="bbox 1415 3607 2201 3692; baseline 0.024 -29"><span class='ocrx_word' id='word_1_696' title='bbox 1415 3607 1543 3664; x_wconf 78' lang='lat' dir='ltr'><strong>Dnminus</strong></span> <span class='ocrx_word' id='word_1_697' title='bbox 1565 3609 1764 3682; x_wconf 80' lang='lat' dir='ltr'><strong>pradestinavit</strong></span> <span class='ocrx_word' id='word_1_698' title='bbox 1784 3612 1818 3671; x_wconf 84' lang='lat' dir='ltr'><strong>ad</strong></span> <span class='ocrx_word' id='word_1_699' title='bbox 1838 3614 2019 3688; x_wconf 76' lang='lat' dir='ltr'><strong>sapatum,</strong></span> <span class='ocrx_word' id='word_1_700' title='bbox 2034 3621 2201 3692; x_wconf 75' lang='lat' dir='ltr'><strong>prmlcstiaa·</strong></span> 
     </span>
     <span class='ocr_line' id='line_1_97' title="bbox 1415 3698 2208 3782; baseline 0.02 -27"><span class='ocrx_word' id='word_1_701' title='bbox 1415 3698 1481 3757; x_wconf 90' lang='lat' dir='ltr'><strong>tioni</strong></span> <span class='ocrx_word' id='word_1_702' title='bbox 1501 3699 1560 3772; x_wconf 82' lang='lat' dir='ltr'><strong>ejus</strong></span> <span class='ocrx_word' id='word_1_703' title='bbox 1580 3701 1646 3772; x_wconf 89' lang='lat' dir='ltr'><strong>cripi</strong></span> <span class='ocrx_word' id='word_1_704' title='bbox 1667 3716 1764 3774; x_wconf 86' lang='lat' dir='ltr'><strong>posse,</strong></span> <span class='ocrx_word' id='word_1_705' title='bbox 1777 3711 1880 3763; x_wconf 82' lang='lat' dir='ltr'><strong>etanta</strong></span> <span class='ocrx_word' id='word_1_706' title='bbox 1891 3705 2019 3782; x_wconf 70' lang='lat' dir='ltr'><strong>dduaqi,</strong></span> <span class='ocrx_word' id='word_1_707' title='bbox 2034 3726 2114 3781; x_wconf 86' lang='lat' dir='ltr'><strong>quant</strong></span> <span class='ocrx_word' id='word_1_708' title='bbox 2127 3714 2154 3770; x_wconf 87' lang='lat' dir='ltr'><strong>itt</strong></span> <span class='ocrx_word' id='word_1_709' title='bbox 2166 3717 2208 3772; x_wconf 86' lang='lat' dir='ltr'><strong>eit</strong></span> 
     </span>
     <span class='ocr_line' id='line_1_98' title="bbox 1416 3779 2287 3874; baseline 0.021 -31"><span class='ocrx_word' id='word_1_710' title='bbox 1416 3787 1495 3845; x_wconf 89' lang='lat' dir='ltr'><strong>fuerit</strong></span> <span class='ocrx_word' id='word_1_711' title='bbox 1517 3789 1587 3862; x_wconf 89' lang='lat' dir='ltr'><strong>qnod</strong></span> <span class='ocrx_word' id='word_1_712' title='bbox 1607 3791 1782 3864; x_wconf 85' lang='lat' dir='ltr'><strong>Omnipotens</strong></span> <span class='ocrx_word' id='word_1_713' title='bbox 1804 3795 2005 3867; x_wconf 68' lang='lat' dir='ltr'><strong>peremunt</strong></span> <span class='ocrx_word' id='word_1_714' title='bbox 2028 3799 2176 3874; x_wconf 72' lang='lat' dir='ltr'><strong>inplemtn.</strong></span> <span class='ocrx_word' id='word_1_715' title='bbox 2194 3824 2206 3858; x_wconf 83' lang='lat' dir='ltr'><strong>t</strong></span> <span class='ocrx_word' id='word_1_716' title='bbox 2284 3779 2287 3786; x_wconf 45' lang='grc'><em>’</em></span> 
     </span>
     <span class='ocr_line' id='line_1_99' title="bbox 1414 3880 2208 3962; baseline 0.02 -25"><span class='ocrx_word' id='word_1_717' title='bbox 1414 3880 1562 3948; x_wconf 83' lang='lat' dir='ltr'><strong>Octavum,</strong></span> <span class='ocrx_word' id='word_1_718' title='bbox 1580 3900 1590 3935; x_wconf 91' lang='lat' dir='ltr'><strong>t</strong></span> <span class='ocrx_word' id='word_1_719' title='bbox 1609 3883 1645 3939; x_wconf 82' lang='lat' dir='ltr'><strong>De</strong></span> <span class='ocrx_word' id='word_1_720' title='bbox 1656 3883 1854 3962; x_wconf 73' lang='lat' dir='ltr'><strong>ttttantiiancl</strong></span> <span class='ocrx_word' id='word_1_721' title='bbox 1864 3889 2020 3962; x_wconf 65' lang='grc' dir='ltr'>μιιιηιιιω</span> <span class='ocrx_word' id='word_1_722' title='bbox 2034 3905 2208 3954; x_wconf 75' lang='lat' dir='ltr'><strong>rearmatur</strong></span> 
     </span>
     <span class='ocr_line' id='line_1_100' title="bbox 1415 3974 2207 4056; baseline 0.024 -27"><span class='ocrx_word' id='word_1_723' title='bbox 1415 3975 1442 4030; x_wconf 91' lang='lat' dir='ltr'><strong>in</strong></span> <span class='ocrx_word' id='word_1_724' title='bbox 1465 3974 1592 4044; x_wconf 85' lang='lat' dir='ltr'><strong>Christo,</strong></span> <span class='ocrx_word' id='word_1_725' title='bbox 1618 3978 1819 4048; x_wconf 76' lang='lat' dir='ltr'><strong>preveniamur</strong></span> <span class='ocrx_word' id='word_1_726' title='bbox 1838 3978 1967 4050; x_wconf 79' lang='lat' dir='ltr'><strong>occidue,</strong></span> <span class='ocrx_word' id='word_1_727' title='bbox 1987 3985 2114 4056; x_wconf 89' lang='lat' dir='ltr'><strong>seriptum</strong></span> <span class='ocrx_word' id='word_1_728' title='bbox 2128 4003 2207 4055; x_wconf 83' lang='lat' dir='ltr'><strong>esse,</strong></span> 
     </span>
     <span class='ocr_line' id='line_1_101' title="bbox 1416 4063 2210 4137; baseline 0.018 -17"><span class='ocrx_word' id='word_1_729' title='bbox 1416 4063 1514 4137; x_wconf 82' lang='lat' dir='ltr'><strong>flaptua</strong></span> <span class='ocrx_word' id='word_1_730' title='bbox 1537 4075 1573 4121; x_wconf 79' lang='lat' dir='ltr'><strong>att</strong></span> <span class='ocrx_word' id='word_1_731' title='bbox 1596 4081 1628 4121; x_wconf 86' lang='lat' dir='ltr'><strong>ne</strong></span> <span class='ocrx_word' id='word_1_732' title='bbox 1647 4064 1867 4127; x_wconf 68' lang='lat' dir='ltr'><strong>mutilaverant</strong></span> <span class='ocrx_word' id='word_1_733' title='bbox 1879 4071 2033 4130; x_wconf 68' lang='lat' dir='ltr'><strong>metente</strong></span> <span class='ocrx_word' id='word_1_734' title='bbox 2045 4076 2138 4133; x_wconf 74' lang='lat' dir='ltr'><strong>imas.-</strong></span> <span class='ocrx_word' id='word_1_735' title='bbox 2154 4097 2166 4132; x_wconf 79' lang='grc' dir='ltr'><strong>ι</strong></span> <span class='ocrx_word' id='word_1_736' title='bbox 2181 4090 2210 4136; x_wconf 90' lang='lat' dir='ltr'><strong>et</strong></span> 
     </span>
     <span class='ocr_line' id='line_1_102' title="bbox 1414 4156 2209 4246; baseline 0.021 -37"><span class='ocrx_word' id='word_1_737' title='bbox 1414 4164 1525 4246; x_wconf 74' lang='lat' dir='ltr'><strong>caeterea</strong></span> <span class='ocrx_word' id='word_1_738' title='bbox 1546 4172 1606 4228; x_wconf 82' lang='lat' dir='ltr'><strong>quae</strong></span> <span class='ocrx_word' id='word_1_739' title='bbox 1628 4156 1655 4212; x_wconf 92' lang='lat' dir='ltr'><strong>itt</strong></span> <span class='ocrx_word' id='word_1_740' title='bbox 1679 4173 1738 4214; x_wconf 88' lang='lat' dir='ltr'><strong>earn</strong></span> <span class='ocrx_word' id='word_1_741' title='bbox 1760 4158 1920 4218; x_wconf 82' lang='lat' dir='ltr'><strong>sententiam</strong></span> <span class='ocrx_word' id='word_1_742' title='bbox 1941 4162 1969 4219; x_wconf 91' lang='lat' dir='ltr'><strong>in</strong></span> <span class='ocrx_word' id='word_1_743' title='bbox 1983 4164 2209 4237; x_wconf 76' lang='lat' dir='ltr'><strong>Sapientialiltro</strong></span> 
     </span>
     <span class='ocr_line' id='line_1_103' title="bbox 1415 4244 2207 4320; baseline 0.027 -22"><span class='ocrx_word' id='word_1_744' title='bbox 1415 4244 1548 4315; x_wconf 78' lang='lat' dir='ltr'><strong>leguntur.</strong></span> <span class='ocrx_word' id='word_1_745' title='bbox 1572 4245 1692 4313; x_wconf 88' lang='lat' dir='ltr'><strong>Nonum,</strong></span> <span class='ocrx_word' id='word_1_746' title='bbox 1719 4249 1856 4320; x_wconf 77' lang='lat' dir='ltr'><strong>tanquan</strong></span> <span class='ocrx_word' id='word_1_747' title='bbox 1881 4254 2033 4311; x_wconf 86' lang='lat' dir='ltr'><strong>mansiones</strong></span> <span class='ocrx_word' id='word_1_748' title='bbox 2057 4272 2119 4315; x_wconf 84' lang='lat' dir='ltr'><strong>esse</strong></span> <span class='ocrx_word' id='word_1_749' title='bbox 2133 4271 2207 4319; x_wconf 82' lang='lat' dir='ltr'><strong>extra</strong></span> 
     </span>
     <span class='ocr_line' id='line_1_104' title="bbox 1415 4338 2208 4411; baseline 0.024 -21"><span class='ocrx_word' id='word_1_750' title='bbox 1415 4351 1526 4407; x_wconf 79' lang='lat' dir='ltr'><strong>regnum</strong></span> <span class='ocrx_word' id='word_1_751' title='bbox 1539 4338 1600 4402; x_wconf 85' lang='lat' dir='ltr'><strong>[tei.</strong></span> <span class='ocrx_word' id='word_1_752' title='bbox 1615 4354 1707 4394; x_wconf 86' lang='lat' dir='ltr'><strong>earum</strong></span> <span class='ocrx_word' id='word_1_753' title='bbox 1721 4355 1787 4411; x_wconf 90' lang='lat' dir='ltr'><strong>quas</strong></span> <span class='ocrx_word' id='word_1_754' title='bbox 1801 4340 1929 4398; x_wconf 81' lang='lat' dir='ltr'><strong>liorninus</strong></span> <span class='ocrx_word' id='word_1_755' title='bbox 1941 4347 2077 4403; x_wconf 81' lang='lat' dir='ltr'><strong>essedixit</strong></span> <span class='ocrx_word' id='word_1_756' title='bbox 2089 4350 2115 4404; x_wconf 93' lang='lat' dir='ltr'><strong>in</strong></span> <span class='ocrx_word' id='word_1_757' title='bbox 2126 4350 2208 4409; x_wconf 81' lang='lat' dir='ltr'><strong>damu</strong></span> 
     </span>
     <span class='ocr_line' id='line_1_105' title="bbox 1415 4425 2208 4500; baseline 0.028 -21"><span class='ocrx_word' id='word_1_758' title='bbox 1415 4425 1501 4482; x_wconf 86' lang='lat' dir='ltr'><strong>Patris</strong></span> <span class='ocrx_word' id='word_1_759' title='bbox 1515 4428 1566 4484; x_wconf 90' lang='lat' dir='ltr'><strong>sui.</strong></span> <span class='ocrx_word' id='word_1_760' title='bbox 1586 4447 1595 4481; x_wconf 92' lang='lat' dir='ltr'><strong>t</strong></span> <span class='ocrx_word' id='word_1_761' title='bbox 1609 4429 1745 4484; x_wconf 82' lang='lat' dir='ltr'><strong>Decimum</strong></span> <span class='ocrx_word' id='word_1_762' title='bbox 1759 4442 1819 4499; x_wconf 86' lang='lat' dir='ltr'><strong>est,</strong></span> <span class='ocrx_word' id='word_1_763' title='bbox 1838 4451 1847 4484; x_wconf 88' lang='lat' dir='ltr'><strong>t</strong></span> <span class='ocrx_word' id='word_1_764' title='bbox 1863 4431 2030 4491; x_wconf 86' lang='lat' dir='ltr'><strong>Sacrificium</strong></span> <span class='ocrx_word' id='word_1_765' title='bbox 2044 4435 2208 4500; x_wconf 65' lang='lat' dir='ltr'><strong>ciendam·</strong></span> 
     </span>
     <span class='ocr_line' id='line_1_106' title="bbox 1415 4522 2208 4597; baseline 0.019 -23"><span class='ocrx_word' id='word_1_766' title='bbox 1415 4536 1475 4575; x_wconf 90' lang='lat' dir='ltr'><strong>rutn</strong></span> <span class='ocrx_word' id='word_1_767' title='bbox 1495 4535 1544 4590; x_wconf 89' lang='lat' dir='ltr'><strong>pro</strong></span> <span class='ocrx_word' id='word_1_768' title='bbox 1557 4522 1596 4576; x_wconf 89' lang='lat' dir='ltr'><strong>eis</strong></span> <span class='ocrx_word' id='word_1_769' title='bbox 1609 4522 1653 4590; x_wconf 88' lang='lat' dir='ltr'><strong>qui</strong></span> <span class='ocrx_word' id='word_1_770' title='bbox 1667 4538 1720 4577; x_wconf 93' lang='lat' dir='ltr'><strong>non</strong></span> <span class='ocrx_word' id='word_1_771' title='bbox 1735 4524 1859 4594; x_wconf 82' lang='lat' dir='ltr'><strong>baptizati</strong></span> <span class='ocrx_word' id='word_1_772' title='bbox 1873 4524 1908 4581; x_wconf 90' lang='lat' dir='ltr'><strong>de</strong></span> <span class='ocrx_word' id='word_1_773' title='bbox 1918 4541 2031 4597; x_wconf 88' lang='lat' dir='ltr'><strong>corpore</strong></span> <span class='ocrx_word' id='word_1_774' title='bbox 2042 4529 2157 4588; x_wconf 84' lang='lat' dir='ltr'><strong>exierint</strong></span> <span class='ocrx_word' id='word_1_775' title='bbox 2168 4535 2208 4588; x_wconf 89' lang='lat' dir='ltr'><strong>ol·</strong></span> 
     </span>
     <span class='ocr_line' id='line_1_107' title="bbox 1416 4611 2208 4693; baseline 0.025 -30"><span class='ocrx_word' id='word_1_776' title='bbox 1416 4611 1563 4666; x_wconf 87' lang='lat' dir='ltr'><strong>ferendum.</strong></span> <span class='ocrx_word' id='word_1_777' title='bbox 1587 4630 1597 4664; x_wconf 95' lang='lat' dir='ltr'><strong>t</strong></span> <span class='ocrx_word' id='word_1_778' title='bbox 1622 4613 1812 4681; x_wconf 89' lang='lat' dir='ltr'><strong>Undecimum,</strong></span> <span class='ocrx_word' id='word_1_779' title='bbox 1831 4635 1842 4669; x_wconf 85' lang='lat' dir='ltr'><strong>t</strong></span> <span class='ocrx_word' id='word_1_780' title='bbox 1858 4615 1968 4688; x_wconf 79' lang='lat' dir='ltr'><strong>Aliquos</strong></span> <span class='ocrx_word' id='word_1_781' title='bbox 1982 4634 2075 4677; x_wconf 88' lang='lat' dir='ltr'><strong>eorum</strong></span> <span class='ocrx_word' id='word_1_782' title='bbox 2089 4626 2132 4693; x_wconf 89' lang='lat' dir='ltr'><strong>qui</strong></span> <span class='ocrx_word' id='word_1_783' title='bbox 2147 4620 2208 4683; x_wconf 85' lang='lat' dir='ltr'><strong>sine</strong></span> 
     </span>
     <span class='ocr_line' id='line_1_108' title="bbox 1415 4705 2280 4779; baseline 0.018 -22"><span class='ocrx_word' id='word_1_784' title='bbox 1415 4705 1550 4775; x_wconf 88' lang='lat' dir='ltr'><strong>Bapt&#39;smo</strong></span> <span class='ocrx_word' id='word_1_785' title='bbox 1572 4705 1669 4759; x_wconf 81' lang='lat' dir='ltr'><strong>Christi</strong></span> <span class='ocrx_word' id='word_1_786' title='bbox 1690 4722 1722 4759; x_wconf 87' lang='lat' dir='ltr'><strong>ex</strong></span> <span class='ocrx_word' id='word_1_787' title='bbox 1744 4705 1794 4761; x_wconf 89' lang='lat' dir='ltr'><strong>ltac</strong></span> <span class='ocrx_word' id='word_1_788' title='bbox 1809 4709 1861 4762; x_wconf 88' lang='lat' dir='ltr'><strong>rita</strong></span> <span class='ocrx_word' id='word_1_789' title='bbox 1876 4709 2084 4779; x_wconf 66' lang='lat' dir='ltr'><strong>emigraverint,</strong></span> <span class='ocrx_word' id='word_1_790' title='bbox 2100 4714 2206 4773; x_wconf 91' lang='lat' dir='ltr'><strong>interim</strong></span> <span class='ocrx_word' id='word_1_791' title='bbox 2277 4750 2280 4757; x_wconf 83' lang='lat'>·</span> 
     </span>
     <span class='ocr_line' id='line_1_109' title="bbox 1416 4795 2203 4874; baseline 0.019 -27"><span class='ocrx_word' id='word_1_792' title='bbox 1416 4809 1468 4847; x_wconf 93' lang='lat' dir='ltr'><strong>non</strong></span> <span class='ocrx_word' id='word_1_793' title='bbox 1488 4798 1527 4848; x_wconf 90' lang='lat' dir='ltr'><strong>ire</strong></span> <span class='ocrx_word' id='word_1_794' title='bbox 1542 4795 1567 4847; x_wconf 93' lang='lat' dir='ltr'><strong>in</strong></span> <span class='ocrx_word' id='word_1_795' title='bbox 1585 4811 1711 4863; x_wconf 82' lang='lat' dir='ltr'><strong>regnum,</strong></span> <span class='ocrx_word' id='word_1_796' title='bbox 1727 4796 1774 4851; x_wconf 91' lang='lat' dir='ltr'><strong>sed</strong></span> <span class='ocrx_word' id='word_1_797' title='bbox 1789 4796 1815 4850; x_wconf 95' lang='lat' dir='ltr'><strong>in</strong></span> <span class='ocrx_word' id='word_1_798' title='bbox 1830 4799 1980 4867; x_wconf 81' lang='lat' dir='ltr'><strong>paradisum</strong></span> <span class='ocrx_word' id='word_1_799' title='bbox 1995 4816 2003 4864; x_wconf 85' lang='lat'><strong>;</strong></span> <span class='ocrx_word' id='word_1_800' title='bbox 2018 4812 2110 4871; x_wconf 88' lang='lat' dir='ltr'><strong>postca</strong></span> <span class='ocrx_word' id='word_1_801' title='bbox 2123 4823 2203 4874; x_wconf 86' lang='lat' dir='ltr'><strong>veru,</strong></span> 
     </span>
     <span class='ocr_line' id='line_1_110' title="bbox 1416 4886 2207 4963; baseline 0.016 -23"><span class='ocrx_word' id='word_1_802' title='bbox 1416 4887 1441 4940; x_wconf 90' lang='lat' dir='ltr'><strong>in</strong></span> <span class='ocrx_word' id='word_1_803' title='bbox 1457 4886 1651 4940; x_wconf 82' lang='lat' dir='ltr'><strong>resurreetione</strong></span> <span class='ocrx_word' id='word_1_804' title='bbox 1665 4897 1839 4955; x_wconf 88' lang='lat' dir='ltr'><strong>mortuorum,</strong></span> <span class='ocrx_word' id='word_1_805' title='bbox 1855 4888 1934 4944; x_wconf 91' lang='lat' dir='ltr'><strong>etiam</strong></span> <span class='ocrx_word' id='word_1_806' title='bbox 1948 4890 1980 4945; x_wconf 87' lang='lat' dir='ltr'><strong>ad</strong></span> <span class='ocrx_word' id='word_1_807' title='bbox 1992 4895 2066 4963; x_wconf 73' lang='lat' dir='ltr'><strong>regni</strong></span> <span class='ocrx_word' id='word_1_808' title='bbox 2076 4896 2207 4954; x_wconf 83' lang='lat' dir='ltr'><strong>coetu-otu</strong></span> 
     </span>
     <span class='ocr_line' id='line_1_111' title="bbox 1415 4976 1793 5046; baseline 0 -16"><span class='ocrx_word' id='word_1_809' title='bbox 1415 4976 1603 5030; x_wconf 87' lang='lat' dir='ltr'><strong>beatitudinem</strong></span> <span class='ocrx_word' id='word_1_810' title='bbox 1619 4976 1766 5046; x_wconf 91' lang='lat' dir='ltr'><strong>pervenire.</strong></span> <span class='ocrx_word' id='word_1_811' title='bbox 1783 4996 1793 5030; x_wconf 91' lang='lat' dir='ltr'><strong>t</strong></span> 
     </span>
    </p>

    <p class='ocr_par' dir='ltr' id='par_1_15' title="bbox 1414 5067 2209 6332">
     <span class='ocr_line' id='line_1_112' title="bbox 1449 5067 2208 5150; baseline 0.011 -30"><span class='ocrx_word' id='word_1_812' title='bbox 1449 5067 1494 5121; x_wconf 68' lang='lat'><strong>23.</strong></span> <span class='ocrx_word' id='word_1_813' title='bbox 1523 5067 1584 5120; x_wconf 74' lang='lat' dir='ltr'><strong>ilaue</strong></span> <span class='ocrx_word' id='word_1_814' title='bbox 1605 5067 1710 5121; x_wconf 89' lang='lat' dir='ltr'><strong>interint</strong></span> <span class='ocrx_word' id='word_1_815' title='bbox 1725 5068 1848 5124; x_wconf 89' lang='lat' dir='ltr'><strong>undecim</strong></span> <span class='ocrx_word' id='word_1_816' title='bbox 1862 5071 1974 5128; x_wconf 90' lang='lat' dir='ltr'><strong>multum</strong></span> <span class='ocrx_word' id='word_1_817' title='bbox 1987 5086 2130 5148; x_wconf 83' lang='lat' dir='ltr'><strong>aperteque</strong></span> <span class='ocrx_word' id='word_1_818' title='bbox 2144 5094 2208 5150; x_wconf 87' lang='lat' dir='ltr'><strong>per.</strong></span> 
     </span>
     <span class='ocr_line' id='line_1_113' title="bbox 1415 5158 2208 5236; baseline 0.019 -23"><span class='ocrx_word' id='word_1_819' title='bbox 1415 5175 1509 5225; x_wconf 89' lang='lat' dir='ltr'><strong>versa,</strong></span> <span class='ocrx_word' id='word_1_820' title='bbox 1525 5168 1552 5214; x_wconf 91' lang='lat' dir='ltr'><strong>et</strong></span> <span class='ocrx_word' id='word_1_821' title='bbox 1567 5158 1627 5212; x_wconf 88' lang='lat' dir='ltr'><strong>ftdci</strong></span> <span class='ocrx_word' id='word_1_822' title='bbox 1638 5159 1774 5215; x_wconf 73' lang='lat' dir='ltr'><strong>catholicae</strong></span> <span class='ocrx_word' id='word_1_823' title='bbox 1785 5161 1914 5228; x_wconf 87' lang='lat' dir='ltr'><strong>adversa,</strong></span> <span class='ocrx_word' id='word_1_824' title='bbox 1925 5179 1994 5219; x_wconf 90' lang='lat' dir='ltr'><strong>nunc</strong></span> <span class='ocrx_word' id='word_1_825' title='bbox 2002 5169 2056 5236; x_wconf 84' lang='lat' dir='ltr'><strong>jaut</strong></span> <span class='ocrx_word' id='word_1_826' title='bbox 2068 5171 2132 5226; x_wconf 93' lang='lat' dir='ltr'><strong>niltil</strong></span> <span class='ocrx_word' id='word_1_827' title='bbox 2142 5187 2208 5228; x_wconf 75' lang='grc' dir='ltr'>οιιιι·</span> 
     </span>
     <span class='ocr_line' id='line_1_114' title="bbox 1414 5252 2206 5330; baseline 0.011 -23"><span class='ocrx_word' id='word_1_828' title='bbox 1414 5252 1496 5307; x_wconf 88' lang='lat' dir='ltr'><strong>cteris</strong></span> <span class='ocrx_word' id='word_1_829' title='bbox 1518 5252 1665 5319; x_wconf 89' lang='lat' dir='ltr'><strong>exstirpare</strong></span> <span class='ocrx_word' id='word_1_830' title='bbox 1687 5259 1766 5322; x_wconf 88' lang='lat' dir='ltr'><strong>atquc</strong></span> <span class='ocrx_word' id='word_1_831' title='bbox 1780 5252 1895 5322; x_wconf 82' lang='lat' dir='ltr'><strong>altjicere</strong></span> <span class='ocrx_word' id='word_1_832' title='bbox 1907 5255 1941 5311; x_wconf 89' lang='lat' dir='ltr'><strong>alt</strong></span> <span class='ocrx_word' id='word_1_833' title='bbox 1952 5254 2059 5328; x_wconf 86' lang='lat' dir='ltr'><strong>animo,</strong></span> <span class='ocrx_word' id='word_1_834' title='bbox 2074 5276 2089 5313; x_wconf 89' lang='lat' dir='ltr'><strong>a</strong></span> <span class='ocrx_word' id='word_1_835' title='bbox 2105 5261 2206 5330; x_wconf 82' lang='lat' dir='ltr'><strong>terito,</strong></span> 
     </span>
     <span class='ocr_line' id='line_1_115' title="bbox 1415 5343 2207 5410; baseline 0.018 -14"><span class='ocrx_word' id='word_1_836' title='bbox 1415 5343 1449 5398; x_wconf 89' lang='lat' dir='ltr'><strong>ab</strong></span> <span class='ocrx_word' id='word_1_837' title='bbox 1466 5343 1527 5398; x_wconf 90' lang='lat' dir='ltr'><strong>stilo</strong></span> <span class='ocrx_word' id='word_1_838' title='bbox 1546 5351 1609 5409; x_wconf 88' lang='lat' dir='ltr'><strong>tu0;</strong></span> <span class='ocrx_word' id='word_1_839' title='bbox 1623 5345 1645 5397; x_wconf 90' lang='lat' dir='ltr'><strong>si</strong></span> <span class='ocrx_word' id='word_1_840' title='bbox 1658 5345 1697 5400; x_wconf 90' lang='lat' dir='ltr'><strong>vis</strong></span> <span class='ocrx_word' id='word_1_841' title='bbox 1713 5355 1741 5398; x_wconf 91' lang='lat' dir='ltr'><strong>ut</strong></span> <span class='ocrx_word' id='word_1_842' title='bbox 1755 5356 1789 5409; x_wconf 86' lang='lat' dir='ltr'><strong>te,</strong></span> <span class='ocrx_word' id='word_1_843' title='bbox 1800 5361 1853 5401; x_wconf 91' lang='lat' dir='ltr'><strong>non</strong></span> <span class='ocrx_word' id='word_1_844' title='bbox 1868 5348 1953 5402; x_wconf 90' lang='lat' dir='ltr'><strong>solnm</strong></span> <span class='ocrx_word' id='word_1_845' title='bbox 1966 5350 1998 5404; x_wconf 92' lang='lat' dir='ltr'><strong>ad</strong></span> <span class='ocrx_word' id='word_1_846' title='bbox 2012 5351 2103 5406; x_wconf 84' lang='lat' dir='ltr'><strong>altaria</strong></span> <span class='ocrx_word' id='word_1_847' title='bbox 2119 5363 2207 5410; x_wconf 79' lang='lat' dir='ltr'><strong>trans-</strong></span> 
     </span>
     <span class='ocr_line' id='line_1_116' title="bbox 1416 5433 2203 5510; baseline 0.017 -24"><span class='ocrx_word' id='word_1_848' title='bbox 1416 5434 1468 5487; x_wconf 87' lang='lat' dir='ltr'><strong>isse</strong></span> <span class='ocrx_word' id='word_1_849' title='bbox 1482 5433 1629 5498; x_wconf 80' lang='lat' dir='ltr'><strong>catholica,</strong></span> <span class='ocrx_word' id='word_1_850' title='bbox 1657 5435 1704 5488; x_wconf 84' lang='lat' dir='ltr'><strong>sed</strong></span> <span class='ocrx_word' id='word_1_851' title='bbox 1717 5450 1779 5490; x_wconf 88' lang='lat' dir='ltr'><strong>vere</strong></span> <span class='ocrx_word' id='word_1_852' title='bbox 1791 5436 1949 5492; x_wconf 73' lang='lat' dir='ltr'><strong>catharticum</strong></span> <span class='ocrx_word' id='word_1_853' title='bbox 1963 5455 2022 5494; x_wconf 87' lang='lat' dir='ltr'><strong>esse</strong></span> <span class='ocrx_word' id='word_1_854' title='bbox 2031 5442 2203 5510; x_wconf 73' lang='lat' dir='ltr'><strong>gaudeamus.</strong></span> 
     </span>
     <span class='ocr_line' id='line_1_117' title="bbox 1415 5525 2205 5601; baseline 0.015 -22"><span class='ocrx_word' id='word_1_855' title='bbox 1415 5525 1481 5580; x_wconf 88' lang='lat' dir='ltr'><strong>Nam</strong></span> <span class='ocrx_word' id='word_1_856' title='bbox 1503 5525 1560 5580; x_wconf 81' lang='lat' dir='ltr'><strong>hacc</strong></span> <span class='ocrx_word' id='word_1_857' title='bbox 1581 5528 1603 5580; x_wconf 90' lang='lat' dir='ltr'><strong>si</strong></span> <span class='ocrx_word' id='word_1_858' title='bbox 1628 5526 1796 5595; x_wconf 90' lang='lat' dir='ltr'><strong>pertinaciter</strong></span> <span class='ocrx_word' id='word_1_859' title='bbox 1818 5528 1920 5598; x_wconf 79' lang='lat' dir='ltr'><strong>singula</strong></span> <span class='ocrx_word' id='word_1_860' title='bbox 1943 5530 2138 5601; x_wconf 89' lang='lat' dir='ltr'><strong>defctnlautur,</strong></span> <span class='ocrx_word' id='word_1_861' title='bbox 2165 5544 2205 5594; x_wconf 90' lang='lat' dir='ltr'><strong>tut</strong></span> 
     </span>
     <span class='ocr_line' id='line_1_118' title="bbox 1416 5615 2205 5688; baseline 0.016 -18"><span class='ocrx_word' id='word_1_862' title='bbox 1416 5615 1532 5670; x_wconf 87' lang='lat' dir='ltr'><strong>ltacrcses</strong></span> <span class='ocrx_word' id='word_1_863' title='bbox 1554 5615 1639 5670; x_wconf 86' lang='lat' dir='ltr'><strong>fucere</strong></span> <span class='ocrx_word' id='word_1_864' title='bbox 1663 5626 1792 5686; x_wconf 85' lang='lat' dir='ltr'><strong>possunt,</strong></span> <span class='ocrx_word' id='word_1_865' title='bbox 1808 5629 1872 5688; x_wconf 90' lang='lat' dir='ltr'><strong>quot</strong></span> <span class='ocrx_word' id='word_1_866' title='bbox 1885 5620 2022 5688; x_wconf 84' lang='lat' dir='ltr'><strong>opiniones</strong></span> <span class='ocrx_word' id='word_1_867' title='bbox 2037 5637 2096 5679; x_wconf 86' lang='lat' dir='ltr'><strong>csse</strong></span> <span class='ocrx_word' id='word_1_868' title='bbox 2109 5641 2205 5683; x_wconf 90' lang='lat' dir='ltr'><strong>tunne-</strong></span> 
     </span>
     <span class='ocr_line' id='line_1_119' title="bbox 1416 5704 2205 5779; baseline 0.016 -19"><span class='ocrx_word' id='word_1_869' title='bbox 1416 5713 1517 5761; x_wconf 88' lang='lat' dir='ltr'><strong>rantur.</strong></span> <span class='ocrx_word' id='word_1_870' title='bbox 1540 5704 1668 5771; x_wconf 86' lang='lat' dir='ltr'><strong>Quocirca</strong></span> <span class='ocrx_word' id='word_1_871' title='bbox 1687 5707 1826 5762; x_wconf 87' lang='lat' dir='ltr'><strong>considera</strong></span> <span class='ocrx_word' id='word_1_872' title='bbox 1840 5750 1846 5771; x_wconf 89' lang='lat'>‚</span> <span class='ocrx_word' id='word_1_873' title='bbox 1860 5724 1938 5779; x_wconf 89' lang='lat' dir='ltr'><strong>quant</strong></span> <span class='ocrx_word' id='word_1_874' title='bbox 1953 5709 1987 5763; x_wconf 88' lang='lat' dir='ltr'><strong>sit</strong></span> <span class='ocrx_word' id='word_1_875' title='bbox 2002 5710 2161 5771; x_wconf 89' lang='lat' dir='ltr'><strong>ltorrendutn</strong></span> <span class='ocrx_word' id='word_1_876' title='bbox 2177 5727 2205 5774; x_wconf 90' lang='lat' dir='ltr'><strong>ut</strong></span> 
     </span>
     <span class='ocr_line' id='line_1_120' title="bbox 1416 5798 2207 5870; baseline 0.019 -17"><span class='ocrx_word' id='word_1_877' title='bbox 1416 5813 1510 5853; x_wconf 89' lang='lat' dir='ltr'><strong>omnes</strong></span> <span class='ocrx_word' id='word_1_878' title='bbox 1531 5798 1585 5852; x_wconf 90' lang='lat' dir='ltr'><strong>sint</strong></span> <span class='ocrx_word' id='word_1_879' title='bbox 1610 5798 1635 5852; x_wconf 90' lang='lat' dir='ltr'><strong>in</strong></span> <span class='ocrx_word' id='word_1_880' title='bbox 1656 5813 1708 5853; x_wconf 92' lang='lat' dir='ltr'><strong>uno</strong></span> <span class='ocrx_word' id='word_1_881' title='bbox 1729 5798 1852 5864; x_wconf 90' lang='lat' dir='ltr'><strong>ltomine,</strong></span> <span class='ocrx_word' id='word_1_882' title='bbox 1866 5815 1926 5870; x_wconf 71' lang='lat' dir='ltr'><strong>quac</strong></span> <span class='ocrx_word' id='word_1_883' title='bbox 1939 5800 2102 5860; x_wconf 80' lang='lat' dir='ltr'><strong>damnabiles</strong></span> <span class='ocrx_word' id='word_1_884' title='bbox 2115 5819 2207 5868; x_wconf 82' lang='lat' dir='ltr'><strong>essem</strong></span> 
     </span>
     <span class='ocr_line' id='line_1_121' title="bbox 1417 5889 2205 5962; baseline 0.02 -19"><span class='ocrx_word' id='word_1_885' title='bbox 1417 5890 1444 5944; x_wconf 92' lang='lat' dir='ltr'><strong>in</strong></span> <span class='ocrx_word' id='word_1_886' title='bbox 1465 5890 1575 5959; x_wconf 75' lang='lat' dir='ltr'><strong>singulis</strong></span> <span class='ocrx_word' id='word_1_887' title='bbox 1589 5891 1708 5959; x_wconf 78' lang='lat' dir='ltr'><strong>singulm.</strong></span> <span class='ocrx_word' id='word_1_888' title='bbox 1724 5889 1775 5946; x_wconf 89' lang='lat' dir='ltr'><strong>Sed</strong></span> <span class='ocrx_word' id='word_1_889' title='bbox 1798 5890 1819 5944; x_wconf 93' lang='lat' dir='ltr'><strong>si</strong></span> <span class='ocrx_word' id='word_1_890' title='bbox 1835 5899 1861 5945; x_wconf 92' lang='lat' dir='ltr'><strong>tu</strong></span> <span class='ocrx_word' id='word_1_891' title='bbox 1881 5908 1929 5962; x_wconf 88' lang='lat' dir='ltr'><strong>pro</strong></span> <span class='ocrx_word' id='word_1_892' title='bbox 1948 5894 1987 5950; x_wconf 91' lang='lat' dir='ltr'><strong>eis</strong></span> <span class='ocrx_word' id='word_1_893' title='bbox 2007 5897 2078 5953; x_wconf 90' lang='lat' dir='ltr'><strong>nulia</strong></span> <span class='ocrx_word' id='word_1_894' title='bbox 2091 5913 2205 5959; x_wconf 87' lang='lat' dir='ltr'><strong>conten·</strong></span> 
     </span>
     <span class='ocr_line' id='line_1_122' title="bbox 1417 5980 2208 6049; baseline 0.019 -15"><span class='ocrx_word' id='word_1_895' title='bbox 1417 5980 1488 6034; x_wconf 90' lang='lat' dir='ltr'><strong>tione</strong></span> <span class='ocrx_word' id='word_1_896' title='bbox 1510 5981 1686 6049; x_wconf 74' lang='lat' dir='ltr'><strong>pugnaueris,</strong></span> <span class='ocrx_word' id='word_1_897' title='bbox 1711 5980 1764 6034; x_wconf 92' lang='lat' dir='ltr'><strong>imo</strong></span> <span class='ocrx_word' id='word_1_898' title='bbox 1786 5995 1849 6035; x_wconf 88' lang='lat' dir='ltr'><strong>vero</strong></span> <span class='ocrx_word' id='word_1_899' title='bbox 1872 5996 1917 6037; x_wconf 86' lang='lat' dir='ltr'><strong>eas</strong></span> <span class='ocrx_word' id='word_1_900' title='bbox 1938 5981 2059 6042; x_wconf 77' lang='lat' dir='ltr'><strong>fidelibus</strong></span> <span class='ocrx_word' id='word_1_901' title='bbox 2080 5991 2167 6047; x_wconf 86' lang='lat' dir='ltr'><strong>veritis</strong></span> <span class='ocrx_word' id='word_1_902' title='bbox 2180 6005 2208 6048; x_wconf 86' lang='lat' dir='ltr'><strong>et</strong></span> 
     </span>
     <span class='ocr_line' id='line_1_123' title="bbox 1417 6072 2207 6141; baseline 0.013 -13"><span class='ocrx_word' id='word_1_903' title='bbox 1417 6073 1511 6128; x_wconf 90' lang='lat' dir='ltr'><strong>litteris</strong></span> <span class='ocrx_word' id='word_1_904' title='bbox 1534 6072 1745 6141; x_wconf 79' lang='lat' dir='ltr'><strong>expugnaret-is3</strong></span> <span class='ocrx_word' id='word_1_905' title='bbox 1773 6072 1929 6129; x_wconf 85' lang='lat' dir='ltr'><strong>landaitilinr</strong></span> <span class='ocrx_word' id='word_1_906' title='bbox 1952 6077 2006 6131; x_wconf 90' lang='lat' dir='ltr'><strong>eris</strong></span> <span class='ocrx_word' id='word_1_907' title='bbox 2027 6083 2166 6140; x_wconf 88' lang='lat' dir='ltr'><strong>censorin</strong></span> <span class='ocrx_word' id='word_1_908' title='bbox 2182 6093 2207 6139; x_wconf 91' lang='lat' dir='ltr'><strong>te</strong></span> 
     </span>
     <span class='ocr_line' id='line_1_124' title="bbox 1417 6164 2209 6244; baseline 0.018 -28"><span class='ocrx_word' id='word_1_909' title='bbox 1417 6166 1520 6232; x_wconf 91' lang='lat' dir='ltr'><strong>ipsunt,</strong></span> <span class='ocrx_word' id='word_1_910' title='bbox 1535 6165 1647 6233; x_wconf 87' lang='lat' dir='ltr'><strong>quamsi</strong></span> <span class='ocrx_word' id='word_1_911' title='bbox 1662 6164 1806 6232; x_wconf 91' lang='lat' dir='ltr'><strong>quentliltet</strong></span> <span class='ocrx_word' id='word_1_912' title='bbox 1821 6166 1899 6219; x_wconf 88' lang='lat' dir='ltr'><strong>aliunt</strong></span> <span class='ocrx_word' id='word_1_913' title='bbox 1916 6180 1987 6223; x_wconf 84' lang='lat' dir='ltr'><strong>recta</strong></span> <span class='ocrx_word' id='word_1_914' title='bbox 2003 6174 2104 6228; x_wconf 90' lang='lat' dir='ltr'><strong>ratione</strong></span> <span class='ocrx_word' id='word_1_915' title='bbox 2117 6190 2209 6244; x_wconf 84' lang='lat' dir='ltr'><strong>repre·</strong></span> 
     </span>
     <span class='ocr_line' id='line_1_125' title="bbox 1420 6254 2206 6332; baseline 0.015 -26"><span class='ocrx_word' id='word_1_916' title='bbox 1420 6254 1569 6319; x_wconf 75' lang='lat' dir='ltr'><strong>iren-icres3</strong></span> <span class='ocrx_word' id='word_1_917' title='bbox 1593 6262 1620 6308; x_wconf 91' lang='lat' dir='ltr'><strong>ct</strong></span> <span class='ocrx_word' id='word_1_918' title='bbox 1642 6255 1786 6310; x_wconf 90' lang='lat' dir='ltr'><strong>ntirattilior</strong></span> <span class='ocrx_word' id='word_1_919' title='bbox 1799 6272 1889 6312; x_wconf 91' lang='lat' dir='ltr'><strong>corum</strong></span> <span class='ocrx_word' id='word_1_920' title='bbox 1906 6260 2075 6324; x_wconf 73' lang='lat' dir='ltr'><strong>emendum,</strong></span> <span class='ocrx_word' id='word_1_921' title='bbox 2090 6276 2169 6332; x_wconf 87' lang='lat' dir='ltr'><strong>quam</strong></span> <span class='ocrx_word' id='word_1_922' title='bbox 2182 6265 2206 6318; x_wconf 84' lang='lat' dir='ltr'><strong>si</strong></span> 
     </span>
    </p>
   </div>
   <div class='ocr_carea' id='block_1_13' title="bbox 1869 6348 2067 6426">
    <p class='ocr_par' dir='ltr' id='par_1_16' title="bbox 1869 6348 2067 6426">
     <span class='ocr_line' id='line_1_126' title="bbox 1869 6348 2067 6426; baseline -0.005 -17"><span class='ocrx_word' id='word_1_923' title='bbox 1869 6348 2067 6426; x_wconf 68' lang='lat' dir='ltr'><strong>(Die-repnl</strong></span> 
     </span>
    </p>
   </div>
   <div class='ocr_carea' id='block_1_14' title="bbox 0 0 2813 7348">
    <p class='ocr_par' dir='ltr' id='par_1_17' title="bbox 0 0 2813 7348">
     <span class='ocr_line' id='line_1_127' title="bbox 0 0 2813 7348; baseline 0 0"><span class='ocrx_word' id='word_1_924' title='bbox 0 0 2813 7348; x_wconf 95' lang='lat' dir='ltr'><strong> </strong></span> 
     </span>
    </p>
   </div>
  </div>
 </body>
</html>
