5592 7350
564 901 627 972 *tid

578 1039 650 1086 certe
675 1030 762 1084 outttia
787 1027 887 1097 jtulleio
912 1026 955 1078 illo
985 1023 1168 1078 eutestasuru
1192 1018 1369 1073 urratheruati·

579 1129 654 1176 rame
663 1120 780 1189 Pelagio,
796 1116 968 1187 etepise«·1.is
996 1111 1251 1181 interlunia-ritihus,
1267 1118 1371 1163 constat

579 1227 637 1267 rese
651 1210 785 1266 dauurata.

613 1303 658 1359 ib.
676 1302 818 1356 llisautcru
832 1281 1034 1368 quumiouibus,
1049 1304 1075 1349 et
1094 1295 1203 1348 istarum
1224 1290 1370 1347 seutentia-

580 1411 637 1452 rum
653 1390 901 1450 contentiosissimis
922 1386 1115 1443 assertionibus
1140 1384 1195 1453 jam
1223 1396 1371 1451 usquequa·

579 1485 815 1557 preren-entibus,
829 1483 971 1536 multorum
987 1477 1099 1533 fratrum
1111 1475 1313 1546 perturbabatur
1329 1475 1371 1529 in·

580 1580 700 1635 tinnitus.
714 1576 790 1633 Unde
805 1574 890 1629 coacti
912 1587 1004 1627 sumus
1022 1570 1202 1625 sollicitudine
1213 1566 1369 1632 charitatis,

578 1687 656 1743 quam
670 1678 733 1742 erga
749 1668 895 1724 Ecclesiam
910 1664 1009 1721 Christi
1025 1678 1071 1735 per
1088 1662 1200 1734 gratiam
1211 1660 1310 1718 Christi
1323 1674 1372 1715 nos

580 1764 677 1821 habere
688 1760 822 1824 conuenit,
839 1758 962 1815 etiamad
976 1757 1060 1811 beate
1085 1754 1221 1810 memori-e
1242 1751 1372 1808 hiarcelll·

582 1871 662 1922 nour,
678 1854 722 1925 qui
748 1865 795 1907 eos
821 1848 939 1921 orrotidie
960 1847 1142 1916 disputatores
1170 1840 1372 1899 maturissimos

582 1944 740 2016 patiebatur,
751 1952 779 2001 et
791 1959 833 1998 me
848 1958 894 2012 per
906 1941 1006 1995 litteras
1024 1935 1190 2001 consulebat,
1210 1934 1244 1990 de
1264 1933 1373 2005 quibus·

579 2039 639 2092 dam
659 2030 979 2104 istarumque-„eutonium
1002 2029 1136 2095 scrihere,
1154 2035 1182 2083 et
1200 2025 1315 2081 maxime
1338 2023 1373 2080 dc

581 2128 716 2198 baptismo
728 2126 899 2196 paruulorum
909 2140 915 2174 :
926 2122 959 2177 dc
968 2135 1022 2191 quo
1032 2117 1112 2175 etiam
1128 2129 1231 2190 postea,
1241 2124 1267 2172 te
1278 2114 1373 2186 juben·

580 2234 615 2284 te,
630 2220 656 2274 iu
673 2217 780 2272 basilica
790 2214 919 2285 llajurum
933 2214 953 2280 ¹,
969 2220 1077 2281 gestans
1090 2224 1196 2280 quoquc
1209 2207 1235 2262 in
1249 2193 1372 2262 manibus

579 2309 717 2381 epistolam
730 2304 915 2379 gloriosissimi
929 2301 1055 2374 martyris
1068 2298 1208 2373 Cypriani,
1231 2304 1258 2353 et
1272 2296 1308 2352 de
1323 2296 1373 2352 bac

580 2420 608 2455 re
619 2400 699 2457 rcrha
711 2400 768 2468 eius
783 2397 900 2453 recitans
913 2404 992 2465 atque
1004 2399 1180 2463 pertractans,
1195 2400 1225 2445 ιιι
1235 2405 1310 2445 error
1323 2388 1374 2444 istc

581 2491 697 2547 :zelarius
710 2488 743 2544 de
753 2487 929 2559 qrrrrrumdam
943 2484 1071 2540 cordibus
1084 2483 1252 2549 auferretur,
1278 2480 1374 2551 quibus

582 2595 709 2651 persuasa
723 2579 825 2635 lucrant
842 2594 901 2648 utrae
917 2576 943 2631 iu
958 2576 1000 2631 bis
1013 2576 1096 2647 gestis
1106 2573 1372 2636 rideurusdamnata,

580 2672 685 2744 :reliutus
710 2670 876 2727 orationibus
896 2668 957 2730 tuis,
981 2674 1109 2738 quantum
1138 2664 1226 2734 potui,
1245 2662 1373 2717 laborari.

481 2752 483 2755 ¹
582 2763 643 2818 liae
653 2771 726 2825 suut,
740 2776 800 2832 qum
812 2743 946 2815 trornullis
956 2757 1096 2825 iratribus,
1117 2753 1226 2827 quidam
1238 2754 1298 2808 talia
1311 2767 1375 2808 sen·

583 2857 689 2923 tientes,
704 2854 740 2911 ita
753 2852 915 2925 persuadere
928 2851 1102 2914 conabantur,
1133 2858 1162 2903 ut
1186 2847 1220 2904 dc
1238 2847 1375 2903 orientali·

583 2951 631 3000 hus
645 2946 874 3001 coruurirmreutur
886 2943 1023 3006 Ecclesiis,
1032 2940 1103 3011 qnod
1114 2925 1162 2994 uisi
1174 2938 1232 2994 haec
1244 2947 1374 3004 tenerent,

584 3052 675 3090 erretur
686 3042 793 3104 possent
806 3032 906 3103 jrulicio
917 3031 1100 3086 eornlemuari.
1124 3030 1191 3084 Ecce
1215 3027 1377 3100 quatuorde-

584 3127 634 3180 eim
650 3124 783 3179 antistites
795 3120 933 3176 orientalis
946 3119 1075 3175 Ecclesia·
1089 3117 1144 3191 lta),
1157 3117 1184 3173 in
1198 3132 1228 3173 ea
1243 3127 1313 3172 terra
1334 3116 1376 3171 cui

585 3216 712 3271 Dominus
722 3216 890 3285 pausantium
905 3225 960 3267 sum
973 3212 1061 3266 caruis
1072 3213 1083 3243 ¹
1096 3210 1226 3275 exhibuit,
1242 3210 1376 3282 Pelagium

587 3324 639 3362 uon
652 3307 831 3370 absolverent,
844 3305 895 3358 uisi
908 3320 939 3358 ea
952 3315 1076 3374 tanquam
1102 3301 1160 3357 lidei
1174 3303 1311 3358 catholicae
1331 3301 1379 3357 ad·

585 3413 660 3455 tersa
676 3397 824 3452 tlatuuaret.
841 3394 928 3458 Unde,
942 3396 963 3450 si
980 3404 1119 3465 propterea
1135 3403 1176 3449 cst
1196 3394 1246 3449 istc
1268 3393 1377 3449 ahsolu-

586 3499 638 3554 tus,
654 3488 724 3559 qtrrrd
736 3488 1000 3542 anathematizaverit
1014 3486 1090 3550 talia;
1117 3484 1208 3554 procul
1229 3484 1311 3539 dubio
1334 3485 1378 3539 illa

587 3580 782 3635 datuuatasuut
793 3593 799 3628 ε
810 3577 879 3647 quod
894 3576 979 3630 rrrtdto
1002 3575 1162 3631 cumulatius
1177 3586 1255 3645 atque
1282 3574 1379 3630 clarius

588 3676 614 3729 in
628 3670 853 3742 cottserpreutihus
867 3668 1014 3739 apparebit.

620 3764 666 3819 att.
677 3761 752 3818 Unde
767 3777 837 3815 rrrrne
849 3759 959 3814 dnuilla
975 3758 1127 3820 rideamus,
1144 3773 1202 3828 quim
1216 3759 1300 3814 noluit
1316 3775 1380 3814 ana·

586 3855 760 3911 thematiture
774 3852 906 3922 Pelagius,
918 3851 962 3920 qui
978 3849 988 3881 ⁸
1001 3851 1080 3903 etiam
1093 3864 1140 3903 sua
1152 3864 1212 3904 essu
1234 3850 1357 3920 cognorit
1369 3866 1377 3916 ;

588 3945 634 4000 sed
649 3953 677 3999 ut
692 3941 767 4008 iilud,
781 3940 851 4012 qtrod
866 3940 892 3994 iu
916 3940 955 3994 cis
979 3937 1148 4002 suffundebat·
1169 3940 1302 4006 aulerret,
1315 3956 1383 4008 qrtrr·

587 4035 666 4090 ruodo
678 4049 709 4090 ea
722 4033 833 4088 sentiret
845 4031 977 4101 exposuit.
998 4049 1007 4082 ι
1025 4029 1106 4084 Posse
1118 4030 1236 4100 quidem,
1251 4046 1266 4083 ι
1284 4032 1378 4103 iniquit,

590 4144 602 4178 ι
620 4125 754 4179 bominem
766 4123 824 4178 sine
840 4131 949 4193 peccato
963 4135 1034 4187 esse,
1047 4120 1148 4174 dietum
1163 4131 1204 4175 est
1218 4123 1350 4192 superius.
1367 4142 1377 4174 ι

590 4221 693 4274 Dictum
705 4232 782 4276 saue.
806 4223 834 4270 et
858 4229 908 4270 uos
929 4214 1117 4269 meminimus:
1134 4212 1181 4269 sed
1196 4214 1256 4268 rdeo
1277 4216 1381 4286 mitiga-

589 4322 656 4377 tum,
669 4320 697 4365 ct
711 4307 868 4379 ajudicibus
884 4306 1072 4377 approbatum,
1094 4304 1163 4375 errrod
1178 4304 1266 4359 addita
1279 4315 1321 4361 est
1335 4307 1381 4360 Dei

588 4403 684 4474 gratia,
696 4417 755 4471 quae
766 4400 792 4456 in
809 4400 993 4470 illiseapitutts
1008 4398 1157 4453 tacebatur.
1173 4397 1212 4453 De
1227 4398 1278 4453 hoc
1291 4408 1380 4454 autem

490 4513 494 4522 ·
589 4499 672 4554 altero
683 4493 908 4568 queamdmodum
923 4489 1102 4562 responderit,
1116 4488 1382 4560 diligentiusintueu·

588 4592 651 4649 ilum
673 4602 725 4648 est.
739 4598 753 4643 ι
770 4590 806 4644 De
830 4589 875 4644 illo
889 4596 998 4653 autern,
1016 4604 1027 4641 r
1044 4585 1144 4656 inquit,
1162 4603 1172 4637 ι
1190 4584 1261 4656 quod
1286 4585 1383 4640 luerint

589 4694 651 4745 aute
660 4686 803 4741 adrentum
818 4683 921 4738 Domini
933 4678 1122 4739 hominessiuu
1135 4688 1256 4751 peceato,
1269 4679 1382 4735 dicimus

589 4787 616 4833 et
628 4791 678 4833 uos
692 4777 816 4846 quioniam
835 4782 896 4830 ante
908 4772 1052 4828 adrentum
1068 4771 1166 4828 Christi
1189 4771 1313 4827 riserunt
1324 4769 1384 4841 qrri·

492 4854 494 4860 ’
589 4869 648 4922 elam
663 4875 755 4922 sancte
769 4876 794 4921 et
807 4865 887 4936 juste,
898 4864 1045 4920 secuudum
1066 4872 1218 4919 sanctarum
1232 4861 1384 4934 Scriptura·

591 4975 649 5016 rum
665 4959 843 5014 traditionem.
863 4977 872 5010 ι
886 4957 943 5011 Νοιι
959 4965 1001 5012 est
1013 4971 1094 5010 ausus
1109 4955 1209 5018 dicere,
1222 4955 1341 5010 Dicimus
1356 4965 1383 5009 et

591 5065 639 5107 rios
650 5049 774 5122 quoniam
786 5056 847 5103 aute
858 5047 1000 5103 adrentum
1012 5045 1112 5101 Christi
1134 5047 1240 5102 luerunt
1260 5043 1384 5102 homines

590 5147 648 5200 siue
662 5149 786 5213 peceato:
799 5155 861 5194 cum
876 5139 927 5193 hoc
948 5139 985 5194 illi
1000 5137 1035 5193 de
1045 5137 1165 5194 Coelestii
1185 5137 1263 5192 dietis
1289 5136 1385 5193 luisset

590 5235 735 5305 objectum
752 5231 835 5288 sensit
844 5229 915 5285 euim
925 5244 1004 5299 quam
1017 5237 1088 5284 esset
1100 5228 1277 5299 periculosum
1291 5237 1318 5283 et
1331 5242 1385 5282 mo

592 5332 687 5386 testum
701 5346 708 5384 :
720 5324 766 5382 sed
780 5325 827 5392 alt,
846 5341 855 5375 ι
876 5322 992 5378 Dicimus
1007 5329 1034 5376 et
1046 5335 1095 5375 uos
1105 5319 1230 5391 quantiam
1249 5329 1311 5374 autc
1334 5319 1383 5375 atl-

593 5431 698 5476 reutum
717 5416 816 5474 Christi
839 5413 963 5469 riserunt
984 5409 1091 5481 quhlam
1110 5418 1201 5465 sancte
1223 5419 1250 5464 et
1274 5409 1380 5479 iuste.»

592 5512 717 5580 Quishoe
730 5506 885 5580 negaverit?
899 5504 951 5560 Sed
964 5501 1037 5557 aliud
1052 5514 1093 5558 est
1107 5501 1168 5569 boc,
1183 5511 1210 5558 et
1218 5500 1288 5556 aliud
1304 5500 1385 5556 luisse

593 5604 651 5659 siue
663 5608 796 5674 peccato:
813 5599 873 5668 quia
888 5606 915 5651 et
932 5594 970 5650 illi
995 5601 1086 5648 sancte
1098 5592 1220 5664 iusteque
1236 5591 1360 5648 virebant
1375 5633 1383 5656 ,

592 5695 636 5764 qui
649 5693 780 5748 ueraciter
794 5700 881 5744 tamen
896 5686 1030 5749 dicebaut,
1042 5682 1074 5740 st
1095 5683 1232 5739 dixerimus
1246 5684 1304 5755 graia
1328 5701 1385 5754 pec-

593 5797 736 5840 rutuuruou
747 5783 875 5843 iaciemus,
890 5781 994 5851 ipsium
1013 5776 1176 5842 seducimus,
1202 5785 1225 5830 et
1246 5777 1338 5830 ueritas
1359 5777 1385 5829 iu

594 5878 664 5934 uobis
677 5893 727 5932 nou
738 5885 774 5929 est
789 5874 816 5947 (l
829 5873 907 5928 loon.
925 5889 944 5935 r,
961 5871 999 5943 8).
1016 5870 1047 5925 Et
1061 5868 1140 5925 hodie
1155 5866 1229 5923 multi
1242 5867 1315 5937 iuste
1326 5882 1386 5920 sau-

625 5989 634 6022 ¹
651 5984 801 6037 Posteriores
813 5983 940 6042 editiones,
954 5977 1073 6044 stepelini.
1095 5984 1123 6029 Αι
1141 5978 1216 6043 prima
1236 5976 1310 6026 editio
1322 5974 1385 6026 tels.

593 6058 620 6102 ct
631 6056 765 6160 strarwcktm
775 6053 837 6105 uss,
851 6045 976 6108 italorum.
988 6043 1112 6093 ‹arriseutit
1124 6041 1248 6104 inscriptio
1259 6035 1323 6088 cltitt
1334 6051 1388 6087 ser-

594 6125 672 6165 mome
719 6143 742 6158 ,‚

628 6177 637 6206 ¹
653 6181 705 6222 tiss.
719 6178 782 6218 trinu.
798 6175 822 6217 et
833 6165 908 6224 teiln,
920 6165 1097 6216 itunrurtionis.

630 6237 639 6263 ³
655 6236 726 6282 tidem
737 6230 786 6276 duo
801 6235 853 6275 llus.
868 6235 893 6276 et
903 6238 979 6287 rtutr,
991 6227 1047 6289 prriu
1056 6227 1136 6278 ett'cm.

627 6300 664 6355 (ut
680 6303 766 6343 tiorum
781 6292 873 6341 rteruiua
895 6297 1009 6338 recenset
1022 6289 1168 6350 uugttstiuus
1185 6289 1208 6337 iu
1231 6284 1293 6336 libro
1304 6290 1388 6335 cuturn

596 6350 903 6422 mmmmmmhh
1148 6352 1152 6385 ἱ
1319 6368 1321 6373 =

1089 899 1131 961 oe
1151 904 1269 961 uraris
1289 891 1435 972 eunucu,
1455 904 1484 961 s.
1506 886 1689 964 incusatur

2079 944 2081 948 -
2158 893 2221 963 7356

1426 1030 1521 1090 cteque
1538 1020 1638 1076 rtrum.
1656 1034 1704 1073 nec
1727 1027 1815 1071 tarueu
1844 1018 1869 1071 iu
1893 1017 2014 1072 sortione
2037 1011 2215 1084 mentiuntur,

1425 1128 1485 1167 curu
1499 1111 1601 1175 dicunt,
1620 1112 1721 1165 Dimitte
1744 1110 1814 1164 nobis
1842 1109 1924 1164 dehita
1939 1118 2035 1173 uortra,
2050 1109 2114 1165 sicut
2129 1119 2153 1163 et
2168 1126 2215 1164 uos

1425 1206 1573 1259 dimittimus
1586 1204 1737 1259 debitoribus
1748 1203 1839 1257 uostris
1850 1200 1962 1274 (llutth.
1976 1217 2012 1266 rt,
2029 1200 2087 1271 li).
2104 1201 2160 1257 lloc
2173 1218 2218 1257 er·

1424 1297 1599 1369 gojudieihus
1611 1296 1716 1365 placuit,
1732 1294 1955 1365 quemadmodum
1971 1309 1999 1350 se
2020 1292 2113 1350 dicere
2140 1308 2218 1349 asse-

1425 1388 1526 1443 uerauit
1546 1387 1682 1458 Pelagius;
1711 1402 1764 1441 non
1790 1385 2013 1455 quemadmodum
2040 1384 2220 1455 objiciebatur

1424 1478 1524 1535 dixisse
1537 1480 1687 1535 Coelestius.
1705 1477 1780 1535 Nune
1802 1494 1834 1535 ea
1855 1495 1915 1550 que
1939 1488 2041 1534 restant
2068 1488 2218 1550 pertracte-

1424 1586 1495 1639 mus,
1509 1580 1538 1625 ιιι
1548 1585 1704 1642 possumus.

1460 1660 1572 1719 CAPUT
1585 1662 1641 1718 llll.
1657 1694 1691 1703 -
1703 1661 1748 1717 27.
1763 1659 1901 1732 Dhjectum
1915 1674 1955 1719 cst
1969 1660 2085 1734 Pelagio,
2099 1664 2170 1735 quod
2180 1664 2220 1719 di-

1424 1765 1508 1822 ceret,
1524 1774 1534 1808 ι
1553 1755 1700 1811 Ecclesiam
1723 1756 1765 1811 hic
1783 1769 1844 1811 esse
1867 1745 1925 1811 si'uc
1949 1756 2051 1811 macula
2067 1767 2094 1811 et
2112 1772 2189 1828 ruga.
2208 1775 2218 1809 r

1425 1846 1501 1903 lindc
1521 1847 1602 1903 etiam
1625 1846 1769 1902 Donatistae
1788 1846 1942 1902 diuturnum
1963 1846 2100 1902 nobiscum
2116 1846 2222 1905 habuc-

1425 1949 1488 1995 runt
1500 1940 1527 1995 in
1538 1948 1626 1997 nostra
1634 1939 1782 1995 Collatione
1792 1938 1960 2006 condictum
1975 1938 2022 1994 sed
2035 1939 2095 1995 illos
2104 1939 2140 1996 dc
2158 1956 2222 2012 per-

1425 2032 1553 2088 mixtione
1577 2030 1707 2088 malorum
1738 2030 1875 2086 bominum
1903 2039 2028 2102 unquam
2051 2031 2136 2102 paleae
2157 2048 2222 2089 curu

1425 2123 1576 2192 frumentis,
1588 2133 1696 2194 propter
1708 2137 1778 2179 areae
1790 2122 1990 2178 similitudinem
2002 2122 2090 2194 potius
2104 2124 2220 2195 urgeba-

1425 2232 1485 2274 mus
1496 2234 1504 2274 r
1515 2233 1566 2289 qua
1580 2215 1751 2271 similitudine
1764 2214 1844 2270 etiam
1865 2213 1923 2269 istis
1943 2210 2107 2284 respondere
2125 2228 2220 2284 possu-

1426 2324 1496 2376 mus,
1516 2311 1565 2364 nisi
1586 2308 1734 2364 Ecclesium
1757 2306 1784 2363 iu
1806 2307 1871 2362 solis
1889 2307 1966 2362 bonis
1986 2307 2085 2363 vellent
2106 2307 2221 2364 hirtassc

1427 2401 1547 2473 intelligi,
1560 2415 1626 2471 quos
1640 2400 1742 2456 nullum
1760 2399 1870 2455 ornuiuo
1892 2408 2018 2455 asserunt
2039 2399 2138 2456 habere
2156 2416 2221 2470 pec·

1426 2506 1525 2562 catum,
1536 2504 1566 2550 ut
1579 2495 1664 2566 possit
1677 2494 1796 2550 Ecclesia
1809 2492 1919 2549 bicesse
1929 2493 1987 2549 sine
2000 2493 2220 2564 maculaetrugu.

1427 2588 1537 2658 Quodsi
1552 2588 1587 2643 ita
1601 2598 1652 2652 est,
1667 2586 1760 2642 eadem
1776 2594 1869 2655 repeto
1878 2600 1939 2656 quac
1952 2584 2031 2655 paulo
2045 2592 2107 2642 ante
2117 2598 2220 2639 memo-

1428 2681 1503 2736 rari:
1518 2678 1657 2745 Quomodo
1681 2685 1744 2733 suut
1767 2675 1885 2731 membra
1905 2673 2042 2741 Ecclesia,
2067 2673 2221 2746 dequibus

1427 2785 1507 2826 verax
1522 2770 1619 2825 clamat
1634 2768 1781 2836 humilitas,
1803 2765 1833 2823 Si
1855 2766 1993 2822 districtus
2013 2766 2072 2837 puio
2091 2773 2222 2837 mustum

1428 2878 1478 2915 uon
1491 2860 1618 2925 habemus,
1630 2860 1680 2932 ipsi
1693 2875 1738 2914 uos
1750 2856 1903 2926 reducimus,
1916 2866 1939 2911 et
1949 2857 2039 2912 seritm
2050 2857 2077 2911 iu
2089 2856 2223 2912 nobismori

1428 2961 1464 3006 eu
1472 2967 1482 3017 ,·
1495 2950 1535 3005 rel
1549 2948 1682 3021 quomodo
1696 2947 1721 3003 id
1734 2946 1805 3018 quod
1815 2961 1873 3002 eam
1888 2946 2014 3001 mutnus
2023 2944 2123 3011 docuit,
2133 2945 2224 3001 orabit

1428 3042 1560 3108 Ecclesia,
1573 3040 1676 3095 Dimitte
1686 3038 1756 3096 uobis
1771 3039 1950 3094 deiitouostro
1963 3039 2008 3094 :si
2023 3038 2049 3093 ’tn
2064 3038 2115 3095 hoc
2123 3038 2223 3094 sarculo

1429 3142 1471 3189 est
1484 3133 1600 3189 Ecclesia
1615 3133 1672 3188 siue
1687 3131 1788 3187 macula
1798 3139 1826 3188 et
1837 3132 1918 3201 rugai
1932 3130 2071 3186 Postremo
2083 3130 2132 3201 ipsi
2149 3130 2225 3186 dese

1430 3225 1495 3296 ipsis
1506 3223 1685 3295 interrogandi
1705 3230 1776 3289 suut,
1792 3231 1879 3278 utrum
1893 3236 1978 3278 necue
1991 3219 2123 3277 iateautur
2135 3221 2224 3292 aliqua

1430 3315 1571 3371 scitabere
1586 3323 1703 3385 peccata.
1722 3313 1798 3383 Quod
1820 3313 1843 3369 si
1861 3312 2003 3383 negabant,
2020 3311 2161 3369 dicendum
2181 3322 2226 3368 est

1430 3408 1479 3475 eis,
1492 3408 1562 3479 qirod
1575 3424 1604 3463 se
1616 3407 1688 3479 ipsos
1701 3406 1843 3476 decipiant,
1859 3414 1885 3461 et
1906 3401 2004 3460 veritas
2017 3405 2044 3458 in
2056 3404 2096 3459 eis
2109 3418 2164 3459 aon
2177 3404 2225 3458 sit.

1431 3499 1463 3555 Si
1473 3508 1561 3553 autem
1577 3508 1713 3569 peccatum
1730 3512 1759 3552 se
1773 3495 1872 3552 hahere
1893 3494 2054 3560 fatebuntur,
2069 3493 2132 3564 quid
2151 3493 2225 3549 aliud

1431 3604 1509 3660 quam
1524 3587 1635 3659 deroga
1652 3604 1700 3643 sua
1719 3586 1761 3643 rel
1776 3584 1879 3642 macula
1901 3584 2068 3641 uuhuuturt
2085 3584 2144 3640 Non
2161 3594 2226 3640 suut

1431 3698 1494 3754 crgo
1504 3682 1548 3738 isti
1561 3681 1687 3737 Ecclesia
1701 3680 1837 3748 membra;
1850 3679 1912 3749 quia
1931 3678 1975 3734 illa
1991 3687 2034 3734 est
2049 3677 2107 3733 sine
2119 3677 2224 3733 macula

1431 3783 1459 3830 ct
1470 3788 1545 3844 ruga,
1559 3772 1586 3826 hi
1599 3782 1686 3828 autem
1699 3787 1759 3827 cura
1773 3771 1876 3826 macula
1886 3778 1914 3825 et
1926 3783 2001 3839 ruga.

1466 3865 1510 3920 28.
1526 3864 1577 3920 Sed
1591 3864 1624 3918 ad
1645 3865 1696 3919 hoe
1710 3863 1843 3934 obiectum
1855 3861 1972 3931 vigilanti
1986 3860 2226 3931 circumspectione

1432 3956 1578 4028 respoudit,
1593 3969 1672 4025 quarn
1687 3956 1744 4009 siue
1757 3954 1838 4009 dubio
1851 3951 1972 4008 catholici
1983 3951 2085 4022 judices
2094 3951 2227 4022 approha-

1432 4058 1536 4104 rcruut.
1556 4067 1564 4100 ι
1577 4047 1680 4102 Dictum
1691 4054 1741 4110 est,
1754 4064 1765 4098 ι
1780 4045 1873 4116 iuquit,
1889 4062 1899 4096 ι
1914 4059 1928 4097 a
1943 4044 2030 4109 nobis,
2044 4042 2091 4099 scd
2103 4043 2147 4106 ita,
2158 4058 2227 4113 quo·

1434 4142 1503 4196 nium
1516 4141 1621 4195 lavaero
1630 4139 1664 4194 ab
1676 4140 1747 4194 oumi
1762 4138 1864 4194 macula
1878 4147 1905 4193 et
1918 4152 1981 4208 ruga
1995 4144 2122 4208 purgatur
2133 4137 2228 4191 Ducis*

1433 4234 1482 4297 sia,
1501 4246 1579 4302 uuam
1594 4231 1658 4286 reiit
1675 4229 1710 4285 ita
1731 4229 1860 4284 Dominus
1879 4243 2068 4298 pertimuere.»
2091 4227 2132 4282 hd
2153 4229 2226 4298 quod

1433 4323 1556 4394 Syrrodus
1565 4322 1650 4378 dixit:
1665 4341 1674 4375 ι
1690 4321 1746 4376 lloe
1758 4330 1784 4376 et
1799 4321 1876 4377 nohis
1887 4320 1982 4390 placet.
1998 4339 2007 4372 r
2020 4321 2086 4389 Quis
2098 4321 2168 4376 enim
2178 4337 2228 4376 uo·

1434 4425 1517 4471 strum
1533 4424 1620 4483 negat,
1636 4414 1754 4468 omnium
1768 4413 1793 4467 iu
1809 4411 1943 4483 baptismo
1956 4422 2062 4481 peecata
2078 4413 2229 4480 dimitrius

1434 4521 1527 4564 ornnes
1542 4508 1634 4563 fideles
1646 4506 1703 4562 sine
1714 4504 1816 4561 macula
1830 4513 1857 4559 et
1870 4520 1932 4574 ruga
1947 4504 1980 4564 de
1994 4504 2099 4558 lavacro
2110 4519 2227 4574 regene-

1434 4601 1543 4654 rationis
1560 4596 1722 4653 ascendere?
1737 4598 1791 4652 Aut
1802 4596 1845 4652 cui
1858 4594 2004 4651 christiano
2025 4593 2156 4649 catholico
2174 4609 2229 4649 nrm

1435 4691 1530 4761 piacet,
1544 4690 1613 4761 qrrod
1629 4699 1655 4745 et
1672 4689 1783 4744 Domino
1797 4687 1893 4758 placet,
1909 4686 1988 4757 idque
2004 4684 2119 4740 loturum
2132 4695 2183 4749 est,
2199 4697 2229 4740 ut

1435 4780 1553 4838 Ecclesia
1569 4789 1723 4852 permaneat
1734 4777 1792 4834 siue
1805 4778 1908 4833 macula
1922 4786 1948 4833 ct
1958 4777 2040 4848 rugat
2052 4776 2229 4846 Quandoqui-

1436 4873 1495 4929 dem
1511 4874 1534 4928 id
1551 4889 1619 4927 utare
1634 4873 1719 4942 agitur
1730 4871 1775 4926 Dei
1786 4868 1968 4926 misericordia
1982 4877 2010 4924 et
2022 4871 2143 4936 ueritate,
2156 4878 2184 4924 ut
2195 4869 2229 4924 ad

1437 4965 1507 5020 illam
1522 4964 1721 5034 perlectionem,
1737 4962 1781 5017 ubi
1792 4962 1850 5017 siue
1862 4961 1964 5016 macula
1978 4970 2005 5015 et
2018 4976 2081 5032 ruga
2104 4961 2130 5015 iu
2149 4972 2229 5015 auer-

1436 5072 1499 5112 num
1511 5071 1633 5109 mansura
1643 5063 1694 5115 cst,
1706 5063 1796 5109 sancta
1808 5052 1927 5108 Ecclesia
1938 5051 2107 5122 perducatur.
2121 5050 2173 5106 Sed
2188 5052 2230 5106 in·

1438 5157 1477 5204 ter
1490 5148 1639 5211 lavacrum,
1656 5146 1699 5200 uhi
1713 5159 1806 5199 omnes
1817 5145 1958 5216 praeteritae
1972 5143 2082 5198 nraenla·
2102 5158 2230 5214 rugaque

1437 5241 1575 5302 tolluntur,
1589 5249 1616 5294 et
1630 5254 1752 5309 reguum,
1768 5238 1811 5293 ubi
1827 5238 1884 5294 sinc
1895 5237 1997 5293 macula
2015 5247 2042 5292 et
2055 5252 2118 5307 ruga
2132 5253 2230 5308 perpe·

1437 5342 1484 5391 tuo
1496 5332 1613 5388 manebit
1626 5331 1755 5398 Ecclesia,
1770 5339 1877 5402 tempus
1889 5331 1939 5386 hoc
1949 5329 2064 5384 medium
2076 5339 2116 5384 est
2130 5331 2230 5384 irratio·

1438 5427 1489 5493 nis,
1505 5425 1548 5480 uhi
1562 5437 1671 5480 neeesse
1686 5432 1726 5477 est
1739 5422 1820 5489 dicat,
1834 5420 1937 5475 Dimitte
1948 5419 2019 5475 uobis
2033 5421 2115 5474 debita
2130 5430 2229 5474 nostru.

1439 5517 1549 5586 Propter
1561 5513 1612 5569 hoc
1622 5512 1754 5583 obiectum
1765 5521 1806 5568 est
1817 5525 1864 5567 eos
1873 5509 1972 5572 dicere,
1987 5529 1997 5562 ι
2011 5510 2053 5563 hic
2066 5524 2128 5565 esse
2141 5510 2231 5565 Eeelc«

1438 5607 1504 5661 siam
1517 5608 1574 5660 siue
1584 5603 1685 5659 macula
1695 5614 1803 5672 ctruga,
1817 5619 1828 5654 r
1845 5610 1932 5655 utrum
1943 5598 1981 5673 (a)
1990 5615 2036 5670 per
2045 5599 2232 5654 haucsenteu·

1439 5698 1501 5752 tiam
1522 5695 1650 5752 auderent
1666 5694 1807 5764 prohibere
1827 5691 1992 5755 orationem,
2020 5706 2071 5760 qua
2090 5690 2232 5763 dicheset

1440 5789 1561 5844 unctihus
1574 5789 1676 5841 reniam
1693 5793 1860 5857 peccatorum
1869 5782 1925 5852 jam
1938 5782 2069 5852 baptizata
2081 5781 2129 5835 sihi
2143 5781 2231 5849 poscit

1442 5877 1566 5936 licclesia'.
1587 5881 1624 5935 De
1642 5895 1694 5951 quo
1718 5878 1806 5932 medio
1822 5885 1942 5947 ternpore
1961 5874 2030 5929 iuter
2044 5872 2231 5928 rerrrissioneru

1441 5982 1677 6042 peculiariaque
1694 5972 1722 6022 lit
1736 5968 1763 6024 in
1777 5968 1892 6033 lauacro,
1907 5974 1935 6023 et
1945 5966 2156 6037 permansionem
2172 5964 2235 6018 siue

1440 6065 1625 6136 primatisque
1644 6063 1729 6116 lutura
1743 6069 1783 6115 est
1802 6063 1829 6114 in
1843 6073 1936 6128 reguo,
1959 6072 2020 6111 cum
2038 6055 2145 6126 Pelagio
2165 6053 2234 6110 nihil

1440 6166 1481 6210 cst
1493 6166 1591 6220 actum,
1608 6152 1671 6207 nihil
1684 6153 1717 6207 ab
1730 6149 1862 6221 episcopis
1875 6148 2072 6221 pronuntiatum
2087 6165 2093 6201 :
2108 6144 2155 6203 scd
2171 6157 2232 6199 tan-

1442 6260 1495 6302 tum
1508 6246 1558 6301 hoe
1568 6245 1637 6314 ιμιιιιι
1653 6246 1767 6304 breviter
1781 6241 1981 6312 signilresaulum
2002 6237 2100 6308 putarit
2109 6276 2119 6304 ,
2134 6251 2189 6291 uun
2201 6253 2233 6291 se

1473 6351 1508 6403 tir)
1527 6347 1602 6387 t··orte.
1616 6342 1640 6386 ut
1651 6349 1705 6384 ιιιιιι.
