5592 7350
524 925 576 987 357

522 1052 637 1106 virtutes
651 1061 677 1106 et
691 1050 808 1120 gratias,
824 1067 833 1103 i
851 1064 882 1105 ac
895 1051 934 1104 sic
951 1046 1049 1103 auferri
1062 1047 1247 1103 diversitatem
1261 1064 1320 1117 gra·

524 1142 641 1210 riarum,
662 1155 742 1211 quam
758 1140 901 1211 Apostolus
920 1138 1008 1195 docet.
1029 1137 1151 1209 Pelagius
1171 1147 1259 1193 autem
1281 1153 1323 1194 re·

523 1232 644 1301 spondit,
661 1249 672 1284 r
684 1229 743 1288 Non
753 1228 898 1287 seauierrc
908 1231 1052 1301 gratiarum
1063 1228 1244 1284 diversitatem
1255 1244 1262 1291 ;
1275 1226 1322 1283 sed

527 1324 633 1388 licere,
647 1322 749 1378 dorrare
768 1322 851 1377 Deum
865 1320 907 1387 ei,
926 1321 972 1391 qui
988 1320 1067 1376 irrerit
1078 1321 1174 1392 dignus
1183 1320 1321 1391 accipere,

522 1431 619 1471 omnes
632 1414 744 1486 gratias,
757 1415 826 1469 sicut
837 1412 921 1474 Paulo
935 1413 1056 1483 apostolo
1068 1412 1187 1469 donavit.
1203 1431 1212 1465 r

557 1508 604 1565 ot.
621 1507 676 1564 tias
688 1523 721 1562 ex
731 1507 841 1563 nontine
853 1504 970 1562 Coelestii
983 1517 1096 1576 quatuor
1106 1506 1252 1561 sententias
1266 1520 1320 1560 non

523 1600 563 1654 sie
577 1597 795 1671 approbarerunt
812 1595 932 1667 episcopi
951 1595 1071 1665 judices,
1087 1594 1157 1650 sient
1171 1610 1217 1651 cas
1235 1594 1323 1651 Coelc·

523 1691 593 1748 stius
611 1691 729 1746 sensisse
742 1689 900 1745 dicebatur:
913 1687 961 1744 sed
981 1688 1050 1744 sieut
1065 1688 1099 1744 dc
1118 1688 1160 1743 his
1184 1688 1322 1759 respondit

525 1784 660 1855 Pelagius.
675 1782 804 1839 Viderunt
815 1783 885 1838 enim
900 1784 920 1850 ¹,
934 1782 1005 1854 quod
1017 1781 1089 1852 aliud
1100 1782 1133 1837 sit
1143 1784 1201 1837 sine
1213 1789 1321 1851 peccato

523 1891 605 1942 esse,
619 1875 693 1931 alind
715 1885 808 1931 sancte
821 1885 847 1929 et
860 1875 931 1946 juste
949 1875 1055 1940 virere,
1077 1875 1145 1930 sient
1165 1875 1244 1929 etiam
1260 1886 1322 1930 ante

522 1968 670 2024 adrentum
685 1964 783 2022 Christi
795 1966 925 2038 quosdam
938 1968 1035 2023 vixisse
1046 1966 1182 2037 Scriptura
1199 1975 1319 2023 testatur.

522 2057 558 2116 Et
570 2059 693 2131 quamvis
706 2073 759 2113 nori
775 2058 809 2113 sit
823 2057 868 2112 lric
881 2057 999 2113 Ecclesia
1016 2059 1074 2113 sine
1088 2057 1189 2112 macula
1202 2065 1229 2111 et
1242 2072 1320 2129 ruga;

523 2162 614 2206 minen
628 2165 688 2206 eam
702 2161 728 2205 et
741 2150 848 2205 lavaero
864 2149 1073 2220 regenerationis
1086 2150 1118 2202 ab
1132 2152 1204 2201 omni
1219 2152 1321 2203 rnarcnla

521 2257 643 2312 rugaque
663 2229 786 2313 purgari,
809 2249 837 2297 et
853 2256 911 2296 caru
927 2241 961 2294 ita
976 2240 1045 2295 relic
1060 2241 1199 2295 Dorrrinnm
1219 2254 1323 2309 perma-

522 2348 591 2388 nere
605 2347 613 2385 τ
629 2346 691 2385 nam
710 2339 737 2386 et
761 2331 795 2385 ita
812 2331 992 2401 permanebit,
1014 2331 1074 2399 qnia
1097 2332 1156 2384 sine
1180 2330 1281 2383 tnaenla
1296 2340 1322 2383 et

522 2437 590 2493 ruga
614 2423 706 2492 utique
728 2422 754 2475 in
777 2430 875 2476 :eterna
899 2420 1025 2475 felir-itate
1047 2419 1175 2489 regnabit.
1198 2421 1228 2474 lit
1250 2420 1321 2490 qnod

523 2523 653 2585 perpetrm
664 2515 812 2585 virginitas,
824 2530 884 2583 qnae
898 2524 1030 2583 praerepta
1042 2523 1156 2578 nonest,
1169 2512 1227 2568 sine
1241 2512 1323 2568 dnbio

524 2608 587 2676 plns
596 2608 644 2672 sit,
652 2621 737 2677 qnam
746 2606 895 2676 conjugalis
908 2606 1043 2675 pudicitia,
1054 2621 1113 2675 quae
1124 2615 1254 2675 precepta
1264 2616 1320 2670 cst;

501 2689 648 2772 'quami-is
663 2699 689 2753 in
709 2698 799 2753 mnltis
813 2697 951 2768 virginitas
970 2705 1140 2768 perseveret,
1165 2698 1210 2766 qui
1233 2706 1322 2752 tannen

524 2806 580 2846 non
594 2797 660 2844 sunt
674 2789 732 2843 sine
751 2797 870 2859 peccato.
888 2787 921 2841 Et
940 2787 1010 2856 qnod
1032 2801 1078 2841 cas
1098 2801 1193 2843 omnes
1206 2787 1320 2857 gratias,

523 2898 593 2952 quas
602 2883 662 2937 loco
673 2898 726 2936 uno
737 2891 940 2944 commemorat,
953 2880 1043 2932 iralnrit
1056 2880 1192 2948 apostolus
1204 2879 1300 2934 Parrlns
1312 2895 1320 2934 :

523 2992 592 3045 eptas
607 2988 696 3029 tamen
711 2990 752 3028 cur
763 2991 771 3027 r
784 2974 893 3044 dignum
909 2974 990 3027 inisse
1003 2974 1134 3043 accipere.
1150 2986 1195 3029 ant
1211 2991 1262 3028 non
1276 2990 1320 3030 sc-

523 3064 644 3120 cundom
660 3065 769 3130 merita,
785 3064 833 3119 sed
847 3064 935 3136 potios
948 3064 1094 3120 oerrrrdorn
1109 3066 1321 3133 pmuestioatio·

524 3174 586 3214 nem
610 3156 800 3225 aliquomodo
823 3156 970 3226 intelligere
993 3165 1150 3225 potncrnrrt;
1173 3156 1231 3227 ipse
1250 3158 1320 3211 enim

524 3249 609 3312 fir,
631 3246 695 3301 Non
706 3264 762 3302 mm
775 3247 884 3317 digitos,
901 3247 954 3313 rel,
968 3265 1017 3301 non
1032 3265 1089 3302 curn
1111 3249 1220 3304 idonens
1237 3250 1322 3303 vorari

524 3339 656 3411 apostolor
665 3337 687 3407 (i
700 3336 760 3392 Cor.
778 3354 827 3403 xr,
841 3338 869 3407 n)
886 3356 892 3391 :
908 3347 955 3391 ant
969 3354 1060 3391 eornm
1071 3339 1244 3393 intentionem
1255 3338 1321 3393 sub·

525 3428 637 3499 teringit
650 3429 775 3494 rcrbnm,
798 3428 868 3498 qnod
885 3428 1005 3499 Pelagius
1026 3427 1252 3499 quemadmodum
1275 3445 1320 3497 po·

525 3523 622 3587 suerit,
636 3523 693 3592 ipse
707 3521 813 3577 viderit.
834 3521 898 3576 lianc
910 3533 971 3576 sunt
985 3522 1010 3574 in
1028 3522 1124 3592 quibus
1137 3522 1252 3591 episcopt
1267 3521 1320 3577 Pc-

527 3615 624 3687 legium
638 3614 877 3686 pronuntiaverunt
893 3614 943 3684 piis
956 3615 1107 3669 consentire
1121 3613 1262 3673 doctrinis.

560 3706 605 3763 65.
622 3705 697 3762 Nunc
711 3707 836 3761 similiter
855 3707 1054 3776 recapitulando
1070 3709 1113 3762 illa
1135 3709 1214 3778 paulo
1232 3719 1322 3764 atten-

526 3800 580 3854 urs
590 3798 741 3860 rideamus,
753 3813 813 3868 qua¹
826 3798 900 3852 illum
915 3799 1048 3852 eorriraria
1062 3800 1206 3869 reprobare
1218 3810 1245 3856 et
1257 3816 1322 3856 arra·

526 3889 701 3944 tbematizarc
714 3888 849 3943 dixerunt.
868 3889 894 3943 ln
910 3888 962 3944 lroc
976 3891 987 3922 ¹
1002 3888 1073 3945 eninr
1094 3892 1180 3961 potius
1196 3901 1248 3947 totr
1264 3892 1320 3948 lim·

525 3982 593 4036 resis
610 3980 662 4036 ista
676 3981 810 4036 consistit.
824 3981 951 4051 Exceptis
963 3996 1027 4052 crgo
1037 3981 1100 4049 iilis,
1115 3999 1173 4052 qnae
1188 3984 1213 4038 io
1227 3984 1320 4038 adula-

527 4076 599 4130 tione
611 4075 705 4130 nescio
719 4075 795 4145 cujrrs
809 4074 896 4130 uiduae
908 4075 933 4128 in
945 4075 1020 4130 libris
1032 4076 1088 4131 suis
1101 4077 1221 4146 posuisse
1234 4076 1321 4134 dictos

526 4177 581 4232 est,
595 4183 657 4239 qne
671 4167 716 4222 ille
731 4185 742 4220 r
756 4182 842 4237 neque
855 4167 882 4221 in
903 4166 976 4222 libris
996 4169 1052 4222 suis
1064 4182 1139 4233 esse,
1156 4185 1242 4240 neque
1258 4169 1321 4229 talia

528 4273 642 4329 orrqrram
656 4272 686 4311 se
699 4257 798 4313 dixisse
810 4276 819 4311 r
836 4257 988 4328 rospoouin
1007 4267 1056 4313 ret
1069 4274 1116 4314 eos
1129 4259 1173 4330 qui
1196 4260 1257 4315 talia
1275 4275 1321 4316 sa·

526 4356 640 4416 petent,
657 4363 710 4402 non
726 4356 851 4419 conquam
870 4348 1031 4413 locustinos,
1053 4349 1101 4405 sed
1117 4359 1241 4420 tanquam
1255 4350 1321 4407 stul·

527 4451 567 4495 ros
578 4440 829 4495 anathematizavit:
846 4457 854 4491 r
872 4436 929 4494 lure
943 4446 1007 4494 sunt
1017 4441 1114 4510 quibus
1126 4440 1237 4497 haeresis
1250 4441 1320 4500 illins

527 4533 632 4586 dumeta
648 4530 768 4601 prioridie
783 4530 930 4600 pullulare,
952 4531 1007 4585 imo
1018 4531 1073 4601 jam
1089 4532 1231 4589 silvescere
1244 4533 1320 4590 dole·

526 4625 629 4678 tranans.
648 4641 657 4673 r
672 4621 757 4676 Adam
771 4622 911 4677 mortalem
925 4620 1042 4690 iactum,
1057 4623 1102 4693 qui
1116 4624 1175 4679 sire
1188 4633 1319 4694 peccaret,

525 4714 582 4769 sire
598 4729 653 4768 non
669 4723 806 4782 peccaret,
822 4713 969 4768 moriturus
987 4722 1069 4769 esset.
1087 4713 1163 4782 Quod
1183 4726 1319 4784 peecatum

526 4804 590 4858 idm
603 4802 691 4871 ipsum
714 4803 799 4857 solum
814 4803 926 4868 inserit,
946 4813 974 4860 et
992 4818 1044 4859 non
1065 4821 1148 4876 genus
1163 4797 1319 4863 lnnnannm.

523 4895 601 4965 Quod
622 4896 677 4952 Lex
693 4896 732 4952 sic
754 4895 840 4951 mittat
857 4896 889 4951 ad
908 4911 1037 4967 regnum,
1057 4898 1280 4969 quemadmodum
1295 4910 1321 4957 et

526 4977 713 5058 Evangelium.
734 4986 810 5054 Quod
833 4987 949 5044 infantes
970 5005 1053 5059 nuper
1070 4990 1125 5044 nati
1145 4991 1171 5045 in
1192 4991 1237 5044 illo
1252 5001 1320 5046 statu

525 5081 596 5148 sipi,
610 5079 639 5132 in
656 5094 710 5148 qno
723 5079 808 5133 Adam
829 5079 877 5135 luit
896 5089 958 5135 ante
976 5082 1229 5150 prevaricationem.
1244 5085 1320 5153 Quod

525 5182 614 5238 neque
637 5183 686 5237 per
705 5177 818 5224 ntortem
838 5170 879 5224 rel
901 5171 1147 5241 praevaricationem
1163 5174 1228 5228 Adae
1242 5190 1322 5230 onnre

525 5273 612 5337 gertus
627 5258 765 5314 bominum
783 5262 923 5327 moriatur,
938 5278 1025 5332 neque
1040 5277 1088 5332 per
1099 5268 1321 5321 resurrectionem

525 5352 625 5408 Cirristi
646 5366 727 5406 omne
746 5367 831 5422 genus
847 5354 984 5409 bominum
1000 5367 1130 5426 resurgat.
1148 5357 1223 5424 erod
1239 5359 1322 5414 irrl'an·

461 5453 465 5459 '
526 5455 585 5508 tes,
602 5441 653 5496 etsi
675 5456 729 5496 non
749 5443 927 5515 baptizentur,
950 5445 1064 5500 babeant
1084 5448 1164 5501 ritarm
1183 5459 1320 5505 aternam.

526 5532 605 5602 nond
617 5533 715 5590 divites
727 5534 863 5605 baptizati,
880 5535 930 5591 nisi
943 5536 1066 5590 omnibns
1079 5537 1283 5605 abrenuntient,
1299 5542 1321 5596 si

523 5622 591 5696 «reid
603 5621 668 5681 boni
686 5622 735 5680 risi
754 5623 853 5680 luerint
868 5624 974 5692 iacere,
991 5642 1043 5680 non
1057 5627 1096 5682 eis
1108 5639 1256 5697 repnterrrr.
1274 5646 1321 5686 uc·

527 5729 582 5785 qne
594 5731 708 5788 regnum
723 5715 770 5772 liei
791 5716 893 5787 possint
911 5716 1021 5773 babere.
1035 5718 1110 5785 Quod
1131 5722 1214 5790 gratia
1229 5721 1276 5776 liei
1296 5732 1323 5778 et

526 5803 691 5876 diutarium
711 5819 765 5861 non
787 5805 822 5862 ad
842 5807 961 5878 singulos
972 5818 1049 5864 actos
1063 5808 1158 5875 detrrr;
1181 5811 1228 5867 sed
1243 5828 1271 5866 tn
1288 5812 1322 5867 ti·

527 5895 595 5952 bero
607 5895 720 5953 arbitrio
734 5884 779 5959 sit.
794 5908 821 5953 ct
836 5900 861 5951 in
874 5899 932 5969 lege
946 5909 1026 5971 atque
1039 5899 1170 5956 doctrina.
1185 5902 1260 5970 Quod
1275 5904 1324 5961 lici

525 5986 613 6058 gratb
626 5988 776 6044 secueram
799 5990 892 6046 merita
915 5999 1005 6046 trostra
1025 5990 1119 6056 detur;
1136 6002 1163 6048 et
1182 6003 1322 6065 propterca

526 6083 681 6154 ipsagratia
694 6081 723 6138 in
732 6081 848 6138 bominis
858 6084 893 6138 sit
906 6084 990 6153 posita
1001 6084 1147 6153 volontate,
1160 6087 1216 6142 sire
1228 6087 1324 6159 dignus

525 6170 827 6244 1³⁸⁸,sireindignus-
850 6174 925 6243 Quod
948 6174 994 6231 titii
1012 6175 1059 6232 bet
1082 6189 1135 6233 non
1154 6181 1256 6248 possint
1276 6195 1322 6234 uo·

558 6283 695 6337 'nacolii
707 6291 785 6338 risit
797 6286 865 6345 crint,
878 6285 980 6339 ubero.

556 6348 662 6405 ηοω,
674 6345 700 6398 br
710 6344 757 6401 irio.

558 6406 655 6460 ‘roets
666 6409 770 6467 nona

1235 930 1335 988 ercan
1352 915 1451 987 unus.

2118 947 2169 1006 bid

1375 1048 1451 1113 carri,
1480 1049 1528 1103 cisi
1556 1051 1664 1105 omnino
1692 1051 1794 1126 absque
1818 1066 1927 1126 peccate
1951 1058 2047 1115 luerint
2070 1064 2169 1117 eberti.

1376 1139 1452 1207 Quod
1475 1142 1575 1196 oblirio
1596 1153 1624 1199 et
1645 1146 1792 1215 ignorantia
1821 1163 1874 1204 non
1895 1151 2051 1222 subiaceant
2074 1169 2168 1225 pccca-

1376 1241 1419 1297 to;
1438 1234 1562 1302 qnoniam
1583 1251 1636 1290 non
1663 1239 1787 1293 eveniant
1812 1241 1959 1297 secundum
1982 1243 2168 1313 veluntatem,

1374 1322 1422 1377 sed
1451 1325 1597 1381 seeundum
1623 1331 1817 1387 necessitatem.
1847 1332 1923 1401 Quod
1950 1350 2004 1391 non
2033 1334 2068 1391 sit
2096 1337 2166 1392 libo-

1375 1430 1436 1471 rum
1458 1415 1613 1487 arbitrium,
1640 1420 1663 1475 si
1688 1421 1805 1494 indigeat
1831 1426 1931 1481 anxilio
1954 1428 2020 1495 θεὶς
2041 1431 2170 1500 quoniam

1374 1508 1509 1577 propriam
1522 1510 1686 1566 voluntatem
1706 1512 1802 1588 ltawt
1820 1516 2002 1587 unnsquisque
2015 1528 2061 1573 ant
2080 1519 2168 1577 lacere

1374 1598 1489 1669 aliquid,
1504 1610 1550 1654 ant
1564 1618 1618 1658 non
1639 1603 1735 1659 iacere.
1750 1604 1825 1673 Quod
1842 1606 1952 1661 victoria
1967 1620 2057 1664 nostra
2073 1625 2105 1666 ex
2121 1612 2168 1667 tirsi

1375 1704 1430 1744 non
1442 1690 1476 1745 sit
1488 1691 1631 1762 adjutorio,
1643 1693 1690 1749 sed
1701 1710 1734 1749 ex
1747 1696 1832 1752 libero
1841 1697 1962 1752 arbitrio.
1976 1698 2053 1765 Quod
2066 1716 2099 1755 cx
2111 1703 2167 1764 illo,

1374 1778 1447 1850 quod
1466 1781 1504 1835 ait
1524 1782 1634 1849 l‘etros,
1648 1782 1746 1838 dirime
1761 1800 1810 1839 nos
1824 1800 1884 1840 esse
1897 1798 2039 1843 consortes
2051 1800 2168 1855 naturae,

1373 1886 1541 1943 consequens
1555 1874 1590 1928 sit
1607 1884 1636 1928 nt
1647 1873 1682 1930 ita
1698 1879 1783 1946 possit
1800 1893 1861 1933 esse
1873 1881 1960 1933 anima
1977 1881 2035 1936 sine
2049 1892 2168 1951 peccato,

1374 1963 1599 2032 quemadmodum
1616 1966 1694 2021 bens.
1710 1985 1720 2019 r
1736 1966 1792 2022 lloe
1806 1967 1878 2024 enim
1899 1971 1924 2024 in
1941 1969 2081 2028 rrnrleeimo
2093 1974 2169 2043 capi·

1375 2052 1432 2106 tnlo
1444 2052 1523 2118 libri,
1537 2068 1590 2109 non
1605 2054 1712 2125 quidem
1727 2057 1849 2114 babeatis
1861 2060 1977 2117 auctoris
1991 2062 2031 2116 sni
2047 2064 2169 2130 titulum,

1375 2145 1421 2199 scd
1435 2147 1479 2216 qni
1496 2146 1651 2216 perbibetnr
1664 2164 1724 2204 esse
1735 2146 1873 2216 Ccelestii,
1890 2151 1931 2206 bis
1943 2153 2033 2209 serbis
2054 2155 2170 2221 po-itunr

1375 2232 1432 2303 ipse
1446 2234 1517 2305 legi:
1535 2254 1545 2287 r
1560 2234 1701 2303 Quomodo
1713 2240 1857 2310 quispiam,
1873 2261 1884 2293 r
1900 2242 2001 2313 inquit,
2020 2244 2115 2299 rillins
2131 2246 2168 2301 rei

1375 2325 1539 2379 consortium
1552 2327 1687 2396 suscepit,
1701 2344 1716 2382 a
1728 2330 1807 2400 cujus
1819 2337 1889 2386 statu
1901 2341 1929 2387 et
1941 2334 2038 2388 rictute
2049 2350 2108 2389 esse
2123 2350 2170 2390 ex·

1376 2424 1483 2470 traneus
1494 2415 1639 2473 desnriturl
1652 2437 1665 2473 s
1677 2419 1740 2475 ldeo
1756 2423 1851 2477 tratres
1862 2424 1908 2494 qui
1927 2424 1985 2480 baec
1997 2424 2169 2497 objecerunt,

1374 2506 1413 2562 sie
1424 2521 1485 2562 enm
1499 2508 1701 2577 inminuerunt,
1720 2521 1846 2583 tanquam
1860 2513 1980 2584 ejusdem
1998 2524 2099 2572 nature
2110 2516 2170 2572 atri·

1375 2614 1446 2653 mam
1464 2605 1495 2656 et
1511 2601 1613 2668 ileum,
1627 2611 1655 2660 ct
1675 2617 1777 2675 partem
1798 2607 1844 2661 nei
1859 2606 1957 2664 dixerit
1976 2610 2093 2666 animam
2107 2630 2115 2667 ε
2129 2613 2168 2668 sie

1374 2691 1448 2745 esim
1464 2704 1642 2763 acceperant,
1658 2694 1729 2766 quod
1742 2698 1863 2766 ejusdem
1878 2707 1963 2755 status
1975 2709 2054 2771 atque
2065 2702 2169 2759 virtutis

1374 2802 1433 2841 earn
1449 2802 1509 2842 esse
1522 2802 1582 2842 cum
1599 2787 1653 2844 neo
1666 2790 1791 2845 senserit.
1810 2788 1839 2847 ln
1852 2801 1973 2849 extremo
1990 2804 2078 2849 autem
2092 2796 2168 2864 obje-

1374 2889 1478 2932 ctorum
1496 2879 1610 2948 positum
1626 2888 1686 2935 est:
1703 2898 1714 2932 r
1727 2879 1804 2951 Quod
1823 2884 2013 2953 poenitentibus
2027 2886 2101 2939 renia
2115 2901 2169 2941 rora

1374 2969 1454 3023 detnr
1466 2970 1611 3024 secundum
1634 2972 1749 3040 gratiam
1763 2982 1790 3026 et
1809 2974 2020 3029 nrisericordiarn
2040 2974 2106 3043 nei,
2121 2978 2168 3032 sed

1374 3059 1521 3115 secundnm
1536 3070 1660 3115 nrerrtum
1674 3072 1701 3116 et
1715 3061 1834 3118 laborem
1846 3079 1951 3129 eornm,
1967 3081 2010 3134 qm
2023 3081 2071 3136 pcr
2085 3068 2171 3135 preni-

1375 3152 1488 3206 tentiant
1501 3151 1574 3223 digni
1587 3153 1686 3208 luerint
1705 3155 1899 3211 ttrisericnrdia.
1916 3177 1925 3210 r
1940 3154 2003 3214 ilaec
2022 3161 2128 3227 onrrria,
2142 3170 2171 3216 et

1375 3242 1397 3297 si
1411 3259 1469 3313 qno
1484 3245 1730 3313 argumentationes
1750 3244 1783 3299 ad
1803 3261 1835 3301 ea
1854 3248 2036 3304 corint-oroma
2053 3253 2171 3319 interpo-

1374 3333 1433 3386 sita
1444 3341 1520 3397 snnt,
1534 3349 1580 3387 sua
1597 3345 1753 3402 tregentem,
1768 3347 1795 3391 et
1807 3340 2077 3395 anathematizantem
2091 3341 2168 3396 Pela·

1374 3424 1446 3494 gium
1465 3423 1570 3495 judices
1589 3427 1828 3495 approbaveram:
1852 3439 1880 3485 et
1900 3430 1960 3485 ideo
1979 3436 2168 3501 pronuntiare·

1375 3524 1447 3578 runt,
1461 3532 1521 3569 enm
1535 3518 1670 3571 contraria
1685 3518 1873 3574 ecclesiastieae
1887 3519 1946 3576 ndei
1963 3524 2129 3592 reprobando
2141 3534 2169 3581 et

1374 3606 1635 3675 anathematizando,
1649 3609 1801 3664 rlnnrnasse.
1817 3613 1855 3666 Ac
1873 3628 1919 3682 per
1940 3614 1990 3669 lroc
2004 3617 2170 3686 quomodoli-

1374 3698 1420 3753 liet
1436 3714 1467 3754 ea
1479 3700 1620 3755 Caelestius
1635 3703 1754 3769 pnsncrit
1766 3713 1875 3758 autnon
1891 3707 2026 3775 posuerit,
2041 3709 2080 3763 rel
2095 3707 2171 3766 Pria·

1373 3790 1432 3860 gins
1447 3791 1562 3846 senserit
1573 3799 1620 3844 aut
1639 3798 1837 3857 consenserit,
1853 3802 1923 3849 tauta
1938 3799 2006 3852 mala
2026 3807 2079 3853 tarn
2094 3816 2169 3856 rrorrn

1374 3879 1454 3951 htrjrrs
1485 3881 1595 3938 ltnrcsis
1627 3883 1672 3937 itio
1705 3885 1888 3944 ecclesiastico
1914 3889 2016 3958 indicio
2044 3892 2168 3948 danrrratr

1373 3973 1552 4043 gaudeamus,
1576 3983 1602 4029 et
1624 3975 1680 4031 neo
1698 3977 1797 4047 gratias
1816 3992 1942 4050 agamus,
1963 3982 2108 4054 laudesque
2127 3984 2170 4040 rti-

1373 4081 1476 4121 cannrs.

1409 4157 1454 4212 tto.
1470 4157 1508 4213 De
1522 4157 1662 4214 bisantem
1677 4174 1737 4226 qnae
1758 4168 1819 4232 post
1835 4160 1887 4216 brie
1897 4161 2026 4232 polidoro
2039 4165 2075 4221 lbi
2088 4181 2104 4221 a
2117 4182 2168 4223 ne·

1374 4249 1429 4304 scio
1451 4264 1504 4320 qno
1522 4265 1608 4304 cunco
1620 4250 1782 4319 perditorum
1795 4292 1802 4314 ,
1817 4253 1861 4322 qni
1876 4254 1953 4309 valde
1967 4256 1993 4310 in
2014 4272 2169 4327 perversum

1376 4339 1551 4410 perhibemur
1572 4339 1679 4410 Pelagio
1707 4340 1864 4411 srrll'ragari,
1890 4345 2033 4400 incredibili
2058 4348 2169 4403 andacia

1377 4444 1528 4503 perpetrata
1544 4433 1679 4501 dicuntur,
1691 4444 1719 4487 nt
1735 4434 1780 4489 nei
1793 4437 1863 4489 serti
1875 4447 1904 4492 et
1915 4438 2017 4492 anctllar
2029 4438 2063 4493 ati
2077 4431 2169 4495 cnram'

1375 4527 1460 4582 sancti
1477 4526 1631 4598 llicronyrni
1647 4525 1795 4596 presbytcri
1809 4528 1981 4596 pertinentes,
1995 4530 2169 4584 sceleratissi-

1374 4632 1417 4672 ma
1438 4617 1511 4672 eade
1528 4616 1708 4678 allicerentur,
1722 4617 1850 4673 diaconus
1863 4620 2039 4682 ‹recideretnn
2055 4621 2167 4678 edificia

1375 4709 1597 4762 arona-teriornrn
1612 4707 1828 4771 incenderentur,
1843 4708 1884 4762 rix
1900 4709 1985 4777 ipsnrn
2000 4710 2034 4763 ab
2047 4712 2097 4766 lrnc
2117 4713 2169 4766 ini·

1375 4810 1438 4870 pcto
1453 4811 1532 4868 atqne
1548 4800 1654 4853 incttrsn
1669 4800 1808 4866 impiorum
1824 4801 1847 4851 in
1862 4799 1907 4853 noi
1921 4801 2100 4856 misericordia
2115 4813 2170 4858 tnr-

1374 4891 1412 4946 ris
1426 4891 1551 4947 munitior
1565 4900 1684 4944 tueretnr
1697 4891 1735 4959 (nl
1749 4907 1755 4949 ;
1772 4891 1912 4946 tacenrlnm
1927 4893 2004 4946 nobis
2027 4896 2114 4962 potius
2127 4896 2168 4951 ri·

1374 4982 1434 5046 deo,
1449 4992 1475 5036 et
1489 4981 1694 5049 exspectandum
1706 4979 1767 5050 qnid
1782 4981 1835 5036 illic
1847 4981 1942 5036 inrtres
1953 4983 2035 5037 nostri
2051 4985 2170 5054 episcopi

1374 5078 1408 5133 dc
1424 5077 1464 5132 bis
1479 5077 1557 5131 tantis
1569 5075 1646 5128 malis
1659 5073 1790 5144 agendum
1806 5075 1968 5140 existirrtont,
1989 5077 2111 5145 aquibus
2123 5093 2172 5134 eos

1373 5167 1542 5222 dissimulare
1557 5181 1645 5235 posse,
1657 5166 1716 5234 quis
1725 5164 1836 5220 nodari
1847 5165 1926 5234 bnpia
1939 5168 2037 5237 qnippe
2047 5169 2169 5237 dogmata

1375 5256 1556 5327 brrjosccrnodi
1569 5257 1716 5324 bominum,
1727 5272 1741 5309 a
1752 5257 1912 5327 quibuslibet
1922 5256 2075 5320 Catholicis,
2087 5258 2167 5313 etiam

1374 5351 1419 5420 qni
1433 5350 1529 5404 abillis
1543 5351 1620 5405 terris
1633 5351 1709 5421 longe
1722 5351 1828 5415 absunt,
1844 5350 2025 5419 redarguenda
2039 5361 2117 5415 snnt;
2135 5366 2170 5407 ne

1376 5442 1534 5512 ubicumque
1549 5457 1645 5497 nocere
1661 5442 1776 5512 possint,
1792 5455 1846 5512 qno
1857 5442 2000 5512 pervenire
2014 5440 2168 5509 paruerint.-

1376 5531 1456 5603 impia
1483 5547 1547 5589 sero
1577 5533 1664 5600 tren,
1697 5548 1810 5602 quorurn
1846 5531 1975 5587 coercitio
2003 5533 2011 5562 ¹
2040 5531 2074 5585 sd
2109 5533 2170 5602 epi·

1409 5800 1417 5832 ¹
1430 5800 1514 5849 rrimae
1527 5797 1664 5857 moiones,
1673 5797 1769 5868 cpcrtio.
1777 5794 1934 5847 comendam
1944 5798 2107 5862 manuscripti,
2119 5812 2171 5849 uno

1377 5868 1483 5924 excepto
1494 5860 1535 5923 qui
1545 5860 1627 5916 baltei,
1638 5857 1758 5908 conluto.

1407 5924 1444 5987 (o)
1460 5929 1510 5971 iiuc
1520 5928 1614 5983 spectat
1626 5918 1728 5982 epistula
1738 5918 1770 5968 52
1790 5919 1920 5969 innocentii
1932 5930 2001 5982 papae
2012 5918 2041 5968 ad
2050 5923 2173 5973 ioannem

1376 5983 1617 6047 teromlpnritanunr,
1630 5980 1749 6042 incipiens
1763 5994 1770 6030 :
1786 5981 1972 6041 correptiones,
1984 5983 2074 6038 mdes,
2085 5981 2171 6031 irreco-

1379 6068 1392 6095 ι
1403 6047 1458 6105 dia,
1474 6056 1548 6095 nrurre
1568 6043 1660 6092 bouus
1678 6050 1798 6093 extremm
1815 6041 1964 6102 dementiae,
1975 6044 2174 6106 generosissima

1380 6106 1611 6168 ‹sanctaerlrgines
1626 6103 1776 6154 rustoeutrrn
1800 6110 1826 6153 et
1848 6100 1917 6151 ratila
1938 6103 2126 6167 deplorare-runt
2147 6105 2172 6152 in

1381 6192 1392 6217 ι
1405 6170 1463 6220 locis
1474 6167 1585 6218 ecciesiae
1597 6175 1646 6216 tuae
1663 6176 1817 6229 perpetrasse
1827 6163 1963 6226 diabolum,
1975 6174 2023 6216 etc.
2042 6180 2052 6207 ι
2071 6171 2094 6228 cip
2102 6167 2140 6215 istr
2149 6164 2182 6214 is·

1377 6245 1475 6296 anque
1488 6228 1597 6292 elusium
1615 6229 1647 6278 ’ὦ
1668 6229 1697 6278 ad
1717 6231 1894 6294 tiiernnyrnum.
1914 6228 1984 6291 cuius
1999 6227 2092 6277 initium
2112 6235 2170 6298 est.

1382 6316 1391 6341 ι
1405 6304 1527 6357 sororquam
1540 6292 1595 6341 boni
1614 6289 1703 6354 aiiqrrirl
1715 6292 1897 6343 contentionem
1914 6287 2003 6340 iecisse
2015 6289 2039 6338 in
2058 6285 2171 6339 morse.

1382 6381 1389 6398 .
1405 6365 1508 6406 rosano
1521 6354 1653 6416 ‚rpoeotos
1673 6369 1684 6398 r
1707 6354 1754 6403 illu
1768 6351 1876 6418 epistola
1889 6350 2036 6402 exalliantur
2050 6347 2132 6406 inira,
2148 6348 2179 6395 ts

1372 6425 1418 6473 Aa,
1430 6419 1485 6467 r-'rtzii
1501 6417 1602 6470 isitii!
1614 6417 1733 6468 Simoin.
