5592 7350
627 919 679 975 659
1166 914 1194 975 S.
1214 918 1394 975 lecesttxt
1414 918 1577 977 [etstutt
1598 919 1699 979 cetu.
2198 930 2251 991 w

663 1032 689 1085 ln
704 1041 805 1100 quarto,
819 1039 909 1085 contra
922 1027 1065 1083 secuudum
1080 1028 1175 1084 librum
1187 1028 1283 1084 iuliani
1296 1028 1348 1085 dua
1361 1031 1506 1100 pracsertim
1521 1031 1608 1099 docet,
1633 1046 1714 1088 cutim
1732 1031 1848 1102 quidem,
1875 1034 1986 1090 virtutes
2007 1034 2152 1093 loddeliuur
2175 1055 2252 1097 reru

629 1139 681 1177 nun
701 1137 760 1177 esse
776 1120 908 1175 :alterum
923 1121 1177 1186 cenomannense
1193 1123 1522 1193 coucupisectrtiam,quud
1538 1124 1600 1193 ipsis
1610 1124 1689 1178 etiam
1706 1122 2002 1195 Gentiliumsententiis,
2026 1129 2159 1197 praebente
2171 1147 2252 1189 ocu·

625 1216 726 1269 tiottcur
744 1202 860 1274 iuliano,
873 1220 1073 1267 corumoustrat.
1089 1212 1164 1266 Circa
1178 1211 1293 1266 medium
1308 1212 1365 1266 libri
1380 1212 1470 1282 paucis
1483 1213 1568 1267 obiter
1579 1211 1705 1277 ostendit,
1721 1212 1854 1283 quomodo
1867 1216 1950 1285 gratia
1964 1230 2016 1271 nou
2029 1217 2175 1274 secundum
2194 1236 2252 1278 nte-

625 1301 675 1355 rita
690 1300 776 1366 detur,
791 1316 839 1356 uce
850 1312 937 1355 tamen
955 1301 983 1354 iu
998 1299 1079 1355 latum
1098 1301 1133 1356 sit
1152 1301 1292 1357 reserenda
1307 1320 1314 1355 ι
1330 1312 1409 1372 utque
1427 1302 1624 1373 intelligendum
1643 1303 1713 1371 quod
1736 1304 1879 1374 Apostolus
1899 1306 1946 1375 ait,
1968 1306 2050 1364 boun
2071 1310 2140 1366 rede
2158 1327 2252 1369 omues

625 1389 746 1445 hominos
760 1392 847 1444 salsus
867 1391 933 1446 lieri.

659 1482 688 1534 ln
702 1481 803 1550 quinto,
819 1482 914 1535 librum
929 1480 1072 1536 aduersarii
1088 1482 1193 1536 tertium
1217 1481 1366 1546 consutam,
1389 1483 1452 1537 dicit
1469 1498 1517 1537 cur
1531 1496 1626 1538 noram
1647 1481 1771 1538 baresint
1791 1500 1849 1554 quan
1871 1486 1980 1555 originis
2003 1498 2139 1557 peccatum
2163 1502 2251 1560 negat,

623 1574 768 1629 detestetur
780 1576 919 1629 multitudo
931 1576 1091 1641 christiana,
1104 1578 1164 1648 quia
1178 1578 1300 1631 ttirniruut
1314 1578 1453 1646 imaginem
1468 1577 1513 1631 Dei
1528 1586 1614 1631 brittus
1626 1576 1668 1631 bic
1682 1578 1708 1632 iu
1730 1579 1846 1646 paruulis
1865 1580 1998 1637 cruciatus
2015 1584 2079 1650 pati,
2104 1585 2167 1639 etsi
2187 1585 2252 1640 abs·

623 1679 675 1734 quc
689 1664 968 1732 baptisatoiotercaut,
983 1681 997 1720 a
1013 1681 1096 1735 regno
1111 1667 1154 1720 ilci
1169 1665 1272 1722 excludi
1295 1667 1376 1720 notit.
1400 1666 1563 1721 perizomata
1577 1682 1591 1718 a
1607 1667 1759 1735 parentibus
1778 1668 1871 1739 priutis
1883 1669 1917 1722 ob
1938 1669 2066 1739 pudorem
2091 1688 2122 1727 cs
2143 1685 2252 1743 peccato

623 1756 913 1825 rnntcrrnrrrossnnpta
923 1758 1026 1825 probat.
1044 1758 1183 1811 Peccatum
1196 1773 1229 1827 pu
1244 1773 1274 1813 sc
1286 1772 1346 1812 csse
1360 1756 1641 1826 qtrneedcntispeecati
1652 1772 1768 1826 ptertarn.
1790 1759 1829 1813 Ex
1848 1759 1940 1815 cadem
1967 1761 2143 1818 daturtatiouis
2165 1781 2250 1821 massa

626 1861 686 1902 csse
701 1847 767 1900 alios
781 1848 862 1915 gratis
877 1847 985 1912 electos,
1003 1849 1069 1901 alios
1084 1862 1143 1901 tusa
1157 1849 1202 1901 irae
1216 1847 1308 1902 lactus.
1321 1848 1565 1915 concupiscentiam
1578 1861 1630 1901 non
1645 1846 1705 1901 ideo
1719 1847 1796 1902 lande
1813 1846 1932 1917 diguam,
1945 1851 2014 1920 quod
2028 1867 2074 1921 per
2087 1870 2146 1908 carn
2166 1855 2250 1909 laracni·

625 1939 667 1992 uis
689 1938 865 1992 inobedientia
882 1939 1012 2007 pennatum
1027 1938 1072 1992 scd
1090 1953 1196 2008 semper
1208 1953 1269 1993 csse
1285 1937 1393 2002 malam,
1408 1937 1436 1992 in
1451 1936 1503 1992 illis
1515 1939 1606 1996 ctiam.
1621 1937 1667 2008 qui
1680 1938 1705 1993 ci
1721 1953 1772 1992 nou
1791 1939 1971 1995 consentiunt.
1994 1942 2133 2011 Quomodo
2153 1946 2250 1999 intelli·

622 2031 737 2101 gendmu
754 2032 816 2086 illud
833 2033 968 2101 Apostoli,
983 2040 1010 2085 ut
1026 2033 1088 2085 crint
1103 2032 1273 2102 donationisque
1285 2047 1358 2085 snum
1372 2047 1415 2084 our
1429 2030 1565 2100 pomum.
1583 2030 1679 2085 Verum
1695 2030 1753 2085 sine
1767 2031 1910 2086 concubitu
1922 2047 1991 2099 csse,
2005 2035 2082 2104 quale
2092 2035 2181 2091 ttartae
2191 2052 2249 2091 cunr

624 2121 721 2191 ioscpb
734 2123 789 2187 brit,
802 2122 961 2191 corrjttgium.
977 2122 1084 2175 Frustra
1098 2119 1232 2175 lulianum
1247 2136 1281 2175 cx
1295 2118 1616 2189 Aristoteliciscatcgoriis
1627 2125 1720 2174 eontra
1739 2119 1866 2190 originale
1879 2130 2015 2189 peccatum
2029 2125 2157 2191 argutari.
2181 2124 2248 2192 Quid

623 2227 686 2268 caro
697 2214 794 2268 (ibristi
807 2229 821 2266 a
835 2223 990 2268 ceterorum
1006 2212 1141 2267 lrorrriuum
1156 2227 1236 2266 curae
1250 2211 1349 2281 peceati
1368 2210 1457 2266 distet.
1471 2209 1622 2265 blauicbaeis
1644 2210 1752 2265 minime
1764 2210 1852 2265 iacere
1865 2210 2026 2276 eatbottcos,
2046 2213 2109 2269 dum
2134 2214 2250 2271 libidinis

624 2303 722 2357 multuo
737 2312 764 2358 ct
776 2305 884 2373 otiginis
898 2304 990 2357 sitium
1008 2313 1170 2373 agnoscunt,
1185 2302 1232 2357 scd
1245 2303 1399 2372 Pelagianos
1415 2301 1511 2371 potius,
1525 2316 1586 2356 cum
1599 2320 1609 2353 ι
1627 2300 1661 2357 de
1672 2316 1704 2357 ea
1718 2317 1747 2358 re
1759 2317 1846 2372 quea
1861 2313 1971 2373 peccato
1981 2304 2064 2360 libera
2077 2319 2118 2361 est
2131 2325 2142 2359 ι
2158 2307 2248 2363 dieunt

599 2403 608 2422 ⁶
629 2412 642 2447 ι
657 2403 761 2463 peecata
779 2410 830 2449 nort
846 2395 929 2448 nasei.
948 2414 958 2446 ι

661 2484 743 2539 Sesto
758 2484 863 2538 tandctn
878 2485 946 2539 libro
964 2485 996 2538 ad
1011 2484 1106 2539 iuliani
1119 2492 1241 2554 quartum
1253 2482 1431 2552 respondens,
1446 2483 1518 2539 nasei
1538 2482 1672 2538 bominem
1690 2497 1749 2538 cunr
1770 2493 1879 2552 peccato
1900 2486 2040 2539 cotdirmat
2059 2499 2091 2540 cx
2113 2485 2250 2555 baptismo

623 2578 805 2646 parturierunt,
819 2592 851 2629 cx
865 2577 981 2644 Apostoli
996 2575 1099 2640 ceritis,
1113 2584 1140 2629 et
1155 2576 1209 2629 ritu
1222 2573 1364 2629 exorcismi
1377 2589 1411 2628 ex
1424 2566 1615 2628 exsufflationis
1628 2570 1855 2641 baptizandorum.
1869 2572 1941 2627 Oieae
1960 2582 1987 2629 et
2006 2574 2112 2628 oleastri
2128 2576 2250 2646 exetttp'e

623 2665 811 2719 corrrcuicutcr
824 2666 932 2735 cspttrtit
952 2665 1085 2734 quomode
1107 2680 1141 2719 ex
1155 2663 1306 2733 parentibus
1325 2663 1487 2733 regeneratis
1504 2677 1536 2716 ac
1548 2662 1625 2731 justis
1638 2672 1781 2717 nascautur
1795 2662 1842 2716 lilii
1857 2671 2009 2731 peccatores
2020 2672 2047 2719 ct
2062 2666 2246 2735 regenerandi.
2275 2696 2278 2700 ι

623 2752 764 2809 Peccatum
788 2755 914 2823 originale
936 2755 962 2808 iu
983 2756 1075 2825 primis
1096 2755 1249 2823 parentibus
1263 2752 1440 2807 uoluntarium
1460 2768 1520 2808 esse
1532 2752 1665 2816 ostendit,
1686 2768 1718 2807 ac
1739 2752 1814 2807 uobis
1828 2753 1934 2823 quidem
1952 2753 2068 2809 alienum
2087 2755 2249 2824 proprietate

624 2844 753 2911 actionis,
766 2854 884 2899 nostrum
899 2855 986 2899 tattten
996 2846 1153 2914 contagione
1169 2843 1327 2913 propaginis.
1344 2841 1427 2911 liujus
1442 2842 1540 2912 pcccati
1553 2842 1649 2898 merite
1663 2841 1719 2896 ilcri
1732 2882 1739 2907 ,
1753 2850 1781 2896 ut
1795 2843 1875 2897 tantis
1886 2843 1920 2898 ab
1932 2843 2040 2899 infautia
2052 2845 2167 2899 miseriis
2181 2856 2248 2903 atte-

623 2945 698 2990 ratur
709 2948 792 3003 gcnus
807 2934 968 3000 burruanum,
981 2943 1063 3003 utque
1080 2934 1180 3003 paruuli
1194 2934 1251 2988 siue
1264 2934 1469 3001 regenerationis
1480 2932 1563 3002 gratia
1576 2930 1719 2986 medentes
1731 2931 1930 2986 excludanturii
1944 2948 2026 3003 reguo
2039 2934 2095 2987 Pei.
2110 2934 2249 3003 Quomodo

624 3024 835 3091 cortcnpisccutia
850 3034 938 3079 manet
949 3033 1020 3090 actu,
1032 3024 1150 3092 praeterit
1164 3033 1248 3076 rcatu.
1261 3022 1334 3076 Pauli
1347 3022 1496 3076 testimonia
1507 3034 1632 3089 perverse
1646 3019 1776 3075 aluliauo
1788 3022 1906 3091 exposita
1918 3030 2024 3078 revomi
2037 3023 2070 3077 ad
2082 3024 2247 3079 catltolicutn

546 3160 549 3165 .
623 3114 797 3169 intellectum.
819 3113 965 3168 Ezechielis
980 3121 1113 3181 postremo
1125 3112 1325 3175 anctoritatem,
1339 3126 1390 3180 qua
1413 3110 1457 3164 ilie
1477 3108 1649 3174 abutebatur,
1673 3108 1816 3163 secundum
1831 3108 1976 3179 legitimum
1994 3126 2101 3166 scusuut
2118 3112 2247 3185 irtterprc·

624 3212 704 3257 tatur.

671 3332 712 3391 ln
729 3331 825 3393 libros
841 3331 958 3394 Contra
974 3332 1148 3402 lulianum,
1163 3331 1232 3391 uide
1247 3328 1301 3391 lid.
1317 3329 1348 3399 2,
1375 3347 1443 3407 cup.
1460 3328 1511 3399 62,
1531 3330 1813 3402 detractationem,
1834 3338 1857 3391 t.
1876 3332 1905 3402 l,
1922 3332 1980 3393 coi.
1999 3332 2081 3407 655,
2101 3336 2247 3406 combis,

624 3407 749 3470 lutcrca
763 3410 836 3470 libri
852 3417 1003 3489 quatuor,
1017 3427 1111 3487 usque
1126 3408 1167 3468 nd
1179 3408 1280 3474 uerbo,
1297 3406 1513 3467 Conlumelias
1528 3411 1598 3469 luas
1615 3412 1647 3468 cl
1660 3409 1759 3469 verbu
1773 3408 1942 3483 maledica,
1956 3411 2095 3473 lulittae.
2137 3413 2181 3474 bl.

719 3718 1248 3865 cucusum
1325 3716 1803 3929 uersuum
1856 3717 2153 3921 cuttu.

900 4082 1056 4138 beatissimo
1070 4081 1144 4135 fratr.
1156 4089 1182 4134 ct
1194 4081 1351 4149 coepiscopo
1363 4078 1489 4148 Cenoma,
1501 4083 1675 4148 dccusrtttus,
1689 4082 1715 4136 iu
1728 4082 1839 4137 ttooduo
1852 4084 1974 4140 salutem.

606 4237 613 4253 .
662 4198 790 4266 Qmmiam
808 4197 871 4252 tuilti
886 4197 1001 4252 lratcrno
1015 4198 1143 4252 excitatus
1162 4196 1274 4263 ellectu,
1289 4196 1386 4251 Jtdiaui
1400 4206 1511 4266 quatuor
1525 4196 1625 4264 libros,
1645 4212 1711 4267 quus
1722 4197 1848 4254 aduersus
1867 4217 1947 4256 uuuut
1962 4218 2048 4259 tuenm
2063 4201 2100 4275 (u)
2120 4207 2242 4275 scripsit,

627 4292 778 4359 priusquam
793 4299 926 4357 peterem,
943 4289 999 4357 ipsc
1013 4289 1122 4354 utisisti;
1137 4287 1202 4342 nibil
1217 4287 1415 4342 cortrcnicntius
1429 4288 1518 4357 parturi
1531 4301 1590 4342 esse
1600 4285 1766 4355 laciendum,
1779 4304 1857 4358 quam
1870 4300 1938 4346 utea
1952 4308 2010 4361 que
2028 4295 2195 4365 respondeo,
2215 4305 2242 4350 tu

626 4383 790 4449 rudissimam
813 4383 903 4450 legens
923 4380 1042 4449 judices,
1061 4389 1149 4434 utrum
1163 4389 1235 4435 recte
1253 4389 1480 4449 congruenterque
1493 4378 1687 4448 responderim.
1702 4378 1767 4433 Natu
1782 4380 1815 4435 de
1840 4381 1881 4437 bis
1894 4391 2007 4452 quatuor
2026 4385 2100 4440 libris
2118 4387 2241 4441 oernenda

625 4472 750 4541 decerpta
763 4473 905 4540 scripserat
918 4473 1006 4525 nescio
1019 4471 1078 4540 quis
1091 4470 1122 4523 ad
1139 4470 1266 4524 illustrent
1276 4479 1303 4524 ct
1318 4469 1470 4539 religiosum
1482 4469 1566 4522 uirum
1581 4469 1704 4523 comiteur
1718 4468 1861 4534 Valerium,
1872 4470 2000 4525 aduersus
2014 4474 2137 4528 cumdem
2149 4474 2242 4529 librum

625 4580 725 4626 meunt,
740 4579 816 4633 quem
831 4578 874 4617 mc
887 4563 919 4616 ad
932 4563 1003 4617 illum
1017 4562 1155 4632 scripsisse
1167 4572 1325 4630 cognosccat
1339 4578 1346 4614 ι
1358 4577 1416 4629 que
1430 4574 1490 4616 cuttt
1503 4561 1528 4614 iu
1542 4575 1635 4615 rnattus
1650 4574 1723 4614 meas
1734 4559 1827 4614 eodem
1840 4560 1945 4616 sublimi
1962 4563 2018 4617 viro
2030 4573 2141 4620 curante
2155 4567 2243 4621 rearis·

624 4669 701 4724 serit,
714 4660 749 4712 iili
765 4658 848 4726 priario
862 4673 913 4711 nun
933 4656 1021 4710 disttdi
1040 4655 1185 4712 secundum
1198 4657 1319 4711 columen
1334 4656 1496 4726 adjungere,
1511 4656 1536 4709 in
1551 4670 1604 4726 quo
1614 4656 1657 4711 illa
1668 4656 1772 4722 omnia,
1788 4656 1856 4711 sicut
1871 4657 1956 4725 potui,
1974 4656 2094 4712 refutavi.
2108 4657 2161 4714 Sed
2176 4673 2244 4714 nune

625 4749 733 4806 eosdem
747 4750 828 4803 libros
839 4764 898 4803 curn
910 4748 1060 4820 diligentius
1073 4749 1241 4818 inspicerent,
1252 4748 1368 4816 comperi
1384 4747 1469 4810 iilum,
1484 4747 1528 4816 qui
1539 4746 1663 4800 nonnulle
1678 4745 1739 4800 iude
1751 4747 1891 4816 selegerat,
1904 4761 1956 4801 uon
1970 4747 2059 4802 omnia
2077 4749 2113 4802 ita
2125 4747 2244 4816 posuisse

602 4886 608 4895 ,
625 4850 655 4896 ut
673 4842 697 4896 in
713 4842 753 4894 bis
772 4839 846 4894 libris
860 4840 990 4910 leguntur.
1004 4837 1079 4893 Unde
1095 4838 1191 4907 poterit
1205 4837 1288 4892 rideri
1302 4836 1426 4904 iuliano,
1439 4836 1481 4891 rel
1495 4834 1603 4890 cuilibet
1621 4835 1741 4900 illorum,
1758 4850 1800 4889 mc
1813 4835 1902 4905 potius
1915 4833 1996 4890 luisse
2008 4834 2164 4901 mentitum
2184 4836 2245 4906 quia

622 4948 677 4988 nou
692 4933 779 5001 utiquc
792 4930 860 4985 sicut
878 4930 906 4984 bi
918 4938 1030 5000 quatuor
1040 4928 1099 4984 libri
1112 4971 1118 4994 ,
1133 4928 1168 4982 ita
1190 4928 1232 4982 illa
1246 4943 1305 4997 qua·
1319 4926 1353 4982 dc
1366 4926 1407 4981 bis
1420 4934 1563 4995 excerpta,
1578 4932 1606 4979 et
1618 4932 1764 4979 memorato
1782 4925 1872 4980 couniti
1887 4924 1966 4978 missa
1986 4933 2064 4992 srtnt,
2082 4925 2245 4982 tenerescere
2265 4994 2268 5003 ‚

624 5033 776 5093 potueruut.
790 5023 914 5091 Quisquis
932 5036 995 5091 crgo
1015 5029 1043 5075 ct
1056 5021 1128 5074 ilium
1144 5019 1287 5075 secundum
1303 5017 1398 5071 librum
1411 5032 1498 5072 meunt
1513 5015 1547 5071 ad
1559 5016 1683 5071 comitem
1706 5014 1847 5070 identidem
1867 5014 2021 5077 Valerium,
2043 5015 2112 5070 sicut
2132 5017 2243 5085 primurn

623 5113 800 5180 eortscriptmu
812 5111 890 5182 legit,
906 5109 1007 5163 nouerit
1021 5124 1064 5163 mc
1078 5109 1102 5161 in
1117 5106 1274 5177 quibasdam
1289 5121 1341 5161 nott
1353 5105 1521 5175 respondisse
1534 5104 1655 5170 Juliauu;
1678 5103 1724 5159 scd
1741 5104 1765 5159 ei
1779 5104 1865 5174 potius
1876 5104 1921 5172 qui
1935 5103 1968 5158 tle
1982 5103 2057 5158 libris
2076 5104 2136 5175 ejus
2147 5105 2191 5159 iila
2204 5121 2246 5158 se·

537 5210 541 5217 ’
623 5202 694 5272 legit,
709 5210 797 5256 ctuun
812 5192 948 5270 ita'posuit
962 5207 989 5253 ut
1003 5199 1111 5263 iuucuit,
1127 5198 1173 5251 scd
1185 5197 1345 5267 aliquantum
1356 5196 1457 5268 putarit
1468 5210 1528 5252 esse
1539 5196 1677 5261 mutrmdm
1692 5196 1803 5249 sortasse
1816 5204 1844 5248 ut
1856 5208 1888 5247 co
1903 5194 1981 5249 ruodo
1999 5194 2074 5264 quasi
2091 5210 2137 5249 sua
2148 5194 2245 5251 laceret

623 5309 682 5363 qnae
696 5293 781 5347 aliena
796 5307 856 5346 esse
867 5300 1009 5346 constaret.
1025 5289 1099 5344 Nunc
1111 5298 1197 5342 autem
1208 5287 1310 5341 ucritrra
1324 5288 1435 5343 credens
1447 5286 1616 5355 exemplaria,
1628 5301 1687 5355 qum
1700 5295 1742 5339 ttta
1753 5285 1883 5339 Sattctitus
1895 5286 1977 5352 misit,
1990 5285 2039 5354 ipsi
2054 5287 2155 5341 auctori
2171 5287 2245 5341 rideo

624 5383 849 5453 resqtoudcndum,
861 5382 904 5450 qai
917 5397 998 5435 uuum
1012 5395 1099 5435 mcum
1112 5386 1225 5448 quatuor
1236 5378 1310 5432 libris
1322 5379 1377 5432 suis
1390 5378 1519 5433 relcllisse
1533 5393 1562 5432 sc
1575 5378 1675 5447 jactat,
1690 5388 1717 5432 et
1732 5392 1917 5446 usquequaque
1929 5392 2053 5448 spargere
2071 5378 2131 5432 stdei
2145 5393 2244 5433 rectene

623 5488 675 5525 ιιιιιι
689 5482 786 5527 cessat.
800 5475 945 5542 dggrcssus
960 5485 1018 5525 sunt
1030 5471 1108 5540 igitur
1120 5467 1170 5523 bec
1181 5483 1248 5537 opus
1261 5472 1286 5520 iu
1301 5467 1431 5538 adjutorio
1443 5466 1587 5523 saluatoris
1600 5466 1754 5536 pusillorum
1767 5477 1845 5535 atquc
1862 5477 2071 5536 magnaeanum
2089 5469 2145 5523 scio
2160 5477 2202 5534 tc,
2218 5476 2246 5525 ut

624 5563 650 5619 id
666 5565 802 5630 implerem
817 5579 907 5617 orasse
922 5578 968 5632 pru
981 5577 1040 5627 unc,
1057 5570 1082 5615 ct
1098 5576 1147 5629 pro
1166 5561 1197 5614 iis
1209 5560 1303 5629 quibus
1316 5559 1496 5629 lrnjuscemodi
1518 5559 1621 5615 labores
1635 5569 1741 5616 nostros
1756 5560 1905 5629 prolaturos
1919 5562 2052 5617 credimus
2068 5571 2095 5617 ct
2114 5571 2243 5634 optamus.

624 5653 737 5708 ducude
749 5669 812 5723 ergo
824 5653 878 5723 jant
893 5651 1092 5720 responsionem
1103 5665 1199 5713 meam,
1214 5649 1289 5718 euius
1301 5648 1457 5718 principium
1471 5647 1540 5702 batte
1552 5648 1690 5716 epistulam
1703 5649 1886 5719 subsequetur.
1900 5648 1964 5705 Vale
1974 5650 2000 5704 iu
2013 5651 2125 5708 [leontino
2146 5663 2244 5706 utentur

624 5747 706 5798 nostri
721 5786 728 5810 ,
744 5745 825 5800 irater
838 5744 1001 5800 beatissime.

654 5879 690 5938 qn)
707 5880 798 5927 tibrum
812 5881 913 5941 primum
924 5877 954 5926 de
970 5878 1054 5938 *uptiis
1067 5883 1091 5927 et
1102 5875 1304 5934 ‹fuumriseenbe-

1319 6125 1527 6228 stow
