5592 7350
582 853 716 918 ιιι.

585 967 687 1024 bonam
699 966 876 1039 melanciam
889 968 937 1024 scd
947 968 1018 1040 guod
1033 985 1067 1024 ιι
1082 969 1127 1025 illo
1140 969 1205 1026 sitio
1221 970 1299 1040 prinei
1316 970 1366 1025 bo·

584 1058 665 1114 minis
682 1057 773 1113 trabit.

618 1163 732 1220 cetur
752 1162 785 1218 t.
798 1194 833 1205 -
845 1164 872 1220 9.
890 1162 1034 1236 Respondet
1054 1166 1089 1220 ad
1111 1164 1306 1239 Pelagianorttm
1329 1182 1373 1221 ro·

582 1254 703 1307 lemnius.
731 1253 799 1317 out
822 1253 926 1309 liberum
956 1257 1088 1310 arbitrium
1110 1263 1164 1311 tina
1190 1258 1281 1327 gratim
1305 1257 1374 1325 Quid

582 1343 690 1396 sentinat
713 1342 837 1398 Cotbotici
863 1345 894 1398 de
919 1349 982 1414 fato.
1010 1346 1069 1402 lam
1091 1361 1161 1402 nunc
1186 1348 1230 1402 illa
1259 1348 1372 1403 videnda

582 1440 655 1497 mant,
672 1448 731 1503 gua
750 1435 775 1488 in
797 1434 915 1505 Epistola
934 1450 980 1490 sua
1003 1438 1079 1494 nobis
1104 1438 1281 1508 objicientes,
1310 1439 1371 1495 bre-

583 1521 653 1576 riter
677 1532 838 1591 posuerunt,
860 1525 955 1594 guribus
975 1525 1031 1583 bec
1050 1538 1091 1583 est
1110 1540 1200 1583 nostra
1221 1529 1370 1613 responsio.

582 1611 694 1668 Peccata
703 1614 767 1668 ιιι
787 1614 923 1669 arbitrium
937 1616 1049 1671 libemm
1070 1617 1104 1672 de
1116 1616 1252 1673 bominum
1278 1629 1371 1675 natura

583 1703 694 1770 periisse
714 1719 766 1757 non
784 1703 896 1759 dicimus
912 1723 918 1758 :
934 1706 981 1761 sed
1004 1706 1037 1761 ad
1050 1708 1212 1777 peccandum
1234 1710 1323 1764 valere
1343 1709 1371 1765 ln

582 1790 732 1846 horninibus
746 1792 858 1847 subditis
878 1794 1002 1861 diabolo,
1016 1795 1049 1851 ad
1072 1797 1140 1852 bene
1163 1808 1251 1852 autcm
1276 1799 1371 1870 pieque

581 1879 784 1935 risenduntnon
795 1882 892 1948 valere,
913 1884 963 1938 nisi
982 1884 1037 1953 ipsa
1050 1886 1171 1940 rotenus
1186 1886 1300 1941 hominis
1323 1887 1371 1943 [lei

579 1968 663 2037 gratia
672 1968 749 2024 inerit
765 1970 919 2038 liberatem
932 1972 965 2027 ad
973 1988 1052 2028 omne
1062 1974 1294 2043 bonutrtactionis,
1310 1991 1369 2032 ser-

581 2059 677 2125 monis,
697 2060 863 2129 cogitationis
885 2062 985 2131 adjuta.
1004 2063 1140 2119 Neminem
1153 2066 1203 2120 nisi
1230 2067 1368 2122 Dominum

581 2149 664 2204 lleum
676 2147 789 2205 dicimus
801 2153 964 2207 nasccntium
978 2154 1164 2221 conditorem;
1181 2171 1230 2211 nec
1249 2173 1263 2210 a
1278 2158 1369 2213 diabo-

582 2239 618 2305 lo,
631 2240 679 2295 sed
690 2241 724 2296 ab
737 2242 794 2311 ipso
809 2244 914 2313 nuptias
927 2245 1059 2301 institutas
1076 2264 1083 2300 ι
1099 2263 1193 2303 omncs
1209 2258 1296 2304 tamen
1319 2250 1368 2306 sub

580 2338 688 2398 peccato
702 2331 774 2385 trasei
789 2341 896 2402 propter
905 2334 1057 2403 propaginis
1066 2338 1175 2403 vitium;
1191 2346 1218 2393 et
1232 2338 1291 2394 ideo
1306 2354 1368 2396 esse

578 2419 628 2475 sub
640 2418 755 2486 diabolo,
779 2421 865 2477 detrec
880 2435 1052 2480 renascantur
1071 2426 1097 2481 in
1118 2425 1234 2483 cbristo.
1251 2428 1306 2484 Nee
1318 2429 1367 2485 sub

578 2510 687 2563 nurnine
697 2511 787 2579 gratiae
800 2510 881 2565 iatum
895 2516 1048 2581 asserimus,
1064 2516 1125 2586 qula
1139 2518 1217 2572 nuliis
1230 2518 1366 2573 bominum

579 2599 681 2653 meritis
694 2599 740 2655 bet
751 2602 861 2670 gratiam
882 2603 993 2659 dicimus
1007 2607 1137 2661 antecedi.
1159 2608 1186 2663 Si
1199 2618 1285 2664 atatem
1309 2610 1366 2681 qui·

579 2688 688 2744 busdam
698 2692 885 2760 omnipotentis
900 2692 946 2750 bei
959 2697 1120 2753 voluntatem
1145 2700 1230 2769 piacet
1251 2699 1297 2766 lati
1317 2717 1366 2757 no·

579 2778 651 2834 mine
667 2795 836 2850 nuncupare3
854 2783 978 2852 proianas
1003 2786 1109 2856 quidem
1125 2792 1265 2846 verborum
1288 2794 1365 2849 riori·

579 2879 645 2925 tates
656 2872 784 2926 usitamus
797 2871 808 2944 (
822 2872 832 2927 l
846 2873 911 2929 Tim.
924 2891 968 2945 ιι,
990 2877 1025 2934 20
1040 2877 1061 2950 ),
1075 2880 1123 2936 scd
1137 2880 1172 2938 dc
1192 2883 1281 2939 verbis
1299 2899 1364 2940 cou-

577 2960 686 3016 tendcre
696 2976 747 3015 non
760 2977 889 3018 amamus.

616 3049 659 3105 ιι).
674 3049 750 3105 Unde
761 3061 848 3106 autern
858 3053 908 3108 broc
920 3056 959 3111 eis
972 3057 1057 3113 risum
1071 3059 1150 3116 iuerit
1169 3062 1244 3119 nobis
1259 3065 1359 3137 objice-

580 3137 620 3203 re,
631 3138 702 3208 nuod
715 3138 798 3195 iatum
816 3156 966 3200 asseramus
985 3147 1035 3203 sub
1049 3151 1156 3207 nomine
1175 3156 1287 3224 gratim,
1302 3171 1362 3212 curn

575 3227 711 3299 aliquantu
738 3231 866 3287 attentius
887 3236 1051 3306 cogitarem
1068 3242 1139 3310 prius
1159 3257 1251 3298 eorum
1276 3247 1357 3303 rerlsa

575 3332 634 3387 gaae
648 3330 846 3390 consentiuntur
859 3325 971 3392 inspexi.
989 3325 1033 3383 Sic
1045 3329 1115 3383 enim
1129 3330 1180 3387 boe
1192 3335 1268 3388 nobis
1289 3334 1361 3405 obji-

575 3408 696 3463 c'endum
720 3421 875 3481 putarunt:
904 3432 914 3466 ι
945 3415 1000 3470 Sub
1023 3419 1149 3487 nonriue,
1179 3423 1358 3493 circuiunt,

577 3499 733 3567 cgratiseita
748 3501 827 3555 iatum
840 3513 972 3571 asserunt,
989 3506 1125 3575 nedicunt,
1139 3511 1199 3580 qtria
1221 3512 1270 3566 nisi
1292 3514 1362 3569 Deus

575 3587 693 3644 intitoet
705 3590 842 3648 reluctanti
865 3593 964 3648 bomini
979 3596 1224 3667 inspiraveritboni‚
1242 3609 1268 3656 et
1279 3603 1361 3670 ipsius

575 3679 733 3750 imperfecti,
758 3684 938 3754 cupiditatem,
967 3704 1016 3744 nee
1031 3705 1044 3742 a
1059 3692 1130 3746 malo
1152 3692 1360 3760 declinaremus
1389 3745 1393 3756 ,

574 3771 671 3826 bonum
704 3776 786 3843 possit
812 3777 939 3847 arripere.
957 3797 967 3832 r
986 3781 1085 3836 Deinde
1117 3783 1250 3854 aliquanto
1284 3795 1359 3855 post,

574 3860 616 3916 ubi
633 3862 682 3931 ipsi
697 3879 755 3932 germ
773 3865 931 3935 defendant,
946 3884 1169 3940 commemorant,
1194 3875 1256 3940 guid
1268 3876 1361 3933 deltae

574 3965 602 4004 re
624 3952 658 4005 ab
668 3952 707 4007 eis
720 3953 860 4022 diceretur,
875 3958 986 4013 attettdi.
1002 3960 1167 4030 «baptisma,
1189 3982 1198 4015 ι
1227 3965 1359 4036 ittquiunt,

572 4042 699 4098 omnibus
736 4049 914 4102 necessarium
941 4065 1001 4104 esse
1031 4053 1152 4108 aetatibus
1179 4056 1357 4113 comitemur:

571 4133 683 4202 gratiam
697 4149 801 4204 quoqtre
813 4137 937 4207 adjurare
952 4140 1161 4215 uniuscujusque,
1174 4145 1271 4201 bonum
1296 4163 1358 4217 pro·

572 4224 698 4292 positum,
713 4240 764 4280 stou
785 4235 872 4282 tamen
894 4230 1032 4286 reluctanti
1047 4234 1162 4289 sttrdium
1183 4235 1288 4292 virtutis
1307 4239 1359 4294 im-

558 4365 559 4368 ,
572 4318 754 4388 mittereque
763 4334 933 4389 personarum
945 4327 1062 4394 acceptio
1072 4337 1170 4383 nonest
1180 4330 1248 4398 apud
1259 4330 1356 4386 Deum»

573 4407 584 4477 ι
597 4408 694 4463 Coloss.
719 4425 758 4474 ιιι,
783 4410 851 4483 25).
878 4412 916 4468 Ex
939 4415 979 4469 bis
1001 4431 1093 4472 corum
1112 4420 1200 4474 verbis
1222 4421 1357 4490 intellexi,

571 4497 607 4549 ob
617 4495 667 4551 boe
682 4497 740 4551 iilos
759 4500 800 4554 tel
814 4508 905 4569 putare
916 4504 955 4556 vel
967 4506 1051 4572 putari
1065 4507 1142 4573 relic,
1154 4507 1235 4562 iatum
1251 4525 1300 4566 uos
1314 4526 1358 4566 as·

571 4590 721 4643 sereresub
735 4591 842 4646 nomine
864 4594 964 4662 gratiae,
977 4595 1036 4665 quia
1051 4598 1162 4665 gratiam
1176 4598 1225 4654 liei
1246 4617 1298 4654 non
1313 4617 1357 4657 sc·

572 4677 688 4732 cunradum
704 4680 797 4734 merita
818 4693 907 4737 nostra
924 4684 1037 4739 dicimus
1060 4686 1127 4753 dari,
1142 4689 1189 4743 sed
1209 4691 1355 4748 secundum

572 4767 655 4838 ipsius
667 4771 938 4828 misericordissimam
966 4775 1138 4838 uoluntatem,
1149 4779 1280 4858 grtidixit,
1299 4782 1353 4838 lii-

573 4861 671 4914 screltor
680 4863 722 4914 sai
730 4859 845 4918 oti'scrtas
865 4881 917 4932 cro,
931 4875 955 4919 et
969 4869 1165 4923 ndsoioordiam
1179 4874 1300 4940 praestabo
1310 4875 1352 4929 soi

572 4952 712 5007 misericors
736 4957 816 5022 [uero.
846 4954 894 5011 Ubi
909 4969 1102 5027 consequenter
1128 4960 1281 5029 adjunctum
1297 4973 1354 5031 est,

573 5038 656 5110 igitar
669 5059 718 5095 ron
732 5043 852 5109 uolentis,
875 5062 953 5115 neque
964 5050 1096 5113 currenda,
1111 5050 1156 5104 sed
1167 5052 1304 5108 miserentis
1316 5066 1353 5109 est

574 5131 620 5184 ibri
635 5132 644 5203 (
661 5131 734 5187 ιιιιιι.
749 5150 785 5199 ιιι,
797 5136 841 5199 lb,
856 5137 889 5191 t6
902 5136 923 5207 ).
943 5138 1035 5193 Posset
1046 5141 1125 5194 ctiam
1145 5141 1205 5197 binc
1228 5144 1356 5213 quispiam

572 5222 794 5278 sirniliterstnltus
804 5223 848 5278 iati
863 5237 1022 5283 assertorem
1032 5232 1186 5299 Apostolum
1209 5243 1302 5302 putare
1317 5238 1357 5292 ιιι

572 5308 672 5367 dicere.
688 5312 784 5367 llertrm
799 5315 841 5369 hic
858 5316 944 5370 scisti
967 5318 1031 5372 satis
1051 5322 1181 5388 aperiunt.
1197 5321 1261 5377 Cum
1285 5327 1356 5382 enim

572 5410 711 5472 propterca
736 5403 813 5459 nobis
834 5402 1048 5472 calumniantur,
1072 5408 1191 5466 diceutes
1205 5428 1254 5469 nos
1273 5413 1355 5471 iatum

571 5492 662 5561 gratia
675 5494 781 5547 nomine
793 5509 929 5562 asserere,
952 5498 1011 5566 quia
1028 5513 1078 5554 non
1092 5502 1238 5557 secundnm
1262 5507 1355 5562 merita

573 5591 662 5636 nostra
680 5582 737 5637 dari
751 5583 862 5639 dicimus
877 5583 923 5640 [ιιι
935 5587 1065 5656 gratiam;
1081 5591 1170 5659 procul
1194 5592 1275 5648 dubio
1289 5609 1356 5650 con-

524 5669 531 5679 '
572 5672 680 5729 litentur
690 5675 759 5744 qnod
775 5677 824 5746 ipsi
842 5693 901 5732 eam
914 5680 1059 5735 seeundum
1070 5692 1159 5738 nostra
1179 5690 1272 5741 merita
1292 5689 1350 5745 dari

571 5761 662 5818 dicunt
678 5782 685 5819 :
701 5765 736 5819 ita
758 5768 864 5822 cecitas
877 5784 968 5824 eorum
990 5774 1123 5829 occrrltare
1141 5790 1172 5830 ac
1188 5777 1355 5838 dissimulare

572 5865 624 5907 uon
636 5856 729 5922 potuit,
742 5855 792 5910 boe
811 5870 841 5911 se
861 5873 954 5928 sapere
968 5871 1046 5931 atqrre
1067 5864 1187 5933 sentire,
1203 5868 1273 5937 qarod
1303 5872 1355 5927 sibi

573 5941 703 6010 abjectum
724 5943 844 6015 Pelagius
862 5946 889 6001 in
914 5948 1057 6021 episcopali
1090 5951 1190 6021 judicio
1212 5956 1355 6016 Palaestino

571 6030 683 6086 subdolo
693 6033 787 6088 tirnore
807 6035 950 6092 damnarit.
977 6039 1112 6108 llbjeetum
1138 6045 1235 6114 quippe
1257 6047 1293 6103 iili
1314 6061 1355 6107 est

572 6123 815 6193 exterbisquidcm
837 6127 958 6198 discipuli
980 6133 1020 6184 sni
1033 6133 1161 6196 coelestis,
1182 6138 1252 6207 qrrod
1272 6143 1353 6198 etium

572 6211 746 6281 ipsedicerct,
762 6232 772 6266 ι
786 6218 896 6285 gratiam
911 6218 955 6274 lbci
979 6221 1124 6277 secundnm
1150 6229 1242 6282 merita
1265 6239 1353 6287 nostra

1234 859 1332 913 steen
1351 858 1540 916 SECUNDUS.

2162 884 2215 945 stt

1427 971 1494 1026 duri.
1514 992 1523 1025 r
1540 972 1616 1039 erod
1626 976 1668 1031 ille
1680 977 1824 1045 detestans,
1840 982 1881 1039 rei
1890 988 1964 1055 guasi
1978 990 2115 1050 detestans
2128 998 2149 1061 ¹,
2162 1014 2213 1058 ure

1426 1060 1551 1115 ιιιιιιιιιιι
1561 1065 1781 1125 anathematizare
1796 1088 1848 1127 nou
1862 1074 1981 1134 distulit:
1995 1082 2042 1135 scd
2067 1094 2135 1139 stent
2155 1090 2214 1156 eju

1427 1148 1485 1205 libri
1502 1155 1661 1220 posteriores
1673 1157 1797 1222 italicam,
1813 1172 1840 1216 ιι
1857 1165 1965 1222 istorum
1979 1177 2210 1245 sectatornch'us

1426 1240 1660 1311 nudat²asscrtio,
1684 1247 1746 1302 licto
1763 1252 1842 1307 corde
1858 1260 1982 1324 serravit,
2000 1262 2086 1318 detrec
2105 1277 2208 1335 postea,

1424 1330 1494 1399 quod
1515 1340 1576 1386 tune
1600 1344 1671 1389 mete
1696 1346 1797 1394 texerat
1818 1348 1938 1411 negantis
1949 1352 2058 1414 astntin,
2074 1357 2153 1409 etiam
2180 1361 2208 1416 is

1424 1418 1527 1474 litteras
1541 1423 1672 1491 proterret
1684 1428 1803 1483 antiocia.
1814 1431 1849 1485 Et
1858 1433 2004 1492 adbnennn
2019 1442 2203 1512 rebrrnridant,

1424 1524 1474 1565 nee
1486 1511 1580 1566 saitem
1591 1518 1803 1574 verecundantur
1814 1522 1933 1593 episcopi
1955 1527 2084 1597 pelagiani
2102 1534 2206 1591 litteras

1423 1611 1485 1651 suas
1494 1602 1631 1657 castrolicis
1643 1607 1815 1664 orientalibus
1826 1612 1958 1683 episeopis
1971 1619 2075 1675 mittere
2089 1663 2096 1686 ,
2112 1626 2209 1692 gruibus

1423 1702 1472 1742 nos
1494 1700 1642 1747 assertores
1660 1694 1705 1748 iati
1720 1713 1780 1753 esse
1791 1701 1975 1770 criminantur,
1989 1710 2050 1777 rpuia
2074 1729 2124 1767 nem
2138 1716 2207 1769 diei·

1423 1793 1482 1831 ntus
1495 1783 1605 1849 gratiam
1621 1785 1666 1839 Dei
1688 1790 1832 1845 secundum
1847 1796 1940 1850 rneritn
1953 1810 2041 1853 nostra
2055 1802 2122 1869 dari,
2136 1808 2206 1875 quod

1421 1864 1542 1938 Pelagius
1555 1873 1695 1944 episcopos
1709 1877 1853 1934 orientales
1866 1894 2000 1953 metucns,
2012 1899 2038 1943 ιι
2050 1891 2139 1947 dim-rc
2153 1911 2206 1950 iton

1421 1969 1513 2024 ausus,
1526 1967 1554 2013 at
1564 1961 1849 2035 damnareeompntsus
1863 1982 1913 2025 est.

1456 2045 1569 2103 cetur
1587 2050 1630 2105 tt.
1645 2081 1682 2093 -
1695 2055 1739 2108 ll.
1754 2055 1815 2110 Fati
1835 2061 1978 2119 criminatio
1999 2076 2157 2139 retorquetur
2180 2075 2206 2128 in

1420 2134 1586 2192 ιιιιιιαιιοι.
1600 2140 1672 2196 itane
1683 2158 1757 2211 tero,
1772 2146 1817 2201 biii
1836 2154 1977 2219 superbiae,
2001 2155 2099 2214 inimici
2115 2165 2208 2232 gratie

1421 2224 1509 2292 Dei‚o
1532 2232 1594 2283 novi
1622 2231 1740 2289 baeretici
1761 2237 1904 2309 Pelagiani,
1922 2247 2040 2316 grtisguis
2053 2250 2127 2317 dicit,
2143 2269 2206 2325 gra·

1420 2316 1455 2371 tia
1482 2319 1526 2373 bet
1541 2322 1628 2375 antitis
1655 2325 1770 2382 bominis
1787 2329 1855 2385 irorm
1871 2337 1963 2390 nterita
1989 2344 2138 2411 praeveniri,
2156 2362 2207 2402 nec

1418 2411 1529 2478 gratiam
1559 2411 1608 2469 Dei
1631 2419 1733 2474 meritis
1751 2419 1818 2488 dari,
1834 2439 1867 2479 ne
1892 2441 1944 2479 non
1959 2431 1993 2483 sit
2006 2435 2099 2500 gratia,
2115 2438 2137 2490 si
2150 2452 2203 2492 ntrn

1418 2501 1500 2569 gratis
1515 2501 1601 2567 datur,
1621 2507 1668 2561 sed
1688 2507 1775 2563 debita
1792 2516 1955 2569 merentibus
1969 2520 2106 2589 redditnr;
2122 2524 2204 2582 iatum

1418 2591 1492 2645 tobis
1507 2594 1612 2650 videtur
1630 2602 1770 2655 asserere?
1783 2602 1876 2659 Nonne
1889 2607 1969 2662 etiarn
1993 2627 2040 2666 sos
2062 2613 2110 2685 ipsi
2135 2633 2202 2687 orta·
2257 2637 2262 2646 ·

1420 2680 1485 2736 libet
1507 2684 1653 2741 intentione
1676 2696 1855 2748 necessarium
1893 2697 2054 2769 baptismum
2079 2712 2203 2766 omnibus

1417 2773 1538 2827 aetatibus
1551 2774 1639 2831 dicitis
1650 2778 1662 2832 ι
1674 2779 1766 2836 Nonne
1778 2784 1804 2838 in
1820 2783 1870 2841 bac
1885 2787 1940 2857 ipsa
1956 2791 2072 2860 Epistola
2097 2809 2195 2867 vestra,

1417 2860 1493 2915 istam
1508 2863 1542 2918 de
1555 2864 1690 2936 Raptismo
1702 2873 1871 2941 sententiam,
1883 2885 1910 2931 et
1922 2876 1957 2951 de
1970 2883 2053 2950 gratia
2064 2884 2139 2954 juxta
2151 2903 2200 2956 po-

1415 2950 1527 3005 suistis?
1541 2953 1594 3007 Cur
1605 2970 1657 3009 non
1671 2972 1719 3013 vos
1733 2958 1892 3030 Baptismus,
1906 2968 1950 3035 geri
1956 2969 2034 3024 datur
2046 2973 2202 3039 irritantibus.

1416 3038 1472 3108 ipsa
1491 3042 1626 3099 vicinitate
1638 3052 1811 3116 commomrit,
1824 3055 1886 3124 quid
1898 3060 1996 3115 sentire
2006 3061 2040 3117 de
2053 3065 2136 3131 gratia
2150 3068 2200 3123 dc·

1415 3128 1599 3189 beatisillaec
1622 3137 1693 3190 etnim
1718 3139 1797 3194 rerba
1816 3152 1878 3198 sunt
1902 3159 2016 3204 restra:
2036 3169 2046 3203 ι
2069 3153 2203 3222 ιιιμιιιιιιι

1414 3219 1537 3274 omnibns
1550 3224 1729 3281 necessarium
1739 3243 1799 3285 csse
1809 3232 1929 3288 autibus
1942 3239 2101 3295 conlitemm
2115 3260 2123 3296 ι
2135 3258 2197 3312 gra·

1415 3309 1476 3363 tiam
1485 3326 1590 3381 quoque
1613 3314 1738 3383 aeljuvarc
1752 3320 1959 3393 uniuscnjusque
1984 3328 2083 3383 bonoim
2100 3347 2199 3401 propo-

1413 3398 1503 3461 situm,
1519 3414 1571 3455 uon
1585 3411 1672 3457 tamen
1686 3406 1826 3463 reluctanti
1841 3413 1958 3468 studium
1978 3417 2081 3473 uirtutis
2095 3420 2198 3477 immit-

1413 3495 1479 3553 tere,
1490 3490 1551 3559 quia
1564 3505 1736 3559 personarum
1744 3501 1863 3568 soc-plin
1875 3517 1926 3555 non
1935 3513 1977 3557 est
1986 3507 2055 3574 apud
2071 3496 2165 3564 ιιιιιιιι.
2183 3530 2194 3565 ι

1413 3574 1441 3629 in
1455 3577 1496 3631 bis
1507 3581 1632 3633 omnibus
1645 3582 1734 3637 verbis
1746 3588 1841 3642 vestris
1854 3588 1887 3643 de
1901 3591 1984 3658 gratia
1999 3596 2068 3662 ‹pitrrd
2082 3596 2201 3665 dixistis,

1413 3664 1517 3721 interim
1533 3677 1607 3723 tacco
1621 3687 1628 3723 ε
1642 3668 1676 3726 dc
1688 3670 1849 3743 baptismate
1860 3680 1962 3735 reddite
1976 3684 2107 3740 rationem
2123 3705 2131 3752 ;
2150 3705 2200 3744 ιιι

1413 3756 1478 3811 iilud
1503 3757 1604 3813 dicatis·
1625 3761 1750 3817 omnibus
1770 3779 1831 3821 esse
1852 3770 1975 3826 autibus
2000 3780 2192 3847 necessarium,

1412 3863 1494 3917 guare
1506 3849 1541 3903 sit
1555 3851 1734 3907 successorium
1750 3857 1867 3923 parvulis
1888 3860 1984 3917 dicite:
2005 3863 2124 3933 proiecto
2137 3871 2200 3939 guia

1411 3940 1452 3995 eis
1465 3940 1527 3995 buni
1542 3941 1640 4010 uliguid
1652 3944 1764 4012 cuniert,
1776 3958 1803 4003 et
1816 3948 1885 4004 idem
1896 3952 1994 4022 aliquid
2010 3972 2059 4010 nec
2072 3973 2194 4026 pervum,

1411 4043 1462 4083 nec
1484 4029 1629 4095 mediocre,
1644 4033 1691 4087 sed
1717 4050 1839 4105 tttagnum
1853 4049 1903 4094 est.
1926 4042 1991 4098 Nam
2004 4047 2053 4099 etsi
2069 4046 2137 4104 ’cos
2149 4066 2200 4104 ne·

1410 4119 1479 4186 gatis
1492 4118 1628 4175 attrahere
1639 4123 1709 4191 guod
1723 4124 1749 4178 in
1764 4125 1899 4196 baptismo
1907 4135 2057 4190 renrittatur
2068 4139 2198 4208 originale

1412 4219 1547 4278 peccatum
1564 4228 1571 4264 ι
1585 4219 1673 4266 maten
1687 4213 1733 4269 illo
1745 4221 1954 4287 regenerationis
1966 4224 2071 4281 lavacro
2084 4229 2197 4299 adopta·

1410 4301 1433 4353 ri
1444 4315 1475 4354 es
1492 4299 1553 4355 [iliis
1566 4300 1703 4358 bominum
1725 4305 1751 4359 in
1776 4308 1821 4362 liei
1836 4308 1905 4364 itlius
1931 4328 1983 4367 non
2009 4319 2124 4385 negarim
2139 4322 2192 4374 imo

1410 4390 1489 4446 etiam
1505 4392 1664 4461 praedicatis.
1692 4396 1775 4451 llicitc
1794 4411 1857 4469 ergo
1872 4400 1958 4468 nobis,
1974 4405 2135 4476 qnicmnqne
2149 4410 2197 4464 ba·

1410 4480 1500 4550 ptizatl
1522 4483 1547 4535 in
1561 4481 1666 4539 Cirristo
1692 4488 1792 4555 parvuli
1805 4489 1838 4543 de
1854 4504 1968 4560 torpore
1993 4494 2125 4563 exierunt,
2141 4497 2191 4575 bap

1410 4570 1588 4626 tamsubiime
1611 4571 1710 4627 donum
1739 4575 1834 4643 quibus
1862 4581 2069 4646 precedentibus
2091 4587 2194 4641 meritis

1409 4661 1589 4728 acceperunt?
1604 4661 1632 4716 st
1655 4663 1793 4730 dixeritis,
1809 4665 1859 4720 boe
1872 4683 1919 4723 eos
1944 4681 2082 4738 parentum
2099 4676 2196 4740 pietate

1409 4749 1539 4804 meruisse
1554 4766 1562 4803 ι
1580 4752 1782 4819 respondebitur
1794 4753 1888 4820 vobis,
1916 4755 1970 4812 Cur
1981 4761 2122 4829 aliqnando
2132 4766 2191 4836 pio-

1408 4854 1467 4894 rum
1480 4839 1720 4910 liliisncgaturboc
1735 4844 1842 4909 belnum,
1863 4855 1890 4902 et
1910 4848 1970 4903 bliis
1992 4853 2116 4908 tribuitur
2137 4855 2191 4909 irn-

1409 4931 1729 5003 piorumllionnunquam
1744 4937 1813 4990 enim
1827 4938 1860 4993 de
1877 4941 2009 5011 religiosis
2021 4955 2078 5000 orta
2100 4951 2192 5019 proies

1410 5025 1436 5078 iu
1453 5033 1541 5078 tenera
1560 5033 1724 5095 aetatemque
1732 5027 1766 5081 ab
1785 5038 1861 5083 rutero
1875 5035 2058 5091 recentissima
2070 5037 2081 5065 ⁴
2095 5056 2196 5110 presc-

1410 5114 1582 5180 niturmorte,
1595 5123 1736 5185 aanuam
1751 5119 1856 5176 iavacro
1875 5128 2082 5192 regenerationis
2102 5131 2194 5184 ablata·

1410 5212 1470 5269 tur;
1486 5204 1609 5259 etinlans
1630 5214 1706 5261 natus
1720 5222 1753 5262 ex
1770 5209 1882 5266 inimicis
1900 5211 1997 5269 Christi
2014 5219 2198 5275 misericordia

1409 5292 1616 5347 Christianorum
1640 5295 1790 5365 baptizatur
1801 5301 1827 5353 in
1843 5301 1950 5357 cbristo
1967 5306 2088 5375 :plangit
2106 5309 2192 5377 bapti·

1410 5390 1467 5435 sata
1479 5391 1564 5437 mater
1576 5397 1629 5437 uon
1640 5385 1799 5454 baptizatum
1824 5391 1959 5459 proprium
1973 5408 1980 5457 ;
1992 5403 2019 5446 ct
2030 5395 2063 5449 ab
2079 5396 2194 5464 impudi-

1409 5487 1439 5526 ca
1452 5475 1613 5541 expositum,
1632 5477 1816 5546 baptizandum
1828 5492 1900 5535 casta
1916 5484 1995 5538 letum
2010 5485 2109 5556 colligit
2126 5490 2193 5543 ulie·

1409 5577 1483 5616 num.
1501 5563 1548 5617 llio
1562 5576 1633 5620 certe
1646 5571 1739 5623 merita
1758 5584 1896 5639 paternum
1919 5583 2022 5637 vacant,
2039 5588 2132 5631 taeant
2143 5595 2190 5632 ro-

1409 5653 1450 5709 bis
1475 5655 1618 5713 iatentibns
1642 5659 1757 5730 ipsorum
1781 5663 1860 5716 etiam
1885 5665 2066 5732 portariorum.
2090 5669 2196 5728 Seirnns

1407 5745 1478 5799 enirn
1490 5759 1538 5801 ros
1553 5762 1606 5800 mm
1623 5747 1674 5802 hoe
1695 5749 1729 5804 dc
1742 5752 1828 5805 anima
1844 5751 1957 5808 bumana
1978 5755 2099 5823 credere,
2121 5761 2195 5829 queri

1440 5942 1448 5973 ¹
1467 5941 1570 5992 vaticam
1581 5948 1645 6002 uss..
1656 5943 1719 6006 guod
1731 5941 1772 5992 ilie
1783 5941 1852 6007 oms
1863 5944 1998 6007 caecam·
2010 5961 2106 6011 omino,
2125 5949 2196 6004 doto

1405 6001 1532 6119 ψιιῑιῗι,
1544 6061 1642 6111 mutto.
1655 6063 1813 6116 uneudantur
1824 6078 1856 6117 ex
1868 6073 1920 6118 ltus

1438 6122 1524 6180 ⁸ratiti,
1537 6120 1567 6172 si.
1590 6131 1652 6180 stes,
1670 6124 1722 6174 etsi.
1972 6187 1978 6200 ,
2005 6189 2011 6201 ι

1405 6183 1706 6306 ὼιὲἲιὲιᾌνιξῗιιιιιιιι.
1720 6185 1802 6236 trelius
1812 6195 1876 6249 tiss,
1889 6196 2068 6254 recenseam:
2078 6192 2195 6245 releren-
