5592 7350
581 923 640 979 337·

581 1038 739 1101 indixisse,
756 1033 929 1090 urridebatur
942 1028 1166 1101 penetrandum
1181 1028 1251 1083 enim
1266 1024 1373 1088 bacait,

582 1149 593 1181 ι
609 1129 712 1182 [lictum
723 1135 764 1181 est
774 1141 788 1179 a
800 1125 887 1189 uobis,
902 1124 948 1180 sed
963 1124 1013 1188 ita;
1028 1141 1038 1175 t
1051 1120 1113 1191 nidd
1125 1120 1205 1174 ualuit
1218 1119 1312 1182 rideri,
1324 1119 1373 1174 nisi

579 1236 634 1275 noa
650 1221 697 1284 ita,
709 1217 932 1289 quemadmodum
943 1215 1051 1274 dixisse,
1061 1216 1094 1268 ab
1105 1213 1146 1267 bis
1156 1214 1200 1283 qui
1209 1212 1373 1282 objecerant,

579 1311 757 1367 credebatur?
771 1309 839 1378 Quid
855 1319 942 1364 tamen
960 1308 1044 1362 secuti
1060 1306 1112 1360 sint
1123 1305 1241 1375 jndices,
1261 1314 1288 1358 ut
1301 1303 1374 1358 diee-

580 1412 641 1459 rent
658 1403 707 1459 sibi
719 1402 893 1472 bocplaeere,
910 1400 1002 1466 idest,
1018 1399 1245 1468 baptismumque
1259 1396 1376 1451 abluitur

579 1512 597 1549 a
615 1494 742 1565 pereatis,
763 1501 792 1548 et
811 1507 922 1562 regnum
943 1492 986 1543 ubi
1009 1488 1175 1558 perinane-bit
1187 1488 1244 1542 sine
1259 1487 1375 1556 peccatis

579 1594 684 1652 sancta,
698 1599 758 1655 quae
767 1599 835 1639 nunc
850 1581 1002 1647 mundatur,
1014 1580 1143 1648 Ecclesia,
1157 1579 1233 1645 satis,
1245 1587 1374 1649 quantum

580 1676 715 1736 existimo,
730 1681 849 1743 apparet.

615 1765 731 1822 CAPUT
750 1764 820 1820 xttt.
832 1792 869 1805 -
881 1761 928 1820 29.
949 1761 1050 1816 lleimle
1065 1760 1167 1830 objecta
1182 1768 1243 1814 sunt
1257 1756 1291 1814 de
1305 1758 1374 1813 libro

580 1861 711 1927 Coelestii,
725 1859 789 1930 quid
802 1859 829 1913 in
841 1871 999 1927 unoquoque
1011 1854 1125 1925 capitulo
1136 1854 1279 1919 contineat,
1291 1851 1375 1922 magis

580 1952 729 2009 secuudum
741 1965 860 2017 sensnm,
875 1964 952 2019 ettam
963 1944 1109 2002 secundnm
1122 1946 1202 2000 rerba
1219 1963 1225 1997 ι
1243 1960 1302 2015 qrrae
1317 1944 1375 2013 qui·

580 2044 641 2097 dem
657 2043 703 2097 ille
717 2042 796 2097 latius
808 2040 977 2111 exsulabam
991 2038 1038 2094 sed
1052 2047 1115 2092 trrnc
1130 2037 1261 2105 subjicere
1273 2035 1373 2100 oninia,

580 2136 625 2205 qni
648 2133 768 2190 libellum
784 2131 913 2187 aduersus
936 2130 1070 2199 Pelagium
1092 2127 1241 2192 dederunt,
1269 2142 1298 2183 se
1321 2143 1373 2181 nna

581 2224 700 2292 'nituisse
713 2222 846 2277 dixerunt.
863 2221 933 2291 Erga
951 2219 977 2274 in
1000 2220 1085 2289 arturo
1104 2218 1219 2288 capitulo
1238 2218 1297 2272 libri
1316 2219 1375 2273 Coe·

581 2314 652 2369 restit
667 2313 717 2367 boe
732 2313 859 2382 scriptum
880 2326 940 2367 esse
958 2319 1101 2380 positernnt
1116 2327 1122 2361 :
1140 2327 1149 2361 ι
1164 2309 1294 2375 Quoniam
1315 2309 1374 2378 ptus

581 2405 703 2470 iacintus,
714 2419 792 2473 quam
807 2404 834 2457 in
848 2402 917 2472 Lege
929 2409 957 2456 et
971 2400 1113 2471 Euarrgelio
1125 2399 1228 2470 jussum
1242 2409 1292 2453 εει.
1307 2419 1316 2451 ι
1334 2400 1373 2454 Ad

579 2495 651 2565 quud
672 2494 794 2562 Pelagius
811 2492 970 2561 respondit:
989 2491 1069 2546 ‹lloe
1089 2492 1163 2560 qrrasi
1187 2499 1305 2545 nostrum
1325 2506 1372 2561 pn-

579 2595 693 2643 suerunt
709 2605 716 2640 :
730 2586 881 2641 dictumest
895 2599 959 2640 uero
975 2599 990 2639 a
1010 2583 1087 2639 uobis
1099 2583 1244 2638 seeundum
1262 2585 1375 2653 aposto»

580 2681 635 2736 lum
655 2680 689 2735 de
707 2679 865 2749 uirginitate,
880 2676 915 2733 de
930 2691 984 2748 qua
1006 2675 1104 2731 Paulus
1122 2674 1198 2742 (licit,
1219 2674 1375 2744 Praeeepunu

582 2773 686 2828 demini
698 2790 748 2827 aon
759 2771 848 2826 babeo.
864 2791 873 2824 ι
890 2769 1014 2842 Synodus
1024 2769 1090 2824 dixit
1104 2786 1111 2823 :
1129 2788 1138 2822 ι
1151 2770 1207 2825 lloc
1217 2780 1244 2823 ct
1255 2769 1372 2824 Ecclesia

580 2865 684 2934 recipit.
705 2883 716 2916 ι
738 2863 802 2933 Legi
824 2876 883 2933 ego,
905 2876 957 2932 quo
970 2875 1051 2916 sensu
1065 2860 1089 2915 id
1105 2858 1245 2915 Coelestius
1264 2860 1290 2912 in
1307 2858 1374 2912 libro

580 2971 630 3016 suo
647 2955 785 3025 posuerit:
800 2953 827 3009 s't
844 2961 931 3012 tamen
954 2966 1014 3007 eum
1035 2966 1113 3006 suum
1135 2966 1194 3005 esse
1212 2965 1264 3004 uon
1285 2959 1372 3019 negat.

580 3046 653 3103 llixit
665 3045 735 3099 enirn
748 3044 808 3108 boc,
822 3059 875 3115 quo
884 3042 1008 3099 videlicet
1022 3041 1203 3110 persuaderet,
1215 3049 1313 3095 maiman
1327 3040 1374 3094 ιιιιε

582 3136 681 3190 babere
694 3150 742 3204 per
755 3144 877 3189 naturam
893 3134 969 3189 liberi
983 3132 1087 3188 arbitrii
1102 3147 1153 3186 non
1167 3131 1294 3203 peccandi
1310 3145 1373 3199 pus-

580 3227 744 3292 sibiliertena,
762 3234 791 3283 ut
806 3225 865 3296 plus
878 3226 958 3280 etiam
972 3238 1050 3295 quam
1064 3235 1225 3294 praeceptum
1238 3233 1280 3278 εει
1293 3222 1373 3277 latria·

582 3333 658 3384 mus;
674 3317 798 3387 quoidam
814 3327 940 3387 perpetua
956 3326 1079 3371 serretur
1092 3331 1108 3370 a
1122 3316 1255 3385 plerisque
1267 3315 1376 3384 virgini-

583 3421 633 3476 tas,
645 3425 703 3480 qrrae
718 3419 850 3479 praccepta
870 3423 923 3464 non
941 3417 992 3472 est,
1012 3407 1120 3462 eumad
1141 3423 1193 3461 non
1211 3405 1373 3476 peccandum

583 3493 716 3571 praccepta
732 3501 842 3570 implero
855 3498 1063 3565 solidatorum
1077 3509 1165 3554 autem
1182 3512 1197 3552 a
1216 3497 1321 3567 Pelagio
1333 3512 1376 3552 re-

581 3608 710 3661 sponsum
720 3600 772 3658 est,
787 3601 816 3646 ιιι
827 3591 1005 3661 approbarem
1019 3590 1133 3660 judiees,
1148 3603 1199 3643 non
1214 3588 1253 3643 sic
1265 3603 1376 3657 accepe-

582 3692 661 3747 runt,
685 3693 810 3753 tauqnam
833 3682 921 3736 ooartia
939 3681 1017 3752 Legis
1039 3690 1066 3737 ct
1087 3679 1223 3750 Evangelii
1244 3687 1375 3748 praccepta

581 3776 744 3842 custodiant,
759 3775 804 3845 qui
819 3773 1014 3845 uirginitatem,
1036 3788 1096 3843 quae
1111 3780 1242 3842 praeopta
1257 3785 1310 3824 non
1322 3778 1373 3835 cst,

582 3869 692 3936 iusuper
711 3873 833 3925 serrant:
856 3864 903 3921 sed
920 3865 953 3919 ad
975 3863 1025 3919 boo
1047 3871 1158 3927 tantum,
1171 3861 1241 3931 quod
1258 3860 1316 3932 ptus
1334 3870 1376 3917 est

585 3957 791 4028 virginitasque
807 3971 859 4011 uon
872 3967 913 4011 est
924 3963 1065 4025 precepta,
1078 3967 1156 4023 qnam
1172 3951 1318 4022 coxtjngalis
1329 3966 1377 4022 pu-

487 4114 490 4118 ·
582 4047 673 4103 dieitia
687 4062 748 4118 que
763 4055 893 4118 precepta
908 4057 964 4111 εει,
987 4055 1014 4100 ει
1032 4042 1166 4099 custodire
1181 4043 1276 4106 istam,
1297 4057 1376 4111 quam

584 4137 675 4205 illam,
699 4139 790 4207 utiqrre
807 4137 865 4206 plns
879 4145 920 4193 est
933 4153 941 4192 ε
955 4151 1016 4191 cnm
1031 4143 1119 4190 tamen
1142 4143 1266 4189 neutrum
1284 4148 1376 4187 eorum

583 4227 715 4283 habeatur
726 4228 783 4283 sine
796 4228 881 4297 gratia
894 4226 940 4281 [tei
950 4243 957 4291 ;
967 4225 1180 4296 quandoquidem
1192 4223 1333 4294 Apostolus
1343 4223 1377 4279 de

583 4316 635 4373 bac
648 4334 677 4372 re
687 4318 799 4388 loquens
808 4319 854 4383 ait,
870 4316 932 4371 Volo
942 4325 1025 4371 autem
1034 4332 1120 4371 omnes
1132 4316 1244 4370 homiues
1255 4331 1306 4369 eree
1313 4314 1378 4372 reue

584 4425 625 4463 ure
641 4410 724 4479 ipsunt
738 4408 810 4463 :red-
821 4408 990 4478 autumnisque
1008 4406 1139 4478 propriant
1160 4406 1255 4460 denunt
1270 4406 1342 4461 babet
1360 4421 1377 4459 u

585 4500 640 4554 Deo
652 4516 662 4554 .·
675 4500 740 4555 edua
752 4500 798 4565 tie,
817 4499 978 4555 elimontem
990 4499 1026 4553 rie
1041 4496 1068 4571 (l
1083 4495 1142 4553 Cor.
1157 4513 1205 4565 un,
1220 4496 1265 4564 25,
1281 4496 1327 4569 7).
1343 4497 1378 4554 Ει

584 4591 635 4661 ipsi
658 4590 769 4646 [lautino
784 4604 846 4647 tum
861 4589 991 4646 dixissent
1009 4589 1142 4657 discipuli,
1155 4588 1185 4643 Si
1200 4589 1254 4643 bue
1267 4589 1376 4646 lietuinir

584 4692 623 4735 εει
637 4697 713 4736 centu
723 4696 882 4745 contexere,
898 4696 947 4734 nen
958 4679 1057 4750 expedit
1072 4679 1241 4748 nubere,rel,
1253 4680 1322 4749 quod
1339 4681 1376 4735 la·

585 4773 642 4827 tine
652 4772 747 4826 melius
758 4771 865 4838 dieitur,
882 4787 931 4824 aua
947 4770 1048 4840 expedit
1060 4771 1150 4824 ducere
1163 4786 1173 4823 .·
1188 4769 1264 4834 ll'oa,
1281 4770 1374 4851 inquit,

585 4881 673 4918 erretur
681 4864 784 4934 cupiunt
794 4863 894 4917 nerium
902 4863 958 4926 bue,
970 4862 1014 4917 sed
1022 4861 1113 4934 quibus
1124 4863 1211 4915 dotum
1222 4872 1256 4918 eat
1269 4863 1374 4933 (llattlr.

586 4971 645 5017 ιιι,
665 4954 706 5021 to,
721 4953 776 5025 li).
792 4954 847 5008 Ιιοε
863 4967 928 5024 ergo
947 4953 1065 5022 episcopi
1088 4954 1235 5010 Ecclesiam
1257 4953 1377 5024 recipere

585 5047 801 5115 pronuntiarunt,
815 5046 885 5117 quud
909 5046 967 5116 plus
982 5045 1017 5100 sit
1035 5044 1171 5116 uirginitas
1186 5061 1374 5115 perseuerans,

583 5154 645 5207 ipre
658 5146 788 5207 praccepta
802 5154 853 5191 nrm
867 5144 917 5199 est,
929 5151 1008 5206 quam
1021 5135 1171 5205 nuptiarum
1186 5138 1302 5201 castitas,
1318 5152 1377 5206 quae

585 5240 715 5302 precepta
729 5238 780 5284 εει.
794 5230 853 5299 Quo
873 5238 961 5284 autem
982 5244 1064 5286 sensu
1078 5228 1142 5283 illud
1155 5229 1296 5299 Pelagius,
1321 5229 1378 5285 sire

582 5321 726 5381 Caelestius
741 5320 853 5385 dixerit,
866 5320 969 5390 judiees
984 5320 1146 5376 nescierunt.

620 5435 734 5495 curor
749 5436 819 5491 atu.
831 5467 868 5477 -
886 5436 931 5493 aa.
948 5436 1014 5490 nanc
1025 5435 1082 5505 jam
1096 5436 1257 5506 objiciuntur
1269 5421 1377 5507 berupto

583 5528 641 5583 aliu
653 5528 771 5586 Coelestii
790 5527 904 5596 capitula
925 5527 1064 5597 capitalia,
1086 5535 1115 5583 et
1138 5527 1196 5582 siue
1214 5527 1377 5584 dubitatione

583 5619 756 5683 darrtuauda,
773 5634 831 5689 que
845 5619 895 5672 uisi
912 5619 1171 5684 ananremanrasset
1192 5633 1254 5674 cum
1268 5618 1309 5675 bis
1319 5618 1377 5674 sine

584 5711 666 5763 rlntiiu
679 5710 860 5768 damnaretur.
881 5710 910 5774 ln
929 5711 1008 5766 tert-io
1021 5712 1139 5781 capitulo
1159 5711 1299 5782 scripsisse
1317 5711 1378 5767 ee-

586 5801 710 5868 testium‚
729 5799 843 5855 Gratiam
865 5800 913 5855 oet
927 5812 950 5855 et
963 5803 1119 5872 adjutorium
1141 5819 1191 5856 non
1211 5802 1246 5854 od
1265 5803 1377 5873 nugulas

585 5902 658 5947 actae
669 5891 737 5959 duri,
750 5891 796 5947 red
808 5893 834 5946 in
842 5893 1050 5973 libero-erdritrio
1059 5909 1123 5963 erse,
1136 5893 1174 5949 rel
1183 5894 1209 5948 in
1224 5894 1277 5964 lege
1285 5899 1315 5947 n'e
1329 5893 1376 5947 do-

587 5986 678 6039 ctrina.
692 5986 725 6041 El
737 5984 852 6053 iterum,
868 5986 913 6041 net
926 5989 1032 6057 pretinm
1044 5988 1180 6042 renaudum
1191 5989 1279 6042 trinita
1293 5998 1378 6044 arcura

588 6075 645 6128 itari
655 6117 662 6142 ,
679 6078 738 6146 quia
759 6078 780 6130 ri
802 6079 971 6147 peecatoribus
993 6079 1064 6133 illurn
1078 6080 1138 6145 det,
1158 6079 1321 6134 videturesse
1340 6081 1379 6134 in·

589 6170 659 6235 ignur
673 6177 718 6222 :et
733 6169 774 6222 bis
788 6169 875 6223 uerbis
891 6169 1028 6232 intulisse,
1048 6168 1185 6240 Propterea
1197 6180 1219 6223 et
1229 6171 1285 6240 ipra
1298 6171 1379 6241 gretia

588 6258 613 6309 in
627 6274 681 6311 nne
693 6259 821 6313 volutante
834 6262 914 6329 pruritu
927 6271 972 6320 est,
989 6263 1039 6314 nie
1050 6261 1142 6330 dignas
1154 6261 1243 6329 [iterim
1252 6277 1262 6327 ⁴,
1275 6263 1326 6316 rire
1338 6263 1379 6335 in·

587 6349 689 6417 tliprrur.
711 6352 740 6409 Si
754 6353 821 6408 eninr
841 6355 1006 6424 pergratiam
1029 6353 1112 6406 ortttrin
1132 6355 1259 6421 [arianum
1280 6356 1381 6424 patrando

1286 910 1384 964 Lllllili
1409 909 1507 970 daus.

2172 923 2226 980 &38

1429 1027 1577 1083 tineinturu
1591 1041 1706 1099 precatu,
1729 1049 1778 1086 riou
1794 1051 1839 1087 rios
1852 1036 1992 1103 riuer'utur,
2006 1039 2051 1092 ted
2063 1038 2222 1112 liciguano,

1428 1120 1573 1189 querebat
1587 1142 1631 1175 uus
1643 1125 1764 1193 arljuuare
1779 1127 1846 1180 narni
1864 1128 1956 1191 modo,
1972 1139 1996 1185 et
2010 1147 2059 1185 non
2082 1131 2173 1202 poluit.
2189 1130 2224 1189 Et

1419 1210 1524 1266 *itterrtm
1537 1215 1575 1268 ait
1589 1231 1596 1267 :
1612 1215 1642 1269 Si
1653 1212 1736 1285 gratie
1747 1216 1793 1271 oei
1806 1229 1852 1281 εει,
1864 1221 1965 1288 arundo
1975 1223 2096 1277 uitreiunrr
2106 1231 2220 1294 peceutm

1428 1318 1486 1372 ergo
1501 1304 1555 1371 ipre
1565 1305 1573 1336 ¹
1582 1316 1617 1358 ert
1628 1307 1653 1359 iu
1667 1308 1892 1378 cummutandus
1905 1321 2007 1379 percute
2021 1313 2151 1379 rirrrirnur,
2163 1314 2223 1383 quin

1428 1394 1530 1448 crimino
1540 1398 1665 1451 custodire
1674 1415 1719 1453 aar
1729 1408 1772 1451 out
1784 1416 1834 1455 non
1848 1403 1939 1470 potuit,
1953 1413 1996 1456 out
2009 1405 2100 1458 nolint.
2116 1404 2156 1458 ad
2171 1405 2222 1461 ista

1428 1483 1550 1554 Pelagius
1565 1488 1718 1556 respondit:
1733 1488 1796 1544 llere
1810 1501 1892 1545 utrum
1901 1492 2007 1552 Culertii
2016 1494 2077 1559 rint,
2092 1496 2142 1565 ipsi
2151 1494 2222 1551 uide-

1428 1573 1479 1627 rint
1499 1576 1542 1644 qui
1562 1577 1647 1630 dieunt
1662 1595 1691 1631 ea
1706 1578 1815 1634 celestii
1828 1596 1899 1645 esre;
1912 1599 1957 1652 ega
1973 1600 2030 1638 unu
2046 1602 2173 1657 tunquam
2185 1586 2223 1642 tic

1428 1667 1513 1730 tenui,
1532 1668 1577 1720 red
1590 1669 1776 1724 enatlrenurtizo
1790 1673 1833 1737 riui
1850 1673 1886 1726 rie
1900 1685 1975 1728 tenet·
1995 1675 2120 1747 Synodus
2132 1677 2220 1735 dixit:

1428 1754 1527 1825 Recipit
1545 1765 1569 1811 te
1580 1769 1667 1812 sanctu
1682 1760 1820 1831 Spaodur,
1838 1764 1874 1817 itu
1886 1766 1959 1819 oeric
1973 1769 2079 1836 reproba
2100 1771 2220 1824 tondent-

1428 1853 1538 1899 nuntem.
1552 1846 1589 1902 De
1602 1847 1644 1902 lais
1656 1860 1729 1909 certe
1741 1853 1884 1920 antinous,
1900 1865 1926 1910 et
1940 1855 2039 1926 Pelagii
2051 1857 2143 1912 eadem
2158 1874 2222 1914 ana-

1427 1935 1623 1993 thematizantis
1644 1939 1785 2000 irtarriiesta
1806 1947 1944 2014 responsio
1964 1956 2022 2014 est,
2038 1958 2065 2003 et
2083 1947 2222 2021 episcopo-

1428 2043 1486 2082 rum
1501 2028 1549 2083 ista
1564 2029 1745 2088 damnantium
1758 2036 1954 2092 absolutissima
1972 2038 2112 2108 judicatio.
2127 2040 2221 2098 Utrum

1427 2133 1458 2174 ea
1479 2120 1617 2191 Pelagius,
1634 2138 1669 2178 an
1681 2123 1840 2194 celestius,
1851 2144 1884 2182 an
1897 2138 2009 2202 uterque
2021 2175 2027 2196 ,
2040 2146 2074 2187 au
2088 2141 2182 2188 neuter
2195 2133 2223 2198 il-

1428 2210 1529 2277 lorum,
1549 2227 1582 2267 an
1596 2214 1641 2269 alii
1653 2217 1709 2272 sive
1722 2234 1782 2275 cum
1796 2219 1876 2291 ipsis,
1892 2222 1950 2277 sire
1968 2221 2018 2277 sub
2040 2222 2149 2279 nontine
2167 2222 2223 2279 illo

1427 2321 1486 2361 rum
1500 2310 1647 2375 senserint,
1664 2309 1719 2364 sire
1733 2308 1821 2365 adhue
1844 2311 1979 2378 sentiant,
2002 2317 2037 2368 sit
2055 2311 2164 2369 dubium
2180 2313 2222 2369 rel

1426 2399 1560 2457 occultum
1575 2418 1582 2454 :
1595 2400 1659 2456 satis
1676 2410 1762 2457 tamen
1786 2400 1837 2457 lane
1855 2402 1956 2472 judicio
1971 2403 2138 2460 declaratum
2162 2414 2221 2471 εει,

1426 2502 1486 2543 εεεε
1499 2489 1621 2544 ιΙειιιιιιιιι
1634 2531 1641 2554 ,
1656 2499 1682 2545 ει
1696 2490 1829 2562 Pelagium
1842 2492 1920 2547 simul
1934 2490 2015 2549 luisse
2027 2492 2219 2557 damnaudutu,

1427 2579 1478 2634 nisi
1500 2580 1557 2635 liare
1579 2582 1658 2637 etiam
1682 2583 1738 2654 ipse
1750 2583 1899 2641 diurnaret.
1914 2585 1990 2640 Nune
2009 2597 2082 2643 certe
2097 2596 2155 2658 pust
2168 2585 2219 2642 boe

1423 2669 1569 2740 judicium,
1585 2672 1690 2741 quando
1712 2682 1804 2730 eontm
1825 2673 1977 2745 huiusmodi
1999 2679 2147 2741 sententias
2160 2677 2218 2735 dis·

1427 2769 1564 2830 putantne,
1580 2763 1707 2818 aduersus
1729 2763 1880 2820 damnatam
1899 2764 2023 2823 baeresim
2040 2765 2218 2837 disputamus.

1462 2854 1506 2909 ot.
1523 2853 1612 2910 Dicam
1632 2856 1711 2911 etiam
1731 2855 1830 2927 aliquid
1843 2856 1929 2912 letius
1938 2859 1959 2911 ¹.
1976 2856 2104 2928 Superius
2123 2867 2221 2915 metue·

1426 2942 1486 2999 tarn
1498 2942 1613 3015 (Supra,
1628 2961 1654 2998 ιι.
1669 2944 1715 3017 20)
1727 2988 1734 3012 ,
1748 2961 1808 3000 euru
1819 2946 1919 3002 diceret
1933 2947 2072 3020 Pelagius,
2086 2949 2222 3028 adiurante

1426 3037 1509 3106 gratia
1522 3035 1571 3090 Dei
1587 3054 1660 3108 porte
1674 3054 1728 3093 esse
1745 3039 1872 3093 bartimeus
1890 3041 1943 3094 sine
1957 3055 2076 3111 percute,
2097 3059 2131 3097 ne
2151 3043 2222 3099 lorte

1426 3128 1548 3186 eamdem
1559 3129 1670 3199 gratiam
1687 3131 1887 3199 possibilitatem
1902 3134 2005 3192 diceret
2016 3149 2075 3190 esse
2091 3147 2221 3192 naturtea

1427 3217 1483 3274 lieo
1496 3219 1611 3275 conditae
1623 3235 1684 3276 erun
1704 3222 1789 3277 libero
1803 3224 1930 3290 arbitria,
1946 3226 2012 3281 siem
2038 3227 2063 3281 in
2086 3228 2155 3283 libro
2175 3230 2222 3285 illu

1427 3322 1484 3377 est,
1499 3328 1578 3383 quem
1592 3323 1717 3384 tartunam
1732 3315 1790 3385 ejus
1804 3317 1894 3385 accepi
1905 3317 1968 3390 ,(ε),
1981 3319 2022 3374 eui
2040 3320 2181 3390 respondi,
2194 3331 2223 3377 et

1426 3419 1460 3461 eu
1474 3402 1554 3458 niodo
1567 3404 1717 3461 nescientes
1729 3405 1834 3475 judiees
1846 3406 1950 3467 falleret
1971 3426 1978 3463 r
1998 3424 2068 3463 ttutte
2083 3425 2145 3466 sero
2160 3425 2220 3465 euru

1427 3493 1635 3549 anathematizat
1655 3509 1703 3551 eos
1721 3497 1766 3567 qui
1777 3498 1885 3569 gretiam
1899 3497 1947 3554 Dei
1965 3510 1988 3553 et
2002 3502 2158 3571 adiutorium
2172 3520 2221 3558 noar

1427 3586 1460 3639 ed
1469 3585 1582 3656 singulos
1594 3595 1667 3641 uetur
1677 3588 1764 3644 dicum
1778 3589 1846 3654 dari,
1857 3588 1901 3643 red
1912 3590 1938 3644 in
1954 3591 2031 3646 libero
2041 3591 2145 3647 arbitrio
2156 3611 2220 3660 erre,

1427 3678 1466 3733 rel
1478 3679 1505 3733 iu
1516 3677 1570 3749 lege
1578 3688 1653 3750 atque
1664 3680 1791 3746 doctrinm
1802 3682 1866 3736 satis
1878 3682 2016 3740 euidenter
2029 3697 2150 3756 apparet,
2160 3702 2219 3742 eam

1428 3771 1502 3825 illum
1516 3772 1725 3843 diceregrutiam
1739 3815 1746 3840 ,
1762 3789 1822 3843 que
1837 3775 1863 3828 in
1878 3775 1976 3831 Cbristi
1990 3778 2106 3835 Ecclesia
2122 3781 2220 3849 pradi-

1428 3869 1513 3927 ⁰³l¹¹b
1528 3877 1587 3933 quae
1598 3862 1844 3924 subministratione
1856 3867 1940 3924 saum
1956 3865 2071 3939 Spiritus
2083 3869 2179 3937 datur,
2191 3881 2218 3926 ut

1428 3951 1462 4008 ad
1477 3961 1666 4017 nosnosactus
1676 3953 1795 4026 singulos
1806 3955 1963 4026 adjuvemur
1975 3976 1982 4012 :
1995 3959 2100 4016 undeet
2111 3975 2222 4016 oramus

1428 4057 1535 4114 semper
1546 4043 1705 4114 adjutorium
1718 4055 1907 4116 opportunum,
1916 4063 1950 4103 ne
1964 4049 2109 4106 inseramur
2122 4051 2149 4106 in
2163 4061 2219 4108 ten-

1429 4138 1566 4193 tationem.
1581 4137 1636 4195 Nee
1650 4137 1714 4194 illud
1732 4139 1787 4210 jam
1801 4148 1907 4207 metuo,
1930 4155 1965 4197 ne
1986 4140 2054 4199 lurte
2071 4141 2115 4198 ubi
2135 4142 2219 4208 dixit,

1429 4226 1574 4301 donperre
1584 4246 1637 4285 erre
1649 4231 1702 4284 rire
1712 4241 1830 4301 peceato,
1843 4232 1891 4287 nisi
1900 4232 1944 4305 qui
1956 4233 2086 4288 seientiam
2103 4233 2165 4306 legis
2174 4234 2220 4289 bn-

1429 4320 1521 4385 buerit,
1537 4330 1617 4394 atque
1631 4322 1657 4377 id
1672 4323 1706 4378 ita
1722 4324 1862 4394 exposuit,
1876 4333 1904 4378 ιιι
1918 4325 1952 4379 nd
1962 4341 2013 4379 nnn
2025 4326 2180 4398 pereundum
2193 4329 2220 4381 in

1428 4411 1492 4485 legit
1501 4413 1633 4472 scientium
1648 4423 1749 4481 poneret
1761 4413 1915 4485 adjutorium
1930 4414 2043 4487 (Sapra,
2057 4432 2084 4469 n.
2098 4414 2138 4489 2),
2149 4431 2224 4474 eam·¹

1428 4505 1490 4562 dern
1506 4506 1571 4577 legis
1583 4507 1722 4563 seientiam
1737 4507 1783 4565 Dei
1804 4509 1915 4580 gratiam
1928 4509 1993 4565 uelit
2015 4509 2136 4581 intelligi.
2152 4511 2233 4574 Ecce,

1428 4597 1635 4653 anathematizat
1656 4599 1701 4668 qui
1724 4598 1775 4654 boe
1795 4600 1914 4655 sentiunt
1927 4618 1935 4655 ε
1948 4615 2011 4666 εεεε
2035 4616 2085 4660 uec
2099 4612 2225 4658 naturam

1428 4687 1506 4743 liberi
1519 4688 1637 4757 arbitrii,
1654 4705 1703 4744 nee
1717 4690 1802 4760 legem
1820 4700 1899 4761 atque
1914 4689 2062 4756 doctrinam
2077 4694 2135 4750 uult
2147 4693 2221 4752 intel·
2321 4754 2326 4763 ,

1430 4777 1473 4847 ligi
1485 4777 1613 4848 gratiam,
1630 4794 1682 4848 qua
1695 4794 1742 4849 per
1756 4789 1830 4835 aetus
1842 4781 1961 4851 singulos
1972 4781 2139 4852 adiuvamur.
2153 4782 2220 4852 Quid

1428 4885 1492 4942 ergo
1505 4879 1606 4935 restat,
1621 4871 1671 4926 nisi
1685 4881 1713 4924 nt
1726 4887 1785 4926 eam
1797 4871 1924 4943 intelligat
1933 4889 2011 4945 quam
2027 4875 2092 4929 dicit
2104 4879 2220 4946 Aposto-

1429 4961 1485 5028 lus,
1497 4962 1741 5022 subministratione
1755 4962 1868 5033 Spiritus
1880 4949 2035 5031 sauctidari
2047 4966 2177 5041 (Philipp.
2193 4985 2219 5032 r,

1430 5051 1474 5124 ld)
1484 5050 1496 5106 l
1507 5051 1542 5106 de
1560 5068 1612 5122 qua
1625 5052 1689 5109 dicit
1707 5054 1848 5119 Pontinus,
1864 5052 1951 5118 Nolite
1964 5059 2074 5130 cogitare
2094 5060 2220 5129 pererrando

1428 5141 1708 5211 autqnid·leqnumirri;
1721 5143 1823 5199 deditur
1836 5146 1979 5202 enimvobis
1993 5149 2018 5202 in
2031 5149 2076 5203 illu
2089 5151 2152 5205 bom
2162 5151 2222 5217 quid

1429 5231 1564 5302 loquentini
1579 5249 1649 5290 :non
1662 5236 1727 5289 eninr
1737 5251 1779 5289 tros
1790 5235 1847 5293 ertit
1859 5236 1902 5304 qai
1912 5235 2059 5306 loquitarini,
2075 5238 2119 5293 aed
2132 5239 2205 5308 Spiri
2212 5270 2224 5283 ··

1429 5331 1469 5377 tur
1480 5322 1646 5385 Putrirueetri
1656 5326 1819 5396 proloquitur
1832 5326 1859 5381 ia
1869 5327 1937 5382 auiis
1949 5325 2054 5399 (liutto.
2068 5345 2095 5396 x,
2108 5329 2151 5396 to,
2162 5329 2221 5400 20).

1428 5412 1483 5469 Nec
1495 5413 1559 5469 illud
1573 5415 1742 5470 metuerulnm
1756 5425 1807 5485 est,
1823 5432 1856 5471 ne
1870 5416 1938 5482 lorte
1948 5419 1991 5473 ubi
2006 5420 2060 5485 ait,
2074 5417 2166 5475 Omnes
2179 5437 2222 5474 uo-

1430 5506 1525 5561 lurrtete
1544 5508 1647 5577 propria
1661 5509 1733 5578 γεμὴ·
1749 5508 1828 5579 idque
1845 5508 1984 5579 exposuit,
1999 5510 2057 5565 ideo
2071 5527 2097 5564 re
2107 5511 2221 5579 diebu,

1431 5607 1532 5668 propter
1543 5598 1648 5654 liberunt
1658 5600 1802 5667 arbitrium,
1816 5601 1857 5654 eui
1871 5600 1941 5656 Drur
1952 5603 2055 5672 adjutor
2067 5611 2103 5657 ert
2121 5603 2224 5675 eligenti

1429 5687 1495 5743 bonu
1509 5687 1623 5760 (Supra,
1639 5707 1665 5744 n.
1679 5691 1718 5763 5),
1731 5692 1810 5746 etiam
1821 5691 1864 5746 bie
1873 5707 1920 5761 per
1933 5701 2053 5748 naturam
2064 5694 2141 5750 liberi
2157 5695 2225 5751 arbi·

1430 5781 1473 5836 trii
1491 5790 1517 5836 et
1536 5796 1583 5851 per
1597 5782 1743 5837 doctrinam
1764 5782 1830 5854 legis
1850 5783 2021 5854 adjutorem·
2036 5785 2224 5844 dixeritCmn

1431 5871 1501 5928 enim
1517 5880 1590 5928 recte
1607 5872 1868 5929 anathematizaverit
1888 5877 1992 5940 eosqui
2009 5878 2095 5932 dicant
2117 5881 2224 5951 gretiam

1464 6053 1471 6082 ¹
1488 6049 1639 6099 colbertinus
1648 6058 1697 6110 its..
1713 6063 1775 6113 ipsu.

1463 6113 1473 6144 ¹
1491 6112 1557 6170 fxiiii,
1571 6109 1649 6161 brtbu.
1662 6119 1790 6162 notuanum
1802 6112 1928 6176 exemplar
1946 6117 2024 6179 nugis
2036 6118 2164 6176 conemur,
2184 6116 2226 6167 le·-

1433 6175 1479 6226 tiur
1494 6187 1502 6223 :
1516 6173 1538 6220 id
1552 6181 1599 6227 est,
1611 6188 1659 6236 qun
1671 6182 1785 6225 ιιιειιιεει
1796 6173 1931 6227 sollicitudo
1947 6189 2002 6229 ntea
2018 6187 2183 6229 remoueatur.

1467 6240 1476 6267 ³
1494 6235 1602 6283 nrtrrnulli
1616 6249 1646 6284 ea
1660 6237 1739 6297 alitis,
1752 6234 1910 6300 adiutorium.

1465 6299 1501 6355 (al
1514 6305 1519 6343 ι
1529 6298 1582 6345 iber
1592 6297 1679 6358 rulagii
1688 6311 1702 6345 a
1711 6300 1796 6348 ,taenia
1806 6308 1831 6349 ct
1839 6300 1941 6352 'timasio
1949 6302 2071 6363 acceptu.
2078 6300 2116 6351 etti
2125 6311 2227 6364 retinu-

1435 6362 1467 6410 dit
1482 6361 1523 6408 bb.
1534 6360 1565 6410 «le
1576 6368 1660 6410 satura
1672 6368 1696 6409 et
1708 6363 1793 6411 (antia.
