5592 7350
576 873 622 926 tut
1296 875 1490 933 PRAEPA'flo.
2160 894 2211 947 toa

570 985 657 1047 aratri.
673 985 705 1044 7.
728 983 939 1061 (laudumnus
959 980 1128 1044 astabimus
1148 992 1219 1043 aitte
1236 984 1376 1046 tribunal
1393 984 1523 1053 Christi,
1543 996 1578 1047 ut
1591 988 1670 1066 [crat
1686 991 1893 1072 unusquisque
1910 997 2076 1059 secuudum
2092 1020 2126 1062 eo
2142 1021 2209 1081 quta

570 1083 629 1143 per
647 1082 764 1142 corpus
787 1064 892 1143 qessit,
914 1081 978 1122 non
1003 1062 1172 1122 secundum
1191 1080 1307 1141 ecqua
1330 1064 1358 1122 si
1379 1064 1502 1123 diritius
1521 1065 1637 1126 uiueret
1657 1076 1801 1145 qesturus
1814 1072 1975 1150 suit,·siuc
1997 1074 2126 1147 bonum,
2146 1083 2210 1142 sive

569 1145 699 1204 nulum.
710 1143 741 1204 8.
753 1143 783 1203 Ε
787 1142 862 1202 tiam
873 1140 1024 1221 paruulos
1036 1140 1245 1201 secunduma
1258 1158 1388 1220 quapcr
1402 1159 1516 1219 corpus
1545 1156 1692 1213 esserunt,
1707 1158 1884 1226 recepturos
1897 1148 2009 1211 bonum
2019 1155 2066 1216 acl
2073 1160 2208 1225 malum:

569 1222 605 1282 id
620 1230 678 1287 est.
696 1230 829 1299 ternpore
843 1239 904 1300 qao
917 1222 950 1281 in
961 1219 1235 1311 corporasttcrunt,
1251 1218 1444 1298 quandoper
1458 1160 1553 1282 coria
1568 1230 1596 1281 et
1611 1241 1668 1284 ora
1678 1228 1864 1303 gestantium
1877 1230 2129 1297 credideruutoel
2144 1254 2209 1296 non

571 1301 787 1367 crediderunt,
803 1300 927 1379 quando
950 1298 985 1360 bu
1011 1299 1101 1359 tizatt
1124 1296 1172 1358 uel
1186 1315 1252 1356 non
1277 1296 1432 1376 baptizati
1443 1306 1528 1366 sunt,
1545 1304 1605 1360 etc.
1621 1302 1650 1360 u.
1668 1303 1788 1364 Felices
1802 1324 1863 1364 csse
1874 1316 2014 1370 mortuas
2026 1313 2082 1389 qui
2095 1314 2130 1374 in
2143 1314 2209 1374 Do.

570 1380 657 1439 raino
671 1380 866 1444 manantur,
880 1396 936 1438 nec
952 1397 970 1437 a
1004 1394 1055 1436 cos
1063 1376 1221 1453 pertinere
1232 1375 1385 1455 quidquid
1397 1378 1502 1437 acturi
1512 1378 1647 1457 suerunt,
1659 1380 1688 1440 si
1696 1389 1829 1520 tempore
1837 1384 2035 1449 diuturniore
2042 1390 2205 1453 viaissent.

574 1458 623 1517 it).
646 1458 718 1517 Eos
730 1458 785 1536 qui
804 1456 896 1517 corde
914 1455 1046 1535 proprio
1064 1454 1195 1515 credunt
1210 1456 1245 1517 in
1265 1455 1452 1522 Dominum,
1471 1475 1528 1515 sua
1546 1455 1581 1516 id
1599 1458 1700 1535 [acccc
1713 1478 1750 1519 ao
1766 1469 1873 1521 untatc
1888 1482 1925 1522 ac
1947 1463 2042 1527 libero
2059 1467 2204 1531 arbitrio.

573 1537 623 1596 ll.
644 1536 713 1597 Pro
733 1535 844 1614 eisqui
857 1536 969 1595 nolunt
991 1533 1122 1598 credere,
1137 1551 1194 1593 uos
1201 1532 1265 1671 qui
1278 1532 1346 1612 jam
1365 1532 1529 1600 credimus,
1544 1543 1629 1594 recta
1643 1535 1703 1614 fide
1715 1555 1815 1615 apere,
1831 1552 1899 1600 cum
1912 1542 2009 1602 Deum
2026 1562 2149 1607 oramus
2169 1558 2205 1609 ut

571 1613 750 1674 uelint.12.
772 1614 838 1674 Pro
858 1613 968 1692 eisqui
984 1631 1023 1671 ca
1037 1612 1102 1673 iltis
1116 1611 1200 1674 credi
1225 1620 1326 1677 crunt,
1344 1623 1490 1690 tanquam
1506 1613 1541 1673 dc
1557 1611 1721 1692 beneficiis,
1736 1625 1817 1676 recte
1831 1626 1921 1698 atque
1941 1623 2093 1683 ueraciter
2108 1634 2136 1685 et
2150 1625 2206 1686 dc.

534 1760 538 1769 ¹
573 1691 641 1752 berc
656 1711 717 1752 nos
735 1693 797 1751 llco
810 1709 899 1769 aqcrc
913 1691 1031 1769 pretias
1045 1698 1073 1750 ct
1085 1689 1192 1749 solere.
1209 1690 1285 1763 Quae
1300 1691 1429 1766 quidem
1443 1690 1593 1769 dogmata
1604 1692 1642 1753 ad
1659 1711 1826 1755 numerum
1840 1696 2071 1760 duodenarium
2085 1721 2119 1764 se
2133 1703 2206 1765 ideo

574 1772 719 1849 redigere
734 1770 820 1840 dicit,
837 1773 872 1829 ut
885 1777 916 1830 et
931 1769 1053 1829 facilius
1066 1769 1227 1829 memoriae
1238 1769 1442 1842 mandentur,
1459 1775 1490 1830 et
1502 1769 1680 1831 distinctius
1693 1777 1881 1834 teneantur:
1896 1776 1962 1838 haec
1973 1785 2081 1839 autem
2096 1782 2205 1843 omnia

575 1849 615 1909 ad
628 1849 725 1909 iidem
740 1865 848 1909 veram
864 1853 896 1908 et
912 1847 1101 1908 catholicam
1116 1848 1288 1923 pertinere,
1304 1848 1516 1908 certissimum
1537 1866 1608 1909 esse
1622 1850 1786 1912 catholicis
1801 1851 2002 1916 Christianis.
2022 1858 2157 1919 Demum
2171 1861 2204 1920 in

572 1933 720 1988 extrema
738 1931 830 2005 parte
847 1927 989 2003 epistolar
1005 1925 1102 1993 addit,
1117 1942 1188 1986 eum
1204 1924 1314 1990 eodem
1329 1925 1438 1997 Vitali,
1454 1927 1480 1985 si
1494 1927 1644 2004 persistat
1658 1927 1690 1987 in
1704 1946 1825 2003 errore,
1841 1932 1934 1992 aliter
1946 1935 2104 2013 agendum
2120 1955 2203 2009 esse,

575 2024 615 2066 ne
631 2005 715 2066 alios
732 2006 764 2065 in
780 2021 923 2065 errorem
939 2004 1054 2075 mittat,
1068 2002 1099 2062 id
1114 2008 1173 2073 est,
1192 2008 1412 2064 contumacem
1430 2006 1471 2064 ab
1483 2005 1631 2067 Ecclesiae
1646 2023 1779 2084 corpore
1794 2012 2014 2072 resecandum.

613 2084 758 2161 Epistola
773 2084 840 2144 htec
856 2082 895 2144 ad
908 2083 1045 2142 Vitalem
1062 2081 1161 2142 videti
1179 2086 1283 2158 potest
1297 2082 1579 2144 adrumetinorum
1597 2083 1797 2147 dissensione
1816 2103 1853 2149 ac
1870 2090 1960 2150 libris
1976 2090 2014 2152 ad
2030 2110 2101 2153 eam
2118 2111 2205 2155 com·

574 2161 758 2239 ponendam
775 2161 866 2222 editis
884 2161 1054 2238 posterior.
1073 2161 1103 2220 ls
1129 2177 1243 2236 nempe
1260 2160 1345 2221 circa
1364 2162 1505 2221 eamdem
1526 2179 1598 2223 cum
1621 2163 1683 2224 illis
1704 2166 1912 2241 questionem
1932 2170 2104 2242 laborans,
2124 2174 2202 2233 exi-

574 2241 717 2301 stimarit
735 2257 800 2299 non
819 2240 913 2300 aliter
926 2255 1020 2315 posse
1035 2239 1172 2298 liberum
1192 2237 1330 2298 hominis
1350 2240 1518 2299 arbitrium
1537 2247 1567 2301 et
1585 2241 1642 2302 Dei
1657 2242 1809 2320 justitiam
1829 2248 1969 2316 serrari,
1985 2248 2046 2309 nisi
2064 2250 2200 2321 dicatur,

574 2323 605 2378 et
617 2318 713 2378 fidem
733 2323 766 2380 et
782 2317 896 2378 divine
913 2318 1056 2377 suasioni
1072 2317 1317 2377 consensionem
1333 2334 1404 2377 esse
1419 2335 1437 2378 a
1453 2319 1563 2393 nobis,
1581 2320 1611 2378 id
1627 2325 1692 2392 est,
1712 2338 1752 2381 ex
1765 2324 1896 2400 propria
1912 2326 2091 2399 voluntate;
2108 2328 2153 2389 ita
2168 2336 2203 2389 ut

574 2398 714 2474 quisque
730 2413 789 2474 pro
804 2413 845 2456 eo
861 2396 946 2473 quod
961 2413 1003 2458 ex
1017 2395 1163 2456 libertate
1180 2395 1319 2454 naturali
1336 2396 1455 2465 fecerit,
1472 2399 1637 2472 praemium
1655 2400 1705 2460 vel
1726 2401 1918 2478 supplicium
1939 2405 1980 2464 sit
2000 2411 2199 2483 recepturus.

574 2475 736 2548 Quoniam
755 2482 862 2535 autem
882 2475 915 2533 in
936 2475 1019 2534 libro
1038 2473 1075 2534 de
1093 2473 1203 2535 Gratia
1218 2478 1248 2532 ct
1266 2473 1381 2533 Libero
1398 2475 1550 2546 Arbitrio,
1570 2479 1765 2538 contrarium
1785 2481 1826 2540 ab
1843 2481 1890 2540 Au
1916 2483 2022 2542 ustino
2041 2491 2200 2545 assertum

575 2558 654 2620 erat,
671 2553 701 2612 id
717 2557 777 2625 est,
793 2571 834 2613 ex
847 2553 904 2613 Dei
919 2553 1004 2614 dono
1018 2552 1120 2630 ipsam
1136 2551 1279 2612 fidemne
1294 2553 1411 2613 bonam
1425 2553 1620 2614 voluntatem
1635 2555 1745 2617 venire
1756 2557 1873 2637 (lusca,
1885 2500 2039 2621 (iudicatio
2052 2562 2200 2624 alibero

577 2630 728 2700 Arbitrio,
751 2649 784 2691 u.
803 2631 841 2691 lo
856 2649 921 2711 sqq.
946 2632 968 2711 ),
991 2632 1052 2692 hoc
1065 2629 1146 2691 forto
1168 2636 1331 2707 permotus
1354 2631 1466 2691 Vitatis
1487 2632 1629 2708 apertius
1648 2635 1866 2697 contradicere
1882 2639 1986 2716 clepit,
2009 2644 2041 2700 et
2056 2642 2145 2701 Pauli
2163 2658 2202 2702 ac

576 2709 750 2772 Psalmistte
770 2710 960 2772 testimoniis
980 2710 1013 2771 iu
1028 2709 1139 2770 eodem
1155 2709 1237 2769 libro
1252 2708 1401 2769 adhibitis
1420 2710 1613 2786 respondere
1629 2709 1741 2788 tibia..
1758 2730 1791 2772 u.
1812 2712 1876 2793 32).
1893 2716 1992 2779 Porro
2008 2719 2199 2780 versiculum

577 2790 690 2850 Psalmi
706 2789 863 2869 trigesimi
879 2790 974 2859 sexti,
992 2806 1087 2864 quem
1103 2788 1135 2848 in
1150 2793 1326 2849 memorato
1342 2787 1423 2848 libro
1438 2789 1656 2850 tantummodo
1672 2789 1866 2853 indicaverat
1880 2795 2093 2873 Augustinus,
2109 2806 2202 2876 urget

574 2869 625 2929 hic
638 2867 846 2946 explicatque
858 2873 970 2930 contra
984 2868 1133 2938 vitalem,
1149 2874 1216 2927 tum
1232 2867 1328 2926 etiam
1343 2866 1447 2943 ipsum
1464 2885 1504 2926 ex
1519 2868 1667 2929 Ecclesiae
1680 2871 1827 2945 precibus
1842 2889 1901 2949 pro
1915 2873 2099 2947 incredulis,
2115 2878 2201 2954 quad

576 2951 801 3023 argumentum
817 2947 847 3005 in
863 2947 974 3007 eodem
989 2946 1070 3006 libro
1085 2945 1199 3006 leviter
1214 2945 1371 3084 tetigerat,
1386 2946 1554 3021 operosius
1571 2945 1696 3007 refellit.

577 3025 695 3085 XXIX.
718 3024 889 3103 Augustini
901 3033 1038 3084 catrcma
1048 3033 1135 3085 atate
1149 3023 1268 3099 Semipc
1281 3022 1389 3101 agiani
1398 3024 1610 3085 Massilienses
1625 3026 1779 3105 indagine
1791 3026 2075 3105 predestinationis
2093 3031 2203 3092 insur-

611 3113 702 3182 gunt.
721 3102 762 3164 la
778 3102 971 3181 Augustinus
1004 3112 1161 3182 repugnat
1172 3101 1263 3163 libris
1276 3100 1316 3160 ad
1328 3100 1518 3181 Prospcrum
1531 3111 1559 3163 ct
1587 3104 1749 3166 Hilarium
1764 3104 1800 3167 dc
1819 3105 2098 3170 Pradestinationc
2113 3111 2202 3172 Sau-

611 3188 789 3247 claranum
804 3181 840 3242 dc
853 3182 945 3243 Dono
989 3180 1209 3242 crscucrantia.

611 3260 681 3321 flac
700 3261 815 3321 ultima
829 3277 888 3323 sua
905 3265 996 3323 etate
1012 3259 1152 3337 suscepit
1174 3260 1374 3337 Augustinus
1388 3259 1475 3320 aliud
1494 3264 1605 3322 eontra
1626 3261 1799 3322 secundam
1817 3262 1938 3323 lutiam
1958 3281 2008 3323 res
2034 3266 2201 3329 onsionem

575 3356 666 3416 opus,
680 3338 768 3416 quod
782 3339 822 3399 ad
837 3343 1014 3400 extremam
1035 3356 1138 3416 usque
1153 3337 1251 3400 vitam
1272 3344 1473 3415 prosecutus,
1490 3338 1708 3415 imperfectum
1723 3339 1814 3400 nobis
1829 3340 1982 3418 reliquit3
2006 3282 2045 3403 tie
2060 3358 2124 3420 quo
2139 3347 2202 3404 im-

576 3418 716 3492 perfecto
739 3434 837 3495 opere
851 3434 982 3497 agemus
998 3417 1082 3479 infra
1104 3417 1236 3508 propria
1250 3416 1282 3476 in
1305 3415 1383 3476 illud
1406 3416 1622 3477 admonitione
1645 3436 1652 3475 :
1673 3402 1740 3495 jain
1765 3435 1840 3477 vero
1862 3419 1977 3480 dicturi
1992 3438 2117 3493 sumus,
2135 3441 2200 3500 qua

575 3497 658 3557 Deus
673 3497 843 3557 occasione
859 3499 988 3558 beatum
1002 3496 1196 3567 Antistium,
1207 3512 1303 3571 quem
1318 3496 1350 3553 in
1364 3495 1474 3574 gratia
1487 3511 1554 3554 suae
1566 3494 1925 3575 defensoremelegerat,
1936 3498 1975 3559 ad
1990 3499 2200 3575 praedestina-

575 3575 670 3635 tionis
687 3569 820 3652 dogmai
831 3576 1020 3652 priusquam
1043 3575 1117 3635 hinc
1131 3574 1199 3651 ipse
1214 3573 1376 3651 migraret,
1392 3573 1600 3633 asserendum
1619 3573 1803 3633 induxerit:
1823 3575 1908 3652 quod
1923 3591 2001 3637 sane
2013 3577 2140 3656 dogma,
2158 3598 2199 3640 ox

573 3670 612 3715 eo
626 3653 712 3730 quod
726 3653 873 3733 Pelagius
888 3654 920 3714 in
933 3654 1100 3716 Palaestina
1110 3651 1234 3732 synodo
1245 3652 1294 3712 vel
1308 3651 1427 3713 invitus
1440 3656 1652 3723 concesserat,
1690 3651 1803 3715 retiam
1818 3671 1882 3714 non
1896 3655 2071 3716 secundum
2084 3658 2198 3721 merita

572 3733 655 3802 dari,
670 3734 852 3793 necessario
866 3736 1061 3823 sequebatur
1075 3733 1190 3813 (Infra,
1207 3732 1243 3791 dc
1260 3733 1350 3791 Dana
1367 3730 1618 3798 Pcrscccrantia,
1631 3669 1741 3824 affut).

607 3810 1405 3890 ErantergohlassihaealiisqueinlocisGalliarum
1416 3809 1728 3887 nonpauci,quisibr
1739 3809 1947 3887 eximperitia
1959 3813 2199 3890 persuaderent,

573 3888 728 3967 quidquid
744 3890 813 3950 suis
829 3890 862 3949 in
875 3891 1063 3970 Pelagianos
1076 3890 1167 3949 libris
1180 3889 1218 3949 de
1237 3886 1402 3948 vocatione
1414 3888 1587 3948 electorum
1605 3888 1780 3949 secundum
1798 3889 1855 3950 Dei
1870 3891 2104 3970 beneplacitum
2119 3897 2196 3956 scri-

574 3972 683 4044 pserat
704 3970 917 4048 Augustinus,
933 3969 964 4029 id
976 3975 1078 4030 totum
1090 3985 1109 4029 a
1123 3968 1251 4029 Patrum
1266 3966 1418 4043 opinione
1432 3971 1529 4044 atque
1547 3967 1696 4029 Ecclesia
1716 3968 1874 4029 sententia
1888 3970 2064 4032 abhorrere
2078 3973 2197 4051 (Epist.

572 4046 642 4118 225,
657 4064 692 4106 u.
706 4047 752 4126 P).
766 4047 846 4108 illud
860 4048 943 4109 idem
957 4048 1075 4108 sanctis
1086 4047 1179 4125 juxta
1198 4064 1237 4106 ac
1255 4044 1476 4122 peccatoribus
1490 4046 1715 4124 negligentiam
1730 4050 1937 4124 teporemque
1951 4048 2101 4127 injicere:
2121 4053 2197 4128 quia

572 4142 706 4203 quoquo
721 4126 815 4185 modo
829 4144 863 4187 se
877 4126 1011 4205 egerint,
1026 4143 1091 4186 non
1107 4131 1214 4202 posset
1228 4124 1314 4186 aliud
1331 4140 1407 4202 erga
1421 4140 1489 4194 eos,
1504 4141 1601 4200 quam
1611 4124 1696 4184 Deus
1712 4123 1866 4196 delinivit,
1882 4127 2037 4188 accidere.
2062 4129 2107 4188 Ac
2126 4148 2200 4207 pro-

573 4204 658 4276 inde,
679 4211 714 4264 ut
733 4204 873 4266 maxime
886 4222 960 4267 vera
974 4208 1058 4267 esset
1072 4205 1126 4265 illa
1141 4204 1297 4273 doctrina,
1314 4219 1377 4261 non
1391 4205 1500 4263 tamen
1513 4203 1725 4281 evulgandum
1738 4220 1809 4262 esse
1822 4202 1942 4280 quippe
1957 4222 2040 4281 quae,
2060 4225 2131 4267 cum
2145 4227 2200 4270 ne-

573 4299 738 4361 quaquam
750 4289 834 4344 esset
846 4284 1037 4355 necessaria,
1052 4281 1181 4345 effectus
1196 4282 1334 4342 traheret
1347 4281 1515 4341 admodum
1530 4281 1738 4359 periculosos,
1756 4297 1878 4340 necnon
1894 4283 2130 4345 cohortantium
2147 4286 2196 4347 in·

575 4361 746 4422 citamenta
759 4378 844 4423 vana
853 4378 1008 4439 cassaque
1018 4361 1174 4423 redderet.
1187 4361 1264 4434 Quae
1277 4375 1335 4419 sua
1347 4363 1442 4421 erata
1457 4359 1613 4419 catholieo
1626 4359 1681 4418 illo
1691 4358 1849 4438 dogmate,
1861 4360 1944 4421 unde
1957 4365 2199 4426 consecutiones

575 4445 639 4499 tam
657 4440 787 4500 odiosas
803 4441 1007 4519 colligebant,
1023 4439 1229 4507 abalienatio,
1245 4455 1299 4498 eos
1315 4438 1347 4495 in
1363 4438 1503 4498 celebres
1517 4437 1845 4516 semipelagianorum
1860 4437 1991 4517 (quippe
2004 4440 2065 4502 hoc
2079 4458 2195 4504 nomen

574 4519 687 4577 merito
700 4535 761 4579 suo
776 4520 937 4580 consecuti
953 4518 1040 4598 sunt)
1058 4536 1183 4580 errores
1205 4516 1341 4593 impulit.
1366 4515 1445 4576 Nam
1460 4515 1506 4574 illi
1521 4516 1610 4593 prius
1625 4516 1757 4576 meliora
1773 4519 1804 4575 et
1818 4517 1918 4595 magis
1932 4519 2111 4580 orthodoxa
2127 4537 2200 4581 sen-

574 4596 710 4665 tiebant:
726 4596 780 4658 sed
798 4599 891 4658 certis
902 4599 1021 4676 regulis
1035 4614 1073 4659 ac
1087 4596 1300 4657 fundamentis
1312 4593 1464 4663 destituti,
1480 4593 1574 4663 modo
1589 4594 1662 4666 huc,
1676 4593 1769 4653 modo
1781 4594 1856 4655 illuc
1868 4602 2007 4657 mentem
2018 4602 2115 4674 atque
2130 4601 2198 4677 opi·

573 4674 702 4734 aionem
718 4675 955 4736 transferebant
967 4675 1077 4754 (thia,
1093 4694 1125 4737 n.
1141 4675 1185 4766 u).
1201 4674 1312 4733 Visum
1327 4673 1402 4746 illis,
1419 4672 1544 4733 initium
1565 4671 1636 4732 fidei
1652 4676 1683 4732 et
1699 4672 1731 4730 in
1749 4671 1844 4730 finem
1863 4677 2135 4749 perseverantiam
2153 4678 2199 4739 sic

573 4771 642 4812 esse
656 4754 689 4812 in
702 4759 812 4814 nostra
827 4761 992 4830 potestate,
1006 4760 1042 4815 ut
1063 4772 1128 4815 non
1142 4757 1206 4828 sint
1219 4752 1301 4812 dona
1323 4752 1377 4812 lici
1394 4751 1508 4829 (Infra,
1532 4749 1568 4809 de
1590 4750 1678 4808 bono
1697 4749 1947 4817 Perscaaantia,
1962 4769 1995 4811 u.
2010 4750 2084 4833 h2);
2105 4760 2162 4814 aut
2179 4773 2197 4817 a

573 4830 637 4890 Deo
660 4833 790 4891 nonnisi
815 4834 909 4892 uilem
929 4832 998 4894 dari
1016 4833 1298 4910 perseverantiam,
1323 4846 1342 4891 a
1364 4846 1430 4907 qua
1454 4828 1555 4905 possit
1567 4827 1661 4888 honio
1678 4844 1736 4887 sua
1754 4826 1917 4888 voluntate
1930 4828 2063 4891 delicere
2077 4831 2196 4910 (Epist.

572 4908 640 4975 ilfi,
658 4927 691 4968 a.
706 4909 750 4986 b).
767 4911 830 4970 Nec
844 4912 974 4971 deerant
986 4913 1081 4972 etiam
1094 4910 1180 4988 quia
1195 4908 1374 4987 Pelagianis
1385 4908 1506 4968 semitis
1519 4906 1599 4968 adeo
1614 4922 1678 4965 non
1689 4904 1903 4976 declinabant,
1919 4909 2087 4970 utnullam
2102 4912 2198 4973 aliam

572 4989 721 5064 gratiam,
744 5007 842 5065 quam
866 4990 1023 5050 rationem
1041 4990 1178 5050 liberum
1204 5005 1244 5047 ue
1266 4986 1434 5047 arbitrium
1453 4985 1574 5046 homini
1589 4985 1669 5045 nihil
1686 4985 1774 5061 prius
1790 4985 1955 5046 merentia
1971 4986 2121 5048 Creatore
2136 4989 2198 5051 da-

573 5073 650 5136 tum,
666 5083 841 5144 agnoscere
855 5067 1038 5129 viderentur
1052 5005 1256 5146 (apianice,
1272 5083 1304 5125 n.
1318 5062 1362 5144 b).
1377 5065 1589 5125 Nihilominus
1610 5067 1727 5133 tamen,
1738 5063 1793 5141 qui
1808 5064 2083 5141 amplectebantur
2104 5068 2199 5130 hosce

571 5161 711 5214 errores,
728 5146 787 5205 viri
805 5150 898 5206 erant
911 5147 994 5207 inter
1008 5152 1136 5207 caeteros
1150 5144 1241 5212 clari,
1256 5143 1311 5220 qui
1327 5143 1482 5203 virtutum
1496 5143 1640 5203 omnium
1654 5142 1770 5216 studio,
1785 5157 1823 5202 ac
1836 5144 2004 5219 probitatis
2019 5161 2084 5223 qua
2099 5146 2199 5226 fulge-

574 5224 650 5282 bant
664 5225 829 5300 opinione,
844 5241 995 5304 magnam
1009 5225 1069 5285 sibi
1085 5223 1307 5285 auctoritatem
1322 5221 1405 5299 apud
1421 5222 1630 5299 simpliciores
1653 5238 1801 5298 quosque
1815 5230 2020 5297 paraverant.
2044 5224 2101 5283 Sed
2118 5225 2198 5285 nulii

573 5300 763 5377 recipiendis
784 5303 1028 5381 Pelagianorum
1049 5302 1154 5380 impiis
1174 5300 1298 5380 placitis
1320 5300 1421 5378 magis
1442 5301 1574 5360 obnoxii
1588 5305 1675 5369 sunt,
1699 5299 1758 5359 nisi
1776 5301 1817 5359 ab
1832 5317 1866 5360 se
1885 5301 1961 5376 ipsis
1977 5301 2037 5361 sibi
2052 5310 2197 5370 caveant,

571 5394 670 5455 quam
684 5380 757 5446 isti:
774 5400 832 5441 nec
846 5381 910 5441 fere
931 5381 1148 5458 reperiuntur,
1170 5379 1227 5458 qui
1241 5379 1298 5439 Dei
1313 5378 1474 5439 beneficiis
1489 5379 1665 5438 abutantur
1685 5377 1820 5445 farellius,
1837 5378 1899 5438 illis
1916 5379 2155 5440 intumescendo
2168 5389 2198 5441 ct

572 5457 724 5535 sibiipsis
741 5467 871 5537 accepta
890 5460 1068 5530 referendo,
1084 5477 1181 5536 quam
1196 5457 1252 5535 qui
1268 5456 1414 5533 pluribus
1429 5459 1469 5516 ab
1484 5474 1522 5516 eo
1540 5456 1627 5516 ferere
1641 5457 1804 5515 cumulati.
1820 5456 2068 5519 Massiliensium
2081 5457 2197 5518 Christi

571 5552 751 5608 servorum,
768 5537 901 5608 haussi,
919 5538 1161 5607 monachorum,
1177 5553 1327 5614 magnam
1350 5540 1471 5610 partem
1490 5534 1586 5611 pestis
1604 5535 1666 5594 ista
1683 5535 1882 5610 corripuerat
1900 5555 1907 5594 ε
1932 5553 2036 5613 neque
2050 5536 2135 5595 ullus
2151 5543 2198 5597 est

570 5614 625 5750 qui
643 5614 782 5693 ignoret,
794 5617 949 5677 loannem
968 5616 1170 5686 Cassianum,
1184 5632 1202 5676 a
1215 5633 1280 5692 que
1298 5614 1390 5673 isthic
1404 5613 1633 5673 rnonasterium
1650 5614 1857 5673 constitutum
1873 5613 1991 5684 fuerat,
2006 5614 2092 5673 bunc
2106 5632 2201 5674 eum-

590 5710 640 5752 em
656 5710 800 5754 errorem
813 5712 1006 5775 propagasse
1019 5695 1144 5772 scriptis
1161 5695 1240 5763 sais,
1257 5709 1293 5752 ae
1308 5692 1508 5768 potissimum
1523 5690 1699 5751 Collatione
1711 5693 1802 5751 tertia
1817 5692 1949 5763 decima,
1960 5709 2058 5767 quam
2071 5693 2201 5753 suban-

572 5789 647 5830 num
662 5772 1014 5852 quadringentesimum
1030 5773 1218 5851 vigesimum
1234 5776 1360 5831 sextum
1372 5770 1404 5829 in
1422 5771 1523 5830 luceru
1540 5770 1655 5840 emisit,
1671 5787 1737 5828 uno
1753 5770 1897 5828 videlicet
1910 5787 2008 5841 anno,
2027 5778 2199 5849 postquam

572 5849 816 5911 Valentinianus
825 5852 1005 5912 Gallicanos
1016 5854 1195 5930 episcopos,
1206 5850 1260 5928 qui
1274 5848 1388 5985 Pelagii
1401 5849 1550 5927 dogmata
1564 5852 1775 5917 sectarentur,
1787 5847 1926 5908 abdicari
1936 5850 2118 5927 expellique
2125 5851 2200 5928 jus-

572 5934 667 5988 serat.
684 5929 727 5987 Ad
745 5929 822 6002 baec,
839 5931 1037 5992 auctoritatis
1053 5949 1117 5990 nan
1133 5930 1297 5989 minimum
1310 5929 1337 5987 ei
1362 5945 1411 5987 em
1427 5927 1527 5987 errori
1541 5927 1614 5988 hinc
1624 5927 1803 5998 accedebat,
1814 5926 1898 6001 quod
1911 5944 2064 5998 eorum,a
2080 5931 2198 6006 quibus

572 6005 810 6079 defendebatur,
825 6010 971 6069 nonnulli
991 6028 1116 6070 summo
1129 6007 1295 6070 sacerdotii
1312 6006 1446 6080 honore,
1468 6006 1569 6076 idest,
1586 6005 1770 6082 episcopatu
1790 6022 1894 6080 nuper
1911 6007 2040 6066 obtento
2055 6011 2199 6084 praemi·

574 6085 691 6144 nebant
709 6085 819 6162 llbid..
842 6090 928 6166 nl).
947 6089 1088 6150 hilarius
1110 6104 1240 6165 quoque
1253 6086 1322 6164 ipse
1337 6086 1505 6162 episcopus
1520 6085 1727 6154 Arelatensis,
1743 6084 1798 6160 qui
1819 6084 1983 6144 Honorato
2003 6085 2087 6146 circa
2104 6085 2199 6145 finem

573 6164 647 6223 anni
662 6167 969 6245 quadringentesimi
983 6168 1124 6247 trigesimi
1139 6165 1243 6227 octavi
1258 6169 1468 6234 successerat,
1483 6163 1516 6222 in
1531 6163 1651 6224 caeteris
1663 6164 1814 6224 doetrinae
1829 6164 2000 6242 Augustini
2015 6171 2153 6225 sectator
2169 6171 2200 6225 et

574 6242 757 6316 admirator,
771 6246 804 6305 in
820 6247 856 6305 iis
872 6255 977 6308 tamen
988 6267 1061 6326 qam
1076 6248 1113 6308 ad
1126 6246 1438 6325 praedestinationem
1452 6249 1607 6320 spectant,
1621 6245 1810 6324 angebatur,
1826 6258 1864 6303 ac
1876 6244 2020 6304 nonnihil
2033 6244 2065 6303 in
2076 6260 2200 6321 quere·-

576 6323 635 6382 lam
652 6324 812 6398 trahebat,
830 6329 1064 6405 superquartae·
1081 6330 1217 6407 <agitata
1234 6344 1291 6387 sua
1309 6343 1379 6386 eum
1392 6335 1502 6386 saneto
1516 6324 1649 6384 hectore
1660 6322 1804 6383 conferre
1816 6324 1974 6397 cupiebat.
