5592 7350
1211 792 1225 828 i

570 893 620 949 tn
677 871 690 892 '

563 989 761 1075 'peccaremus
771 1017 799 1062 ot
809 1008 835 1062 ei
845 1005 947 1063 similes
955 1016 1124 1070 crearemur,
1136 1006 1204 1061 sicto
1215 1020 1247 1060 oa
1260 1004 1368 1059 lorraine
1390 1080 1396 1091 .

570 1098 705 1162 tournines,
727 1100 763 1153 ita
785 1112 822 1154 ex
841 1105 981 1168 peccatore
1003 1107 1167 1167 peccatores,
1187 1111 1219 1151 ex
1240 1096 1369 1152 ntarituro

570 1189 706 1257 morituri,
720 1188 902 1260 danruatoqne
922 1187 1040 1244 danmati
1051 1188 1071 1242 ¹.
1082 1186 1167 1243 Graeci
1186 1198 1274 1244 autern
1292 1186 1367 1246 eodi-

536 1302 545 1307 ·
570 1296 630 1348 eea,
642 1280 713 1337 unde
726 1280 753 1336 ia
766 1269 876 1336 latinam
897 1279 1015 1350 l'nrguam
1031 1280 1215 1350 interpretatio
1232 1278 1301 1335 laeta
1315 1287 1367 1349 est,

572 1383 726 1428 antoninos
740 1382 786 1426 aut
801 1386 869 1443 pene
881 1385 987 1437 ontnos,
1003 1370 1029 1426 id
1049 1369 1120 1443 quod
1134 1385 1149 1426 a
1164 1386 1207 1427 nte
1221 1369 1308 1442 pritno
1322 1388 1369 1443 po-

572 1465 654 1520 titum
664 1471 716 1525 est,
727 1462 837 1519 liabent.

610 1553 655 1609 ll.
675 1550 730 1609 sed
740 1570 802 1617 non,
813 1551 908 1624 inquit,
919 1551 984 1607 sicat
994 1552 1124 1618 delictum,
1135 1552 1171 1606 t'ta
1180 1560 1203 1608 et
1214 1553 1327 1608 deiratio.
1340 1551 1371 1610 St’

573 1646 642 1699 enitrt
656 1644 688 1698 ot
701 1644 776 1698 ttttitta
790 1644 909 1698 delictum
923 1642 994 1696 attultt
1009 1643 1101 1697 mortui
1117 1651 1185 1708 eunt,
1199 1643 1277 1698 trralto
1290 1647 1370 1716 attegia

573 1738 659 1811 gretie
674 1736 720 1792 eet
730 1746 752 1793 et
766 1736 861 1789 doraum
873 1736 899 1789 in
909 1736 992 1807 gratita
1001 1734 1076 1789 ttniua
1086 1734 1193 1788 ltonduia
1203 1732 1266 1789 ierat
1277 1732 1371 1790 carmi

574 1832 602 1886 in
615 1832 708 1885 ordior
722 1828 859 1883 airrndneit
871 1843 880 1882 :
892 1844 955 1891 nou,
970 1827 1051 1899 nangis
1064 1827 1166 1894 tttnltoa,
1181 1827 1207 1883 id
1222 1838 1273 1896 est,
1288 1828 1371 1884 nutlto

575 1921 667 1993 pluit-es
679 1920 812 1988 hrttttines,
826 1935 911 1992 neqne
924 1920 994 1975 enim
1006 1918 1281 1989 pluresjustiltcantnr
1291 1935 1371 1991 quant

576 2012 809 2079 eottdetmtantur3
832 2012 891 2080 sed,
912 2012 991 2067 otulto
1014 2012 1095 2084 aragia
1120 2012 1265 2067 utrntdnrit.
1286 2013 1371 2069 odam

576 2106 676 2177 quippe
691 2109 723 2161 ei
740 2121 793 2162 arm
804 2104 905 2161 delicto
924 2120 973 2160 sno
990 2119 1051 2161 reos
1068 2106 1159 2176 genuit
1171 2122 1178 2161 :
1190 2107 1310 2165 Cin-istus
1323 2123 1372 2163 au-

578 2210 632 2253 tem
655 2199 737 2253 etiam
758 2214 818 2269 quae
841 2197 964 2254 hotttines
982 2195 1077 2253 delicta
1097 2199 1210 2270 prttptin
1228 2197 1372 2256 tolutttatls

577 2289 613 2344 ad
625 2288 755 2360 originale
772 2290 799 2344 iu
813 2306 866 2361 qun
881 2288 937 2345 nati
956 2299 1020 2345 suut
1037 2290 1206 2357 addiderunt,
1220 2291 1304 2362 gratia
1323 2308 1371 2348 sua

576 2380 660 2436 anteit
674 2390 754 2451 atque
766 2379 884 2449 donavit,
896 2379 967 2451 quod
978 2379 1127 2437 euidentius
1143 2381 1170 2437 in
1181 2384 1372 2453 consequenti-

577 2472 628 2528 ltus
642 2470 719 2528 dicit.

613 2563 729 2620 catut
749 2563 807 2619 Xll.
820 2594 856 2605 -
870 2563 914 2620 to.
932 2561 1017 2619 ilnttnt
1032 2576 1160 2634 peecatum
1173 2567 1288 2623 otttniitta
1301 2584 1373 2622 cont·

578 2671 664 2709 nane.
677 2653 776 2710 Verum
797 2654 862 2710 illud
881 2654 1034 2727 diligentius
1054 2655 1166 2722 intuere,
1187 2658 1257 2729 quod
1277 2659 1324 2727 ait,
1338 2659 1374 2715 ult

579 2747 661 2804 unius
679 2745 807 2803 deliciunt
827 2747 929 2801 ntultos
947 2757 1076 2803 otortuns.
1092 2747 1144 2802 Cur
1158 2750 1230 2804 enim
1246 2749 1284 2805 ob.
1295 2752 1373 2807 attius

580 2839 663 2903 illins,
674 2846 704 2895 et
715 2854 768 2894 non
781 2839 867 2909 potius
879 2839 914 2893 ob
924 2836 1020 2894 delicta
1031 2852 1079 2893 sua
1090 2840 1207 2909 propria,
1219 2840 1242 2896 si
1253 2840 1303 2897 trae
1314 2841 1374 2898 loeo

578 2929 753 2999 intelligenda
766 2940 808 2986 est
819 2929 942 2996 imitatio,
954 2945 1006 2985 non
1017 2931 1189 3006 propagatio?
1198 2931 1250 2989 Sed
1266 2934 1374 2992 attendo

578 3021 651 3093 qaod
670 3021 791 3091 sequuur
804 3038 811 3075 :
825 3018 858 3074 la't
873 3021 1001 3076 nuntient
1016 3038 1061 3091 per
1077 3038 1154 3075 auum
1170 3033 1323 3093 pteccontrtn,
1338 3024 1374 3081 ltu

579 3122 616 3167 eat
630 3126 654 3167 et
668 3112 773 3166 dottam.
785 3109 856 3165 Nam
863 3110 990 3183 judicium
1002 3112 1102 3182 guidem
1115 3128 1146 3167 eu
1155 3129 1205 3167 uno
1215 3112 1242 3168 in
1253 3116 1374 3170 coardent-

580 3203 813 3275 reformarunt
826 3213 910 3258 nutent
923 3220 955 3257 ex
967 3203 1053 3257 ntttitia
1067 3203 1165 3259 delictis
1176 3205 1202 3257 in
1209 3206 1374 3277 justificatio-

580 3313 648 3352 ιω.
663 3295 740 3352 lione
754 3295 854 3363 dicatu,
869 3295 912 3352 ulti
925 3295 1012 3351 locum
1028 3295 1123 3352 ltalteat
1138 3297 1164 3353 in
1175 3297 1216 3353 ltis
1227 3299 1314 3355 verbis
1329 3300 1374 3356 illa

580 3387 705 3443 imitatio.
716 3384 760 3441 Es
769 3403 829 3451 ano,
842 3388 936 3457 inquit,
948 3387 974 3442 in
984 3388 1216 3444 condennationem
1226 3406 1295 3461 :quo
1309 3407 1373 3460 uno,
1391 3408 1394 3413 ’

579 3477 632 3533 nisi
647 3476 763 3533 delicto?
774 3476 830 3533 lloe
842 3479 912 3533 enim
926 3478 1060 3549 explanat,
1073 3494 1133 3534 enm
1143 3480 1272 3551 adiungit,
1284 3480 1375 3537 Gratia

578 3578 666 3624 ment
684 3583 717 3623 ea
737 3567 823 3624 mulda
843 3568 940 3624 delictis
957 3569 984 3624 in
1000 3570 1218 3641 justificationem.
1236 3572 1291 3628 Cur
1310 3589 1375 3646 ergo

578 3656 709 3729 iodicium
728 3673 762 3715 ex
784 3671 843 3714 uno
857 3656 955 3715 delicto
971 3658 998 3715 in
1017 3659 1276 3731 condemnationem,
1290 3666 1382 3737 gratia

579 3764 646 3805 rere
660 3765 695 3805 ea
712 3749 804 3804 multis
821 3748 928 3805 delictis
948 3750 975 3806 in
995 3750 1232 3821 justificationem?
1243 3755 1337 3812 Nonne
1351 3759 1375 3815 si

579 3841 682 3897 andorn
693 3851 738 3898 est
747 3840 877 3912 originale
887 3840 1025 3909 delictum,
1036 3856 1090 3898 non
1103 3842 1191 3900 solean
1200 3845 1234 3901 ad
1245 3846 1374 3916 instillea-

578 3935 679 3990 tionem
689 3934 786 4005 gratia,
797 3933 844 3990 sed
854 3934 933 3989 etiam
941 3933 1071 4006 judicium
1080 3937 1112 3991 ad
1122 3938 1383 3999 candentnationnm.

577 4042 614 4083 es
627 4025 718 4082 multis
735 4024 842 4083 delictis
854 4025 978 4082 homines
997 4026 1087 4083 ducit?
1099 4026 1190 4100 Neque
1204 4031 1275 4086 enim
1289 4036 1383 4103 gratia,

579 4116 662 4172 tnulta
675 4115 772 4172 delicta
787 4115 880 4184 dtmat,
891 4126 919 4172 et
929 4132 984 4172 non
998 4118 1078 4173 etlntn
1089 4118 1217 4189 judicium
1230 4124 1313 4179 multa
1325 4126 1373 4182 de·

577 4209 641 4265 licta
655 4207 827 4267 condemnat.
843 4210 897 4264 Aut
915 4208 938 4264 si
959 4220 1100 4280 propteroa
1114 4227 1146 4267 ert
1162 4228 1215 4268 uno
1229 4215 1329 4272 delicto
1347 4218 1373 4272 in

577 4299 829 4357 condennationem
848 4298 992 4367 dueurnur,
1007 4302 1069 4373 quia
1089 4303 1178 4360 omnia
1201 4306 1295 4362 delicta
1315 4323 1374 4380 qrtae

573 4389 802 4454 eonderrtnantur,
821 4405 858 4446 ex
876 4389 947 4446 illius
968 4390 1045 4446 unius
1065 4391 1212 4451 imitatione
1230 4397 1373 4453 commissa

577 4490 659 4546 καις
673 4480 768 4537 eadem
782 4496 864 4537 eausa
880 4490 922 4539 eat
941 4498 990 4538 eur
1008 4498 1040 4538 ea
1061 4499 1114 4539 uno
1128 4484 1227 4541 delicto
1245 4488 1325 4543 etiam
1340 4488 1383 4545 ad.

577 4574 798 4647 indicationem
817 4572 880 4631 dttei
899 4574 1090 4652 intelligantur,
1099 4577 1161 4648 quia
1174 4579 1263 4635 otnnia
1277 4581 1374 4639 delicta

575 4665 992 4738 conjustilleatieremittuutar,
1003 4685 1034 4723 ex
1050 4669 1121 4725 illius
1134 4670 1374 4730 uniusimitatione

576 4760 723 4815 mmutisaa
746 4769 820 4816 sunt.
839 4757 893 4815 Sed
915 4758 966 4816 hoe
988 4760 1111 4818 videlicet
1134 4778 1187 4818 non
1211 4764 1375 4836 intelligebat

577 4849 726 4921 Apostolus
737 4866 799 4906 cum
811 4844 927 4918 dicebat,
936 4849 1069 4907 Iudicium
1082 4855 1186 4927 guidem
1197 4870 1231 4910 es
1242 4872 1295 4911 ane
1307 4857 1373 4912 dett·

575 4951 618 4999 cta
631 4943 659 4997 itt
673 4944 918 5012 condemnationem,
931 4944 1014 5016 gretia
1025 4963 1083 5001 uero
1096 4963 1127 5009 ex
1139 4949 1226 5004 multia
1236 4949 1334 5006 delictit
1347 4955 1374 5007 in

574 5035 804 5110 '’unificationeml
813 5033 870 5091 lrrto
879 5051 943 5092 tero
953 5052 1003 5092 nos
1015 5037 1195 5109 intelligamus
1204 5041 1383 5110 apostolum..

576 5125 756 5183 etrideantus
769 5126 829 5183 ideo
841 5126 942 5183 dictum
962 5127 1092 5199 judicium
1105 5145 1137 5185 ex
1154 5145 1206 5185 trno
1225 5130 1323 5188 delicto
1345 5132 1371 5188 in

576 5216 840 5284 condemnationem,
856 5216 917 5288 quia
931 5218 1065 5275 sufficeret
1078 5219 1111 5275 ad
1123 5221 1373 5279 condennationem

576 5309 683 5368 etiamsi
697 5324 752 5365 non
765 5319 838 5368 esset
854 5311 886 5368 ia
897 5310 1050 5368 hominibus
1064 5312 1115 5370 nisi
1129 5314 1259 5385 originale
1276 5331 1374 5386 peeca-

578 5401 784 5472 tan.0namm
801 5403 872 5459 enim
886 5404 1073 5461 condemnatio
1087 5406 1194 5477 gratior
1215 5407 1249 5462 sit
1268 5423 1372 5479 eornm,

577 5498 624 5568 gui
638 5497 761 5568 originali
780 5496 878 5553 delicto
897 5498 976 5554 etiam
997 5499 1103 5569 propria
1125 5501 1330 5570 eottjunternnt,
1346 5512 1374 5559 et

577 5597 653 5645 nato
664 5589 775 5661 singulis
785 5590 901 5662 gratior,
911 5599 1013 5662 quanto
1025 5592 1133 5663 gratius
1144 5593 1204 5664 qnis
1219 5596 1339 5663 peccarit
1351 5598 1371 5650 ¹:

576 5690 667 5738 tanuen
690 5681 770 5738 etiam
793 5680 858 5738 illud
879 5683 965 5738 solum
985 5683 1056 5755 quod
1075 5683 1241 5756 originaliter
1259 5697 1372 5743 tractum

576 5781 637 5838 eat,
657 5788 712 5829 uon
734 5782 865 5829 tantuma
880 5789 963 5845 regno
979 5776 1024 5830 liei
1039 5787 1164 5847 separat,
1176 5795 1230 5849 quo
1250 5782 1374 5851 parrulos

578 5864 637 5919 sine
646 5875 754 5935 accepta
763 5863 861 5921 coristi
872 5867 958 5937 gratia
967 5867 1105 5924 defunctos
1118 5872 1217 5926 intrare
1229 5887 1282 5927 non
1294 5889 1373 5944 posse

578 5954 628 6024 ipsi
651 5955 733 6011 etiam
755 5957 937 6024 confitentum
958 5974 1051 6014 aerum
1073 5969 1101 6017 et
1122 5976 1137 6015 a
1161 5962 1245 6020 salute
1266 5980 1298 6020 ae
1320 5967 1371 6021 rita

578 6055 678 6101 interm
693 6044 756 6102 oreta
769 6040 881 6113 alienos,
897 6064 957 6118 quar
973 6051 1045 6106 nulla
1059 6068 1119 6108 esse
1132 6053 1182 6108 alia
1198 6066 1285 6126 potest
1302 6074 1370 6128 pran-

580 6146 620 6193 ter
633 6154 743 6209 regnum
758 6139 886 6219 licique
903 6142 959 6198 sola
971 6141 1070 6198 Christi
1085 6145 1199 6201 societas
1216 6147 1370 6207 introducit.

610 6252 619 6282 ¹
636 6252 789 6325 neartgiamrs
799 6251 917 6325 coalent-t
926 6252 1017 6326 Belgiei
1028 6256 1125 6318 numm
1133 6264 1198 6319 itas,
1211 6259 1354 6313 duntnmtdi.

610 6313 701 6383 ’idam
711 6323 801 6383 quarto
811 6326 909 6385 pruritu
920 6329 1020 6391 gromae
1034 6317 1150 6381 perenn.
1165 6327 1193 6372 tt
1203 6328 1268 6380 uss,
1285 6332 1373 6385 gerento

580 6384 735 6440 preteream
745 6383 861 6442 peremat.
1081 6392 1091 6403 ’

1173 951 1176 958 ,
1266 892 1365 948 tanen
1386 893 1522 975 uranus.

2165 882 2234 961 ttt'

1458 1006 1572 1064 CAPUT
1592 1006 1707 1064 ‚tut-
1722 1010 1763 1066 to.
1788 1011 1920 1079 Quornouo
1940 1032 1986 1080 per
2007 1032 2084 1070 ttntrnt
2106 1035 2173 1081 tuere
2193 1030 2216 1073 at

1412 1092 1414 1095 ’
1422 1117 1467 1170 per
1481 1102 1632 1155 attentarint.
1647 1103 1685 1157 lle
1702 1104 1811 1177 per-lton
1823 1105 1858 1160 alt
1878 1105 1961 1160 rltlant
1975 1148 1983 1173 ,
1998 1086 2035 1162 in¹
2046 1124 2101 1179 quo
2122 1085 2216 1166 omnes

1422 1192 1600 1261 peccavimus,
1614 1208 1668 1247 non
1682 1195 1771 1249 ottrnia
1785 1206 1875 1253 ttostta
1890 1208 2020 1268 peecata,
2042 1199 2090 1257 sed
2112 1187 2214 1256 tatttum

1422 1282 1551 1355 originale
1564 1273 1749 1341 traduaitttus'¹
1763 1304 1770 1341 :
1785 1303 1801 1341 a
1815 1286 1923 1343 Citristn
1936 1305 2017 1359 tero,
2041 1292 2067 1348 in
2081 1306 2137 1367 geo
2156 1306 2212 1348 one

1420 1409 1469 1452 ttes
1482 1392 1662 1462 justificantur
1676 1394 1700 1457 ¹,
1719 1407 1771 1445 non
1787 1390 1860 1444 illius
1873 1399 1977 1443 tantum
1996 1387 2151 1469 originalis,
2164 1388 2211 1466 sed

1420 1485 1500 1539 ctiam
1515 1494 1675 1538 ceterorum
1688 1497 1748 1550 qrrzn
1764 1481 1813 1546 ipsi
1824 1479 1973 1533 addidimus
1987 1483 2156 1545 peccatorem
2170 1493 2210 1533 re·

1421 1578 1574 1630 nr'ssinnem
1584 1574 1785 1641 consequimur.
1796 1570 1857 1624 ldeo
1869 1586 1919 1621 nort
1929 1569 1992 1622 sicat
2007 1585 2050 1639 per
2060 1585 2139 1622 enam
2151 1584 2210 1635 pre·

1420 1680 1532 1727 cuntant,
1541 1666 1577 1717 itu
1588 1673 1624 1717 eat
1635 1674 1658 1716 et
1668 1665 1771 1716 dottam.
1782 1660 1846 1714 Naar
1858 1659 1984 1725 judicium
1995 1660 2101 1725 quidem
2114 1675 2145 1714 et
2158 1676 2212 1713 nnn

1420 1757 1531 1821 delicto,
1543 1756 1564 1807 si
1577 1769 1629 1808 uno
1641 1752 1796 1812 rerttittitur,
1807 1750 1891 1809 idest,
1902 1748 2035 1815 originali,
2048 1748 2073 1801 in
2083 1747 2211 1803 condetu-

1422 1846 1556 1900 natinnem
1573 1843 1628 1911 inm
1653 1851 1739 1908 potest
1758 1841 1875 1893 elucere:
1892 1839 1974 1907 gratia
1990 1853 2052 1891 uero
2067 1854 2100 1891 et
2121 1838 2211 1911 rhrttrlt'ta

1421 1935 1526 1990 delictis
1539 1934 1670 1997 retnissis,
1686 1931 1737 1983 ltoc
1752 1942 1803 1993 est,
1816 1944 1868 1981 non
1877 1932 1962 1981 solnm
1974 1930 2105 1996 originali,
2120 1942 2210 1981 rerum

1420 2026 1500 2082 etiam
1515 2023 1639 2078 aturribus
1650 2031 1754 2073 ceteras
1767 2022 1799 2072 ad
1813 2017 2028 2088 justificationem
2043 2018 2173 2085 perducit.

1458 2116 1502 2171 Π.
1519 2116 1549 2171 Sl
1568 2114 1633 2169 enim
1653 2116 1684 2167 ol
1703 2114 1780 2166 ttoitta
1799 2112 1919 2166 delictum
1945 2127 2013 2165 mort
2032 2111 2147 2182 regnarit
2166 2103 2212 2179 p'd'r
2285 2134 2292 2148 ·

1421 2225 1511 2274 artant,
1525 2207 1604 2261 multo
1618 2206 1699 2275 mugio
1713 2206 1756 2274 qai
1770 2204 1954 2257 deridentium
1968 2206 2058 2273 prutioe
2071 2215 2094 2254 et
2101 2202 2212 2273 jrntitin·

1420 2301 1559 2368 accipiunt,
1569 2299 1595 2351 in
1606 2302 1656 2352 nitu
1667 2295 1809 2366 remeabunt
1820 2311 1865 2365 per
1876 2311 1954 2348 ertum
1968 2293 2057 2349 iesum
2069 2290 2209 2348 curtatum.
2237 2338 2240 2343 .
2305 2349 2308 2356 ,

1421 2390 1475 2447 cnr
1487 2391 1521 2443 ob
1537 2388 1615 2441 tinius
1629 2386 1754 2440 delictum
1773 2401 1844 2439 rtmrs
1856 2386 1977 2455 regnavit
1990 2401 2035 2453 per
2050 2401 2146 2448 rtnrnn,
2163 2386 2211 2437 nior

1421 2477 2212 2556 quiarttottisttinenloteneltantnrint'lionnoinqnoont'ncs

1422 2580 1616 2642 peccaverunt,
1631 2572 1735 2624 etiamsi
1753 2567 1866 2639 propria.
1878 2577 1985 2634 peccata
1998 2584 2049 2620 non
2065 2567 2212 2622 adderent?

1422 2662 1547 2730 Alioquin
1562 2676 1613 2715 non
1626 2660 1637 2692 ²
1653 2661 1688 2716 olr
1700 2661 1779 2715 utrius
1791 2661 1915 2715 delictum
1928 2675 1999 2713 trrrtrs
2011 2674 2060 2728 per
2073 2673 2153 2712 nrtutn
2168 2674 2208 2712 re·

1422 2756 1527 2826 giravit,
1550 2752 1598 2807 sed
1620 2751 1656 2806 ola
1676 2751 1771 2807 delicta
1790 2753 1872 2806 nrulta
1893 2755 2034 2806 multorum
2051 2767 2098 2821 per
2113 2765 2210 2804 urtuut·

1423 2859 1554 2915 quemque
1568 2853 1734 2915 peccantem.
1750 2841 1814 2896 llam
1830 2844 1851 2896 si
1865 2854 2005 2911 propterea
2018 2845 2108 2895 caeteri
2124 2840 2158 2895 oi
2170 2841 2211 2914 al·

1424 2936 1506 2990 terius
1515 2935 1630 2988 horninis
1642 2933 1767 2988 delicnnn
1780 2933 1875 2986 tnortui
1886 2942 1957 2996 sunt,
1968 2933 2029 3001 nula
2042 2932 2115 2986 lllunt
2129 2931 2155 2984 in
2166 2930 2214 2985 de·

1424 3025 1566 3095 linquendo
1581 3023 1777 3093 precedentem
1800 3023 1992 3092 subsequentes
2017 3022 2112 3075 inritati
2129 3027 2210 3074 serit:

1425 3114 1470 3170 ille
1484 3129 1589 3183 tpuoqrre
1602 3125 1627 3168 et
1641 3113 1723 3166 rrtulto
1738 3112 1821 3182 rttagis
1832 3114 1866 3165 ob
1876 3113 1985 3165 alterius
1998 3111 2125 3165 delictum
2141 3126 2213 3163 mor·

1426 3218 1486 3263 tons
1498 3220 1550 3273 est,
1560 3222 1638 3273 quem
1649 3206 1770 3260 dialtolus
1786 3203 1964 3275 delinquendo
1976 3204 2010 3257 ita
2024 3203 2212 3272 praecesserat,

1426 3310 1455 3355 ut
1469 3303 1493 3356 ei
1508 3298 1635 3354 delictam
1649 3301 1729 3352 etiam
1743 3298 1800 3363 ipse
1813 3297 1956 3349 suaderet:
1970 3296 2054 3348 Atiam
2071 3310 2133 3348 torn
2145 3295 2214 3353 nilnt
2263 3312 2269 3323 ·

1427 3391 1511 3444 suasit
1524 3389 1702 3442 imitatoribus
1716 3385 1830 3451 suis;,et
1844 3384 1919 3444 rtrutti
1940 3385 1982 3452 nui
1999 3381 2056 3451 rjus
2068 3384 2215 3438 imitatores

1428 3484 1563 3547 dicuntur,
1584 3498 1645 3536 eum
1666 3480 1747 3535 luisse
1760 3488 1787 3533 et
1802 3479 1853 3530 tate
1868 3477 1968 3545 aliquid
1992 3474 2160 3528 cornutisisse
2174 3481 2225 3532 tel.

1429 3590 1482 3631 nou
1497 3574 1648 3635 audierunt,
1660 3572 1702 3626 uel
1716 3572 1825 3627 omnino
1836 3584 1888 3622 rroa
1898 3569 2020 3623 credunt.
2034 3571 2138 3632 Quanto
2151 3581 2216 3635 ergo

1430 3661 1685 3734 reminiscentiam
1701 3660 1767 3728 dixi,
1783 3660 1917 3716 dialtalurn
1939 3660 2085 3732 principem
2112 3660 2216 3714 cottstt'·

1431 3757 1524 3814 inisset
1537 3757 1694 3824 apostotus,
1708 3769 1724 3808 a
1737 3768 1791 3823 qtto
1813 3766 1866 3805 ono
1890 3759 2027 3819 peecatum
2051 3758 2078 3803 et
2102 3760 2217 3803 mortem

1427 3861 1476 3918 per
1487 3859 1581 3901 omnes
1595 3843 1733 3900 transiisse
1746 3842 1864 3910 diceret,
1879 3842 1969 3915 slaeltoe
1980 3843 2041 3901 loeo
2055 3858 2108 3898 non
2123 3856 2220 3914 propa·

1425 3936 1570 4008 gationern,
1591 3931 1639 3989 sed
1661 3933 1837 3989 imitatimtem
1859 3931 1949 3989 dicere
1970 3932 2117 3989 rotntssett
2138 3931 2220 3987 linito

1425 4026 1497 4082 enim
1509 4022 1782 4081 manumittente-am
1793 4021 2130 4088 dieiturintitatordialtull,
2139 4039 2219 4094 quem

1426 4133 1562 4173 suasorem
1577 4115 1669 4172 habuit
1683 4117 1794 4186 pocomi,
1815 4117 1838 4171 si
1861 4125 1948 4188 potest
1962 4117 2102 4188 qrrisquant
2122 4114 2219 4172 imitari

1426 4210 1505 4264 etiam
1520 4207 1595 4263 illum
1604 4208 1650 4277 qui
1664 4206 1729 4264 ttilril
1740 4205 1794 4262 tale
1804 4207 1900 4275 suasit,
1910 4208 1952 4262 nel
1964 4208 2074 4263 omnino
2083 4222 2163 4278 quem
2173 4223 2220 4261 ne-

1426 4302 1486 4356 scit.
1494 4299 1562 4368 Quid
1568 4309 1609 4354 est
1618 4309 1717 4365 autern,
1728 4298 1977 4371 quilaieuduntiam
1988 4301 2078 4372 prone
2086 4301 2220 4371 etje'atitioe

1426 4386 1702 4464 accipiant,nisitjnod
1711 4393 1794 4447 tarmei
1806 4400 1906 4448 tamum
1913 4394 2116 4466 peecatoinquo
2126 4408 2220 4449 ontrrmv

1427 4492 1613 4555 peecaverunt,
1625 4483 1719 4539 sedels
1731 4484 1811 4539 etiam
1825 4500 1884 4555 qnae
1897 4484 2068 4553 addiderunt,
2082 4486 2166 4557 gratia
2176 4502 2219 4540 re·

1427 4573 1664 4640 missionis-dature
1672 4575 1765 4646 eisque
1779 4575 1931 4631 ltorniniltus
1942 4575 2124 4648 tantajrrstitia
2134 4576 2219 4632 dona·

1428 4675 1599 4733 tttr„nteum
1609 4665 1694 4720 auam
1708 4667 1872 4720 consenserit
1882 4665 1915 4722 ad
1932 4675 2068 4736 peceatum
2078 4667 2219 4735 suadenti,

1428 4772 1481 4812 non
1491 4756 1587 4812 cedant
1595 4756 1639 4811 isti
1647 4757 1727 4811 etiam
1736 4757 1858 4827 cogenti?
1868 4757 1902 4814 Et
1911 4757 2033 4827 quidest,
2047 4760 2128 4814 malta
2140 4764 2220 4832 norgia

1427 4847 1454 4901 irt
1466 4846 1516 4901 nita
1526 4843 1676 4917 regerebant,
1691 4861 1753 4900 cum
1766 4849 1859 4901 mortis
1869 4863 1979 4919 regnum
1995 4850 2178 4921 multoplures
2192 4853 2220 4906 ln

1426 4946 1556 4994 aeternam
1567 4950 1673 5007 poerram
1689 4936 1852 5005 tralet;.nisi
1863 4941 2041 5010 intelligamus
2053 4958 2101 4999 eos
2109 4943 2182 5014 ipsos
2192 4948 2218 4999 in

1428 5027 2219 5104 atroqoedieiquimrrseuntaltrtdantadchristotn,idest,

1426 5137 1442 5177 a
1456 5129 1548 5177 morte·
1557 5120 1591 5176 ad
1604 5120 1697 5190 eitam,
1707 5122 1768 5193 qnia
1778 5123 1803 5178 in
1813 5124 1865 5179 vita
1880 5136 1979 5182 aterna
1990 5129 2048 5182 sirie
2059 5129 2111 5182 line
2126 5143 2219 5200 emur·

1427 5213 1503 5278 bunt,
1520 5213 1605 5284 magis
1623 5228 1702 5284 quarn
1725 5215 1752 5270 in
1768 5215 1807 5270 eis
1820 5219 2092 5291 ntorstempuraliter
2109 5230 2137 5275 et
2159 5235 2220 5275 cum
2278 5206 2280 5209 ’

1427 5307 1481 5362 line
1494 5304 1641 5379 regnanti
1819 5303 1821 5306 ’

1463 5399 1507 5456 ta.
1527 5396 1694 5472 lingnaaicat
1705 5403 1836 5474 perttnirn
1860 5403 1978 5458 delictum
2001 5405 2028 5458 in
2041 5420 2126 5458 omnia
2138 5405 2206 5459 iord

1427 5507 1471 5545 ttea
1484 5490 1519 5544 uti
1530 5490 1774 5555 condemnationem,
1785 5494 1822 5548 itu
1834 5504 1858 5548 et
1872 5512 1917 5565 per
1926 5495 2002 5549 anius
2009 5494 2219 5566 justificationem

1427 5584 1554 5638 t'netrtrtea
1573 5583 1686 5638 ltontt'nea
1700 5582 1741 5639 'ed
1754 5587 1962 5656 justificationem
1976 5587 2041 5642 ot'toe.
2064 5587 2121 5643 lloc
2142 5588 2221 5645 utrius

1427 5675 1564 5742 delictum,
1579 5677 1601 5731 si
1622 5677 1797 5734 imitationem
1811 5678 2000 5743 attendamus,
2026 5697 2077 5734 mm
2097 5681 2149 5737 erit
2170 5684 2220 5737 nisi

1427 5765 1535 5822 dialtnli.
1556 5766 1607 5823 Sed
1621 5768 1682 5838 quia
1696 5768 1865 5823 ntanilestum
1879 5779 1930 5835 est,
1951 5769 1986 5825 de
2005 5770 2102 5838 admit,
2118 5787 2171 5827 non
2187 5774 2221 5830 de

1427 5857 1534 5913 dialtolo
1553 5858 1622 5922 dici;
1640 5869 1719 5914 restat
1741 5858 1927 5931 intelligenda,
1949 5877 2002 5917 tton
2022 5863 2152 5933 imitatio,
2173 5871 2220 5921 sed
2252 5908 2254 5911 ψ

1428 5950 1582 6021 propagatio
1596 5949 1707 6019 peceati.
2250 5950 2252 5954 ’

1462 6039 1576 6095 CAPUT
1595 6039 1707 6093 titt.-
1720 6037 1803 6094 Netno
1816 6041 1866 6094 nisi
1879 6039 1995 6098 Citristne
2004 6044 2141 6115 justificat.
2152 6043 2218 6099 Nam

1459 6141 1468 6173 ¹
1486 6139 1596 6203 Belgicus
1606 6140 1703 6205 quidam
1714 6148 1766 6202 tls,
1777 6141 1837 6204 loeo,
1844 6126 2007 6207 uedttaitntts,
2016 6147 2131 6210 balteum,
2140 6148 2220 6199 treat-

1427 6215 1531 6314 'mgs'sex
1551 6272 1614 6321 atas..
1629 6263 1804 6330 lustr'tirmttur.

1461 6327 1471 6358 ¹
1488 6335 1538 6375 tor.
1551 6333 1577 6376 et
1588 6331 1640 6386 En,
1651 6340 1698 6378 non
1708 6327 1793 6379 maana

1459 6389 1470 6422 ⁶
1485 6389 1561 6457 eolat,
1574 6392 1650 6460 mod.
1659 6399 1719 6447 uss.
1732 6404 1807 6460 rere,
1818 6391 1872 6462 qai.
