5592 7350
1167 975 1276 1034 575

1171 1101 1320 1164 teger
1359 1104 1552 1148 seusus
1597 1107 1617 1140 t
1653 1096 1710 1144 ut
1761 1102 1989 1157 nequam
2030 1086 2259 1157 spiritui,
2315 1086 2483 1149 saneti
2531 1084 2761 1153 Spiritus

1168 1183 1388 1250 auxilio,
1419 1174 1764 1238 resistamus?
1792 1198 1812 1232 ι
1843 1178 1948 1235 Sed
1975 1188 2230 1250 quantum
2256 1161 2632 1233 detrimentum
2665 1174 2766 1229 hoe

1175 1273 1544 1330 additamento
1564 1272 1768 1337 fecerit,
1783 1272 1903 1341 quis
1920 1287 2023 1324 non
2052 1268 2348 1340 intelligat?
2368 1267 2562 1322 Voleus
2583 1266 2765 1337 utique

1169 1364 1342 1431 credi,
1370 1370 1547 1418 ιειιιιιιε
1571 1376 1691 1418 esse
1719 1370 1926 1416 natura:
1954 1361 2118 1425 vireS,
2149 1373 2282 1431 quas
2303 1358 2608 1415 extollendo
2639 1374 2766 1429 prze-

1171 1454 1377 1525 ctpuat,
1408 1462 1464 1507 ut
1489 1453 1648 1508 enam
1679 1452 1796 1507 stne
1829 1451 2028 1506 auxum
2054 1450 2284 1522 Spiritus
2313 1450 2505 1514 sancti,
2537 1450 2636 1504 etsi
2667 1431 2764 1502 uii-

1168 1561 1271 1602 uus
1298 1544 1475 1613 facile,
1507 1554 1682 1602 tzimen
1708 1544 1890 1615 aliquo
1918 1543 2078 1598 modo
2121 1557 2349 1614 nequam
2390 1542 2597 1613 spiritui
2629 1541 2761 1595 resi-

1167 1650 1360 1696 statur.

1238 1731 1465 1789 CAPUT
1506 1730 1746 1788 xxvttt.
1775 1730 1956 1786 -ΞΩ,
1999 1729 2130 1794 item
2173 1730 2224 1783 in
2273 1728 2444 1799 primo
2493 1724 2628 1779 libro
2668 1740 2764 1793 pro

1168 1824 1365 1881 Libero
1395 1825 1669 1881 Arbitrio:
1705 1843 1724 1877 ι
1755 1816 1888 1879 Cum
1932 1832 2112 1877 autem
2155 1807 2461 1886 tam'l'orte,
2495 1837 2513 1870 ι
2570 1818 2759 1887 inquit,

1173 1936 1194 1968 ι
1234 1923 1341 1970 tam
1391 1916 1603 1971 lirmum
1648 1916 1713 1970 ad
1747 1930 1852 1970 non
1880 1914 2209 1985 peccandum
2257 1913 2482 1967 liberum
2524 1927 2576 1964 ιιι
2610 1909 2764 1963 nohis

1175 2007 1468 2063 habeamus
1492 2008 1794 2073 arbitrium,
1827 1991 1966 2076 quod
1994 2005 2313 2076 generaliter
2342 2012 2545 2057 natura:
2573 2002 2763 2069 huma·

1172 2114 1258 2154 ute
1279 2100 1502 2155 Creator
1531 2099 1774 2164 inseruit,
1808 2111 1994 2153 rursus
2024 2112 2119 2167 pro
2147 2094 2501 2149 inaestimabili
2524 2092 2639 2163 ejus
2667 2092 2763 2146 bc·

1177 2191 1458 2266 nignitate,
1486 2190 1797 2261 quotidiano
1823 2189 1989 2259 ipsius
2022 2188 2293 2241 munimur
2319 2184 2538 2239 auxilio.
2575 2203 2594 2236 ι
2628 2183 2765 2250 Quid

1174 2295 1309 2351 opus
1330 2289 1414 2336 est
1435 2281 1536 2337 hoc
1559 2281 1778 2343 auxilio,
1818 2281 1862 2334 si
1893 2288 1998 2333 tam
2028 2278 2184 2341 sorte,
2215 2287 2319 2330 tarn
2350 2276 2560 2329 lit-tuum
2594 2273 2764 2329 estad

1172 2388 1278 2427 uon
1326 2371 1655 2442 peccandum
1702 2370 1930 2426 liberum
1978 2367 2295 2423 arbitrium?
2332 2366 2439 2422 Sed
2481 2366 2638 2419 etiam
2680 2365 2767 2419 hie

1176 2467 1287 2521 vult
1310 2466 1552 2536 intelligi,
1575 2465 1640 2518 ad
1671 2465 1771 2518 hoc
1797 2478 1919 2519 esse
1944 2463 2220 2523 auxilium,
2241 2469 2294 2515 ιιι
2323 2459 2531 2514 facilius
2559 2459 2647 2512 tiat
2674 2472 2767 2525 per

1174 2559 1424 2626 gratiam,
1458 2557 1596 2627 quod
1642 2557 1739 2612 etsi
1792 2556 1967 2610 minus
2011 2553 2190 2618 facile,
2241 2563 2416 2608 tamen
2460 2560 2609 2621 putat
2652 2549 2766 2604 lieri

1174 2657 1367 2716 pra-ter
1393 2650 1636 2716 gratiam.

1243 2741 1470 2796 CAl'U'l*
1512 2739 1708 2795 xittx.
1741 2770 1808 2781 -—
1838 2738 1929 2796 50.
1971 2738 2101 2795 item
2154 2738 2206 2791 in
2246 2736 2437 2791 codem
2482 2734 2620 2790 libro
2663 2733 2768 2787 alio

1174 2837 1291 2889 loco
1322 2853 1334 2888 :
1369 2852 1387 2885 ι
1418 2833 1489 2890 Ut
1516 2834 1656 2904 quud
1697 2850 1790 2904 prr
1815 2833 2066 2899 liberum,
2097 2850 2116 2885 ι
2151 2832 2338 2901 inquit,
2368 2849 2387 2882 t
2419 2829 2662 2884 homines
2691 2828 2767 2881 l'a-

1172 2941 1295 2980 ‹zere
1317 2926 1573 2995 jubentur
1601 2925 1903 2991 arbitrium,
1937 2925 2142 2979 facilius
2172 2923 2380 2995 possint
2420 2921 2640 2991 implere
2675 2936 2770 2989 per

1170 3020 1417 3088 gratiam.
1450 3038 1468 3071 ι
1511 3017 1661 3086 Tolle
1708 3036 1727 3070 ι
1758 3017 1988 3083 facilius,
2020 3035 2038 3067 ι
2091 3025 2147 3070 et
2191 3031 2296 3068 non
2343 3013 2516 3069 solum
2551 3013 2766 3083 plenus,

1174 3126 1357 3165 verum
1402 3111 1561 3165 ctiam
1602 3126 1765 3164 sanus
1804 3117 1886 3165 est
1931 3123 2142 3176 sensuS,
2180 3107 2224 3162 si
2271 3106 2342 3161 ita
2389 3106 2615 3171 dicatur,
2649 3123 2668 3156 ι
2700 3104 2771 3159 Ut

1171 3201 1313 3272 quod
1343 3217 1438 3268 pet:
1460 3201 1684 3256 liberum
1718 3200 1960 3255 homines
1990 3199 2166 3255 facere
2187 3197 2446 3270 jubentur
2466 3195 2766 3262 arbitrium,

1173 3292 1381 3360 possint
1408 3291 1629 3362 implere
1654 3290 2013 3362 pergratiam.
2046 3307 2065 3341 ι
2098 3289 2229 3344 Cum
2254 3297 2434 3345 autem
2466 3305 2485 3338 ι
2517 3284 2723 3341 facilius
2744 3304 2762 3337 ι

1173 3381 1408 3448 additur,
1440 3382 1750 3454 adimpletio
1775 3380 1899 3436 boui
1929 3380 2107 3449 operis
2131 3380 2291 3434 etiam
2333 3378 2451 3432 siue
2481 3376 2574 3432 Dei
2598 3374 2767 3446 gratia

1179 3491 1338 3544 posse
1390 3477 1525 3543 lieri,
1584 3477 1740 3531 tacita
1791 3473 2176 3544 significatione
2221 3471 2541 3541 suggeritur.
2597 3468 2770 3537 Quem

1172 3580 1391 3626 sensum
1434 3567 1709 3637 redarguit
1734 3567 1825 3637 qui
1864 3564 2013 3631 dicit,
2043 3562 2169 3636 Sine
2195 3580 2273 3618 nze
2299 3561 2430 3635 nihil
2454 3559 2658 3632 potestis
2681 3562 2767 3631 [α-

1174 3673 1287 3713 cere
1315 3656 1497 3728 (Joan.
1530 3673 1622 3721 xv,
1654 3656 1731 3728 5).

1243 3749 1472 3805 CAPUT
1514 3748 1682 3804 XXX.
1706 3777 1778 3788 -—
1800 3749 1858 3804 51
1876 3788 1888 3800 .
1913 3747 2181 3803 Emendet
2204 3747 2318 3800 lnce
2336 3745 2537 3814 omnia,
2561 3758 2627 3798 ne
2647 3743 2692 3797 si
2716 3743 2769 3798 in

1174 3856 1354 3901 rerum
1383 3855 1691 3910 magnarum
1734 3838 2092 3908 profunditate
2121 3837 2354 3892 bumana
2387 3835 2587 3892 erravit
2615 3834 2770 3891 iniit·-

1177 3939 1354 4005 mitas,
1387 3939 1545 3994 etiam
1575 3937 1837 4010 diabolica
1864 3936 1990 3993 huic
2022 3937 2241 3993 accedat
2279 3935 2472 4001 errori,
2505 3933 2586 3987 vel
2614 3932 2768 4005 salla-

1177 4032 1282 4101 ria,
1319 4032 1403 4087 rel
1444 4032 1776 4097 animositas,
1819 4031 1933 4085 sive
1974 4029 2218 4101 negando
2243 4027 2383 4099 quod
2430 4025 2617 4098 sensit,
2658 4024 2770 4079 sire

1181 4121 1520 4178 defendendo
1550 4122 1690 4202 quod
1733 4137 2011 4193 perperam
2051 4123 2239 4184 sensit,
2286 4136 2406 4175 cum
2455 4119 2505 4173 id
2558 4132 2616 4173 se
2662 4134 2767 4172 non

1174 4216 1426 4286 debuisse
1451 4217 1649 4272 sentire
1672 4223 2088 4274 commemorata
2115 4214 2397 4285 perspicua
2429 4210 2653 4266 veritate
2673 4224 2769 4263 co-

1178 4311 1441 4380 gnoverit.
1487 4309 1643 4364 istam
1670 4310 1869 4381 quippe
1902 4308 2130 4378 gratiam
2173 4322 2273 4376 qua
2296 4302 2670 4374 justificantur,
2716 4301 2769 4356 id

1180 4412 1286 4475 est,
1319 4418 1420 4472 qua
1450 4403 1684 4467 charitas
1730 4402 1825 4457 Dei
1857 4399 2170 4457 diffunditur
2199 4400 2249 4453 in
2279 4395 2532 4452 cordibus
2573 4396 2769 4448 nostris

1178 4509 1275 4564 per
1301 4493 1558 4563 Spiritum
1587 4502 1828 4549 sanctum
1865 4492 1955 4562 qui
1979 4490 2134 4552 datus
2160 4498 2245 4545 cst
2277 4487 2451 4554 nobis,
2492 4486 2543 4540 in
2574 4485 2769 4554 Pelagii

1176 4595 1231 4643 rt
1271 4586 1511 4649 Coelcstii
1549 4585 1786 4655 scriptis,
1828 4598 2179 4654 quencumque
2215 4581 2395 4652 legere
2440 4579 2605 4649 potui,
2641 4593 2769 4634 uus-

1176 4692 1333 4747 qnam
1355 4692 1449 4733 eos
1475 4677 1676 4749 inveni,
1709 4673 2160 4746 quemadmodum
2189 4671 2486 4728 conlitcnda
2513 4679 2614 4733 est,
2638 4686 2768 4727 cor.-

1176 4769 1335 4839 iiteri.
1364 4769 1591 4838 Prorsus
1614 4783 1872 4840 nusquam
1899 4781 1993 4822 eos
2017 4765 2245 4830 adverti,
2274 4765 2412 4820 sicut
2442 4761 2764 4832 agnoscendi

1174 4868 1322 4926 sunt,
1354 4875 1647 4930 agnoscere
1690 4860 1825 4914 lilios
1865 4858 2254 4928 promissioniS,
2299 4857 2368 4911 de
2407 4855 2599 4925 quibus
2637 4853 2768 4908 dicit

1175 4950 1487 5026 Apostolus,
1523 4949 1643 5003 Nou
1673 4950 1707 5002 ii
1733 4950 1818 5019 qui
1844 4950 1940 5016 filii
1978 4949 2166 5012 carnis,
2197 4948 2247 5000 Ιιί
2275 4947 2372 5014 lilii
2403 4945 2532 5008 Det,-
2561 4945 2651 4999 sed
2671 4945 2768 5013 fih'i

1178 5041 1528 5109 promissionis
1555 5041 1861 5110 deputantur
1892 5041 1944 5094 ιἰι
1983 5057 2150 5113 senten
2196 5039 2368 5109 (Rom.
2400 5055 2479 5100 tx,
2505 5039 2578 5107 8).
2613 5037 2767 5104 Queat

1176 5133 1323 5189 enim
1349 5132 1613 5202 promittit
1645 5132 1809 5196 Deus,
1845 5147 1949 5187 uon
1982 5132 2203 5187 tacimus
2244 5147 2340 5185 nos
2370 5147 2464 5202 per
2489 5130 2764 5185 arbitiimn

1173 5238 1271 5291 seu
1293 5232 1562 5289 naturam,
1588 5221 1681 5277 sed
1713 5221 1837 5276 lacit
1868 5222 1980 5292 ipse
2012 5237 2105 5290 per
2133 5221 2378 5291 gratiam.

1244 5317 1334 5372 52.
1362 5301 1495 5369 Nam
1527 5322 1583 5368 ut
1607 5313 1674 5368 de
1713 5313 1945 5369 (Ioelestii
1981 5311 2251 5382 opusculis
2287 5309 2497 5368 interim
2527 5318 2726 5365 taceam
2748 5351 2761 5374 ,

1171 5411 1257 5467 vel
1276 5408 1467 5464 libellis
1479 5406 1615 5477 ejuS,
1630 5420 1764 5477 quos
1781 5405 1996 5475 judiciis
2016 5401 2392 5466 ecclesiasticis
2407 5400 2651 5470 allegarit
2665 5400 2760 5472 (a),

1173 5518 1294 5573 quat
1332 5501 1483 5556 vobis
1509 5500 1686 5555 omnia
1706 5541 1720 5562 ,
1747 5514 1868 5554 cum
1897 5497 2018 5579 aliis
2061 5509 2194 5565 quas
2218 5493 2545 5548 necessarias
2585 5492 2768 5547 exist?-

1175 5596 1437 5661 ntavitnus
1466 5595 1658 5650 litteris
1681 5634 1695 5657 ,
1728 5590 1982 5646 mittenda
2008 5587 2310 5644 curavimus
2333 5626 2348 5652 ,
2377 5583 2569 5654 quihus
2590 5586 2764 5638 otnni·

1176 5690 1274 5743 hus
1296 5687 1581 5757 diligenter
1619 5684 1904 5755 inspectis,
1936 5681 2485 5751 possitis-advertere,
2509 5691 2615 5729 nou
2643 5690 2764 5729 eum

1176 5793 1374 5846 ponere
1405 5779 1491 5831 Dei
1513 5777 1760 5848 gratiam,
1785 5791 1886 5845 qua
1910 5775 2181 5843 Juramur,
2207 5771 2289 5825 vel
2307 5768 2374 5825 ad
2395 5768 2766 5824 declinandum

1176 5888 1204 5921 a
1232 5872 1394 5939 malo,
1423 5871 1508 5937 vei
1527 5871 1592 5924 ad
1621 5869 1918 5925 saciendum
1948 5870 2165 5933 bonum,
2193 5874 2390 5937 praeter
2417 5861 2658 5918 naturale
2676 5875 2765 5913 ar-

1242 6067 1320 6133 (a)
1350 6065 1584 6117 Libellum
1603 6074 1756 6117 Romae
1780 6067 1937 6129 gestis
1959 6063 2302 6118 ecclesiasticis
2338 6075 2365 6112 a
2399 6059 2626 6112 coelestio
2647 6058 2767 6130 alle-

1172 6140 1341 6197 gauno
1361 6130 1478 6180 dicit
1498 6142 1691 6178 rursum
1706 6128 1825 6177 iufra
1846 6164 1860 6183 ,
1883 6142 1930 6176 n.
1952 6128 2030 6179 36.
2057 6135 2109 6175 et
2132 6128 2181 6175 in
2205 6125 2328 6176 libro
2358 6125 2423 6176 de
2446 6130 2646 6173 peccato
2667 6136 2766 6172 ort-

1178 6193 1356 6257 ginali‚
1380 6205 1464 6240 nn.
1489 6190 1538 6248 2,
1561 6191 1609 6247 5,
1638 6198 1733 6241 etc.
1757 6196 1898 6240 Gesta
1924 6189 2003 6238 illa
2023 6188 2279 6243 coelestio,
2307 6192 2361 6236 ut
2384 6188 2430 6235 in
2456 6183 2580 6234 libro
2598 6184 2630 6232 Ξ).
2651 6196 2763 6233 eon-

1175 6262 1247 6308 ιω
1269 6255 1391 6305 duas
1427 6249 1661 6316 Epis-:olas
1693 6250 2053 6313 rotagiauorum
2070 6285 2085 6309 ,
2111 6264 2158 6298 ιι.
2185 6252 2234 6306 Ξῖ,
2254 6254 2487 6303 testatur,
2522 6251 2769 6309 praesente

1149 6322 1214 6369 te
1228 6316 1581 6372 respondente
1602 6312 1825 6363 wnseeta
1848 6319 1962 6361 suut
1979 6314 2072 6360 sub
2093 6313 2277 6359 zosimo
2299 6323 2426 6359 anno
2456 6309 2627 6359 ‹zhrtstt
2650 6307 2762 6355 417.

1128 6372 1255 6439 lib-(1³
1269 6374 1459 6445 quimi
1468 6375 1673 6446 Itjueras
1690 6374 1836 6435 inea,
1864 6373 2085 6442 4ppend.
2110 6382 2256 6457 parte
2283 6372 2329 6423 2.

2398 969 2454 1028 S.
2497 970 2631 1027 Aue·
2644 967 2862 1026 [S‘l'lNl
2911 967 3231 1028 episcopt.

4357 972 4461 1032 576

2876 1086 3092 1146 bitrium
3124 1086 3425 1149 voluntatiS,
3458 1085 3557 1141 nisi
3589 1088 3639 1139 iu
3678 1086 3789 1156 tego.
3815 1094 3972 1155 atque
4000 1088 4238 1143 doctrina
4264 1106 4278 1157 ;
4310 1093 4378 1146 ita
4405 1102 4459 1148 ut

2875 1180 3016 1250 ipsas
3036 1195 3247 1250 quoqne
3271 1180 3539 1235 orationes
3567 1178 3633 1234 ad
3672 1180 3771 1233 hoc
3794 1191 3998 1235 asserat
4027 1183 4379 1246 necessarias,
4404 1200 4463 1238 ut

2873 1271 3185 1328 ostendatur
3226 1270 3429 1326 bomini
3472 1271 3597 1341 quid
3641 1271 3984 1341 concupiscat
4034 1281 4091 1328 ct
4132 1274 4363 1344 diligat:
4405 1286 4462 1330 ιιι

2872 1379 2999 1434 ergo
3042 1364 3156 1420 haee
3199 1365 3409 1420 interim
3440 1365 3681 1419 omittam
3702 1406 3716 1428 ,
3744 1379 3936 1435 nempe
3969 1366 4081 1438 ipse
4115 1367 4361 1440 Pelagius
4409 1378 4463 1423 et

2876 1455 3078 1509 litteras
3119 1470 3289 1525 nuper
3332 1463 3388 1511 et
3425 1455 3662 1511 libellum
3710 1457 3933 1514 Romam
3970 1458 4091 1512 ndei
4138 1474 4251 1513 suae
4292 1458 4460 1526 misit,

2870 1544 3111 1600 scribens
3149 1546 3217 1602 ad
3272 1546 3441 1602 beatae
3486 1548 3760 1602 ntemoriae
3820 1563 4008 1619 papam
4053 1548 4461 1616 Innocentium,

2870 1652 3029 1706 quem
3070 1636 3375 1692 defunctum
3411 1652 3531 1694 esse
3576 1638 3866 1694 nesciebat.
3898 1640 3951 1694 ln
3993 1640 4076 1695 his
4112 1655 4240 1709 crgo
4271 1640 4460 1696 litteris

2870 1726 3021 1795 dicit,
3056 1745 3076 1781 t
3100 1729 3228 1784 Esse
3257 1728 3324 1784 de
3346 1729 3537 1800 quibus
3560 1745 3681 1784 eum
3706 1732 3948 1786 homines
3977 1730 4233 1788 infatuare
4252 1745 4461 1788 conan-

2874 1831 2957 1874 tur
2982 1838 2997 1874 τ
3031 1836 3191 1875 uuum
3215 1862 3228 1886 ,
3262 1821 3403 1891 quod
3433 1832 3590 1893 urget
3614 1822 3846 1890 parvulis
3872 1823 4123 1892 Baptismi
4150 1838 4461 1879 sacramen·

2871 1917 3004 1977 tum,
3030 1918 3084 1965 ct
3122 1910 3322 1981 absque
3361 1912 3729 1981 redemptione
3765 1912 3964 1967 Christi
4003 1913 4270 1983 aliquibus
4294 1914 4461 1969 coelo-

2871 2018 2987 2057 rum
3033 2018 3194 2073 regna
3239 2005 3540 2071 promittam
3588 2004 3729 2061 aliud
3755 2047 3770 2071 ,
3821 2005 3960 2077 quod
3986 2007 4053 2061 ita
4106 2007 4249 2062 dicat
4301 2023 4461 2078 posse

2873 2093 3141 2148 hominem
3168 2092 3337 2149 vitare
3363 2104 3636 2164 peccatum
3658 2137 3673 2161 ,
3699 2105 3757 2149 ut
3779 2095 3871 2150 Dei
3900 2095 4144 2152 excludat
4168 2099 4420 2152 auxilinm
4442 2139 4458 2168 ,

2871 2197 2924 2242 et
2954 2186 3005 2241 iu
3032 2197 3233 2241 tantum
3256 2187 3427 2243 libero
3453 2188 3686 2254 confidat
3714 2189 3935 2243 arbitrio
3957 2232 3972 2254 ,
4006 2199 4060 2244 ut
4082 2190 4267 2261 gratia>
4295 2207 4462 2262 repu-

2870 2279 2981 2334 diet
3022 2280 3365 2349 adjutorinm.
3396 2300 3414 2332 ι
3464 2280 3569 2337 Sed
3616 2280 3685 2337 de
3743 2282 4015 2352 Baptismo
4078 2284 4456 2354 parvulorum,

2872 2373 3112 2441 quamvis
3154 2374 3231 2428 eis
3253 2373 3485 2428 dandum
3529 2389 3649 2430 esse
3683 2376 3941 2431 concedat
3966 2415 3979 2437 ,
4011 2391 4170 2446 quam
4211 2391 4460 2445 perverse

2871 2472 3055 2517 contra
3090 2464 3247 2518 tidem
3276 2463 3620 2520 christianam
3659 2474 3712 2520 et
3737 2466 4052 2520 catholicam
4094 2468 4289 2521 sentiat
4317 2468 4454 2523 reri-

2875 2565 3032 2611 tatem
3059 2596 3074 2622 ,
3099 2572 3203 2612 non
3235 2556 3321 2612 hie
3364 2557 3512 2612 locus
3549 2565 3633 2613 cst
3660 2567 3717 2612 ut
3744 2558 4049 2629 diligentius
4088 2560 4455 2618 disseramus:

2875 2665 3015 2704 tunic
3034 2651 3178 2705 euim
3203 2649 3273 2706 de
3304 2649 3569 2719 adJutorio
3603 2651 3788 2720 gratiae
3811 2651 3951 2721 quod
3982 2652 4306 2707 instituimus
4338 2668 4460 2723 per-

2878 2741 3139 2810 agendum
3171 2752 3272 2797 cst.
3300 2741 3450 2797 Unde
3477 2742 3541 2796 ad
3567 2742 3616 2797 id
3640 2742 3781 2812 quod
3817 2745 4094 2814 proposuit
4113 2787 4124 2806 ,
4146 2744 4272 2815 quid
4297 2746 4458 2800 etiam

2877 2831 2999 2886 hine
3036 2833 3355 2901 respondeat
3398 2833 3691 2888 videamus.
3736 2832 3803 2889 Ut
3827 2835 3968 2889 enim
4007 2837 4317 2897 omittamus
4344 2836 4461 2905 ejus

2877 2923 3164 2977 invidiosas
3186 2924 3253 2978 de
3276 2924 3386 2978 suis
3412 2924 3643 2981 inimicis
3671 2926 3915 2996 querelas
3940 2967 3955 2993 ,
3978 2926 4065 2981 ubi
4090 2926 4157 2981 ad
4184 2942 4298 2982 rent
4327 2944 4461 2986 ven-

2878 3022 2986 3068 tum
3018 3024 3118 3074 est.
3142 3015 3211 3070 ita
3245 3016 3451 3072 loeutus
3477 3026 3577 3071 est.

2945 3105 3174 3163 CAPUT
3216 3107 3503 3166 xxx1.-
3542 3112 3631 3166 55.
3686 3130 3704 3161 a
3733 3110 3907 3176 Ecce,
3946 3130 3964 3163 ι
4003 3114 4200 3182 inquit,
4252 3133 4271 3167 t
4322 3114 4462 3184 apud

2875 3199 3432 3258 Beatitudinenmuam
3471 3203 3695 3272 epistola
3746 3205 3843 3259 ista
3885 3221 3970 3261 me
4013 3217 4231 3278 purget,
4276 3207 4329 3262 iu
4358 3225 4463 3278 qua

2875 3305 3006 3360 pure
3032 3300 3191 3362 atque
3225 3292 3539 3361 simpliciter
3562 3294 3628 3349 ad
3660 3290 3985 3363 peccandum
4017 3308 4070 3351 et
4097 3298 4161 3352 ad
4191 3313 4295 3353 non
4338 3316 4465 3368 pec·

2875 3381 3100 3437 candum
3130 3384 3390 3454 integrum
3419 3384 3645 3440 liberum
3671 3387 3950 3443 arbitrium
3981 3385 4179 3445 babere
4200 3404 4299 3445 nos
4325 3390 4463 3446 diei-

2876 3489 3010 3541 mus,
3042 3476 3183 3546 quod
3213 3478 3262 3530 in
3282 3471 3529 3533 om'nibus
3558 3478 3709 3533 bonis
3745 3481 3996 3550 operibus
4036 3481 4215 3538 divino
4240 3482 4463 3553 adjuva-

2877 3575 2961 3621 tur
2995 3581 3209 3639 semper
3243 3568 3457 3623 auxilio.
3492 3588 3511 3621 ι
3544 3566 3773 3624 Cernitis
3819 3571 3995 3639 iusque
4016 3612 4031 3638 ,
4063 3587 4158 3641 pro
4193 3573 4462 3629 intellectu

2874 3676 3031 3733 quem
3062 3660 3212 3716 vobis
3234 3660 3493 3716 Dominus
3519 3660 3687 3727 dedit,
3720 3662 3833 3718 haee
3859 3663 3976 3733 ejus
4008 3664 4166 3719 verba
4192 3664 4464 3720 solvendae

2876 3767 2980 3809 non
3004 3751 3248 3807 sufficere
3268 3751 3569 3822 qtucsticai.
3600 3753 3901 3820 Quaerimus
3927 3755 4067 3808 enim
4111 3754 4290 3810 adhuc
4308 3796 4324 3819 ,
4356 3772 4464 3825 quo

2874 3844 3071 3900 auxilio
3090 3838 3316 3899 liberum
3334 3844 3572 3914 adiuvari
3592 3845 3735 3900 dicat
3756 3845 4053 3911 arbitrium,
4079 3863 4146 3901 ne
4176 3845 4336 3914 sorte,
4359 3849 4462 3904 sic-

2876 3948 2934 4001 ut
2976 3938 3149 4004 solet,
3191 3937 3319 3991 velit
3362 3937 3582 4007 intelligi
3625 3938 3792 4008 legem
3835 3947 3995 4008 atque
4044 3938 4362 3994 doctrinam.
4403 3940 4462 3995 Si

2874 4031 3015 4085 enim
3044 4044 3251 4100 quaeras
3276 4044 3372 4085 cur
3391 4029 3607 4096 dixerit,
3640 4047 3868 4100 senum,-
3896 4031 4087 4098 poterit
4107 4031 4458 4101 respondere.

2874 4123 3006 4192 Quia
3033 4123 3229 4177 dietum
3256 4132 3355 4184 est,
3385 4122 3448 4176 131
3476 4123 3528 4176 in
3554 4122 3659 4193 leffe
3683 4124 3793 4192 ejus
3820 4122 4140 4176 meditabitur
4168 4123 4250 4176 die
4276 4139 4337 4176 ac
4361 4139 4461 4177 no·

2873 4227 2950 4271 cte
2977 4214 3147 4287 (Psal.
3182 4231 3219 4279 t,
3246 4215 3323 4286 2).
3359 4214 3560 4271 Deinde
3603 4229 3724 4269 curn
3757 4213 3826 4269 de
3868 4212 4101 4268 hominis
4128 4213 4457 4278 conditione,

2873 4307 3013 4362 etad
3043 4308 3368 4376 peccandum
3404 4313 3562 4374 atque
3587 4319 3693 4359 nou
3724 4302 4054 4374 peccandum
4085 4304 4312 4358 naturali
4342 4304 4460 4373 ejus

2874 4398 3225 4469 possibilitate
3255 4395 3496 4467 quaedam
3524 4393 3946 4464 interposuisset.
3974 4393 4420 4463 adjttnxitdiccns
4443 4413 4457 4448 ε

2881 4507 2900 4540 ι
2928 4489 3095 4554 Quam
3122 4487 3272 4543 liberi
3303 4485 3509 4541 arbitrii
3533 4493 3848 4554 potestatem
3878 4483 4106 4539 dicimus
4129 4483 4181 4537 in
4209 4481 4459 4539 omnihus

2874 4593 2993 4635 esse
3011 4577 3350 4647 generaliter,
3385 4576 3435 4631 iu
3467 4575 3802 4641 Christianis,
3837 4574 4058 4640 ludaeis,
4084 4583 4242 4644 atque
4271 4572 4460 4629 Genti·

2874 4669 3030 4723 libus.
3061 4669 3114 4722 ln
3143 4667 3389 4723 (mutibus
3417 4676 3500 4720 est
3520 4665 3743 4722 liberum
3771 4665 4046 4721 arbitrium
4070 4665 4345 4732 :equaliter
4367 4679 4461 4732 prr

2875 4772 3149 4820 naturam,
3184 4758 3277 4814 sed
3318 4758 3371 4815 itt
3411 4758 3541 4813 solis
3570 4756 3888 4811 Christianis
3916 4756 4132 4825 juvatur
4157 4772 4186 4808 a
4211 4757 4403 4825 gratia.
4433 4772 4455 4806 ι

2874 4851 3070 4907 lterum
3111 4850 3401 4922 qua-rimus
3437 4864 3539 4918 qua
3582 4849 3791 4918 gratia?
3817 4847 3885 4901 Et
3923 4847 4095 4902 adhuc
4135 4847 4334 4916 poterit
4376 4861 4462 4901 re·

2873 4944 3161 5015 spondere,
3180 4930 3317 5011 Lege
3342 4952 3499 5012 atque
3524 4940 3763 4995 doctrina
3791 4939 4099 4994 christiana.

2945 5039 3032 5093 54.
3076 5036 3277 5092 Deinde
3305 5034 3596 5106 quamlibet
3629 5035 3822 5089 sentiat
3848 5034 4069 5102 gratiam
4096 5072 4110 5097 ,
4144 5031 4273 5101 ipsis
4301 5031 4460 5086 Chri·

2874 5132 3059 5184 stianis
3086 5128 3374 5183 seeundum
3403 5128 3591 5182 merita
3619 5125 3731 5179 dari
3766 5125 3889 5180 dicit
3920 5145 3931 5178 ι
3961 5142 4081 5181 eum
4119 5140 4214 5180 cus
4238 5125 4326 5194 qui
4361 5123 4463 5178 hoc

2815 5270 2820 5275 .
2874 5224 3076 5287 dicunt,
3101 5222 3210 5291 jam
3240 5221 3292 5275 in
3331 5221 3607 5275 Palaestina
3631 5261 3647 5285 ,
3676 5220 3813 5274 sicut
3845 5233 4003 5288 snpra
4043 5217 4464 5276 commemoraui

2875 5314 3154 5386 (C‹ep.22,
3192 5332 3243 5367 n.
3271 5312 3401 5384 23),
3446 5328 3539 5368 sua
3586 5313 3674 5367 illa
3714 5312 3964 5381 praeclara
4009 5311 4328 5381 purgatione
4364 5311 4461 5363 tiu*-

2874 5408 3153 5466 intraverit.
3177 5406 3309 5461 Nam
3331 5406 3488 5460 verba
3512 5404 3627 5473 ejus
3646 5405 3742 5460 ista
3766 5412 3888 5458 suut
3912 5422 3924 5456 :
3947 5422 3966 5455 ι
3992 5403 4045 5458 lu
4084 5403 4204 5463 ibis,
4228 5423 4244 5451 ι
4268 5403 4461 5471 iuquit,

2880 5521 2896 5551 ι
2935 5501 3132 5555 nudum
3169 5508 3224 5553 et
3251 5499 3453 5552 inerme
3490 5504 3576 5551 est
3607 5494 3926 5552 conditionis
3971 5495 4164 5548 boumn
4200 5511 4212 5543 r
4252 5515 4264 5543 t
4300 5499 4352 5547 iu
4385 5495 4465 5547 ei*

2872 5595 3034 5658 dicit,
3075 5595 3164 5664 qui
3206 5591 3479 5646 christiani
3521 5605 3627 5646 nou
3670 5598 3810 5645 sunt.
3860 5589 4061 5645 Deinde
4092 5599 4284 5643 caetera
4328 5607 4465 5643 rutt-

2876 5698 3063 5746 tcxens
3096 5705 3109 5740 :
3148 5706 3168 5737 ι
3201 5685 3253 5740 lu
3291 5685 3373 5739 his
3409 5699 3536 5739 vero
3558 5726 3572 5749 ,
3605 5702 3624 5735 ι
3664 5683 3828 5753 inquit
3852 5725 3866 5747 ,
3896 5702 3916 5733 ι
3944 5681 4036 5753 qui
4080 5683 4144 5731 ml
4188 5679 4465 5739 [ihrifflum

2876 5779 3392 5851 pcrtincut,Christi
3435 5779 3674 5832 munitur
3717 5778 3934 5832 auxilio.
3965 5795 3983 5827 ι
4035 5775 4236 5831 Videtis
4287 5775 4469 5835 adhue

2875 5874 3135 5929 incertum
3166 5886 3284 5926 esse
3309 5885 3415 5940 quo
3453 5869 3680 5933 auxilio,
3708 5868 4001 5923 secundum
4041 5883 4100 5922 e·
4136 5884 4252 5932 qum
4300 5880 4469 5940 supra

2873 5964 3123 6020 diximus.
3155 5961 3261 6017 Sed
3291 5961 3466 6016 adhuc.
3483 5959 3805 6029 seqnitur-tle
3827 5959 3908 6012 his
3936 5957 4025 6028 qui
4051 5956 4335 6013 christiani
4352 5952 4472 6023 ,tim
4496 5973 4499 5977 ·

2873 6065 3018 6117 sum,
3049 6064 3100 6108 οι
3129 6053 3296 6107 «netu
3336 6071 3355 6104 ι
3389 6050 3465 6106 ru
3510 6051 3630 6105 uuo
3670 6049 3942 6119 iudicandi
3970 6055 4132 6118 :umam
4172 6046 4301 6104 unm

2875 6159 3017 6205 sunt.
3049 6148 3170 6218 qnia
3201 6163 3321 6202 cum
3353 6145 3581 6199 habeant
3610 6144 3832 6197 liberum
3862 6140 4136 6197 arbitrium
4160 6184 4172 6208 ,
4208 6142 4473 6224 μοι’-’μμ

2873 6242 2942 6296 ad
2973 6238 3127 6294 iidem
3156 6237 3339 6293 venire
3368 6244 3617 6305 possent,
3651 6242 3705 6289 et
3733 6233 3825 6289 Dei
3869 6232 4096 6300 gratiam
4124 6248 4160 6304 p
4193 6260 4212 6283 ,r
4260 6249 4268 6267 ι
4316 6260 4344 6306 1,
4387 6293 4396 6304 ⁸

2874 6333 3016 6404 male
3049 6340 3270 6388 ιιιιιιιιιιι·
3295 6330 3539 6404 libertate
3556 6340 3827 6384 concessa.
3854 6320 4192 6405 {livet-orm·-
4252 6348 4256 6352 -
