5592 7350
549 909 592 969 ttt

547 1020 718 1093 rotcanjnqis
731 1016 883 1090 appellatio,
894 1014 999 1070 abiner
1010 1012 1104 1081 luerat,
1118 1028 1166 1069 nec
1181 1010 1266 1066 lotura
1281 1021 1339 1068 erat

547 1112 633 1169 tarnis
654 1110 708 1166 ulla
724 1106 889 1177 commixtio.
905 1104 968 1161 Erat
981 1105 1079 1176 quippe
1094 1103 1138 1159 illa
1149 1102 1223 1174 airqo
1237 1101 1298 1158 idco
1311 1113 1339 1157 et

547 1204 666 1260 sanctius
683 1212 713 1259 et
733 1199 880 1259 mirabilius
892 1197 1009 1269 jucunda
1028 1210 1077 1253 suo
1097 1195 1166 1265 viro,
1178 1196 1241 1267 ,qnia
1257 1194 1338 1249 etiam

548 1293 658 1351 iecorrda
674 1290 733 1348 sine
742 1291 809 1356 riro,
821 1288 897 1361 prole
910 1288 1011 1360 dispar,
1024 1286 1076 1342 lldc
1090 1301 1209 1357 compar.
1225 1284 1340 1356 Propter

547 1386 616 1458 quod
634 1385 714 1442 lidele
732 1383 885 1455 conjugium
907 1390 1030 1453 parentes
1042 1379 1141 1436 Christi
1156 1377 1245 1434 vocari
1259 1378 1339 1434 arrtlto

549 1486 714 1538 torruerunt,
727 1481 755 1531 et
765 1488 819 1532 noo
830 1472 915 1528 solutu
926 1471 970 1526 illa
984 1480 1078 1532 mater.
1094 1469 1281 1526 verumetiam
1295 1468 1339 1525 ille

548 1579 622 1640 pater
633 1566 703 1639 ejus,
713 1565 782 1621 sicut
794 1563 892 1635 conjux
902 1564 995 1619 matris
1005 1562 1225 1632 quanicumque
1236 1569 1338 1627 orente,

548 1673 599 1714 nan
612 1672 704 1714 carne.
715 1656 778 1713 Sive
791 1664 880 1710 tamen
892 1654 937 1709 ille
949 1663 1026 1725 pater
1035 1652 1093 1707 sola
1109 1662 1209 1718 niente,
1224 1653 1281 1707 siae
1294 1652 1338 1707 illa

497 1741 499 1744 ’
549 1756 632 1803 mater
656 1755 683 1802 et
705 1760 796 1812 carne,
822 1752 945 1815 parentes
970 1752 1061 1798 tamen
1083 1740 1163 1796 ambo
1183 1741 1339 1797 hrrtnilitatis

488 1897 490 1902 ,
547 1838 615 1907 aias,
628 1853 683 1893 nan
702 1836 889 1901 sublimitatis;
913 1833 1086 1903 inilrmitatis,
1108 1850 1161 1889 non
1182 1831 1337 1888 divinitatis.

487 1921 492 1990 ἶ
547 1928 636 2000 licque
657 1928 729 1984 coint
749 1926 878 1982 mentitur
896 1924 1080 1997 Euangeliou,
1103 1924 1146 1980 nbi
1171 1923 1266 1995 legitor
1282 1942 1289 1978 ε
1305 1922 1339 1977 lit

489 1997 492 2018 Ι
547 2033 616 2079 aaut
625 2031 699 2092 pater
707 2021 760 2089 citu
770 2030 794 2075 ιι
805 2028 885 2074 mater
896 2019 1016 2074 miranter
1024 2033 1101 2089 saper
1109 2017 1212 2088 itiaque
1219 2015 1339 2071 diceban·

491 2091 496 2186 ἶ
547 2123 586 2167 ιιι
604 2112 636 2167 de
654 2112 709 2167 illo.
733 2111 767 2167 Et
784 2097 838 2167 alio
858 2110 918 2165 loco
934 2106 989 2165 :Et
1004 2109 1074 2163 ibant
1089 2117 1203 2178 parentet
1221 2107 1276 2179 ejas
1294 2122 1339 2177 per

548 2220 631 2259 carues
647 2219 728 2257 aanor
746 2205 772 2257 in
788 2200 940 2258 Jerusalem.
958 2199 1023 2256 ltem
1035 2199 1186 2271 paulopost
1203 2217 1210 2254 :
1226 2197 1258 2253 u’r
1273 2198 1338 2254 atria

548 2304 625 2349 mater
642 2294 699 2365 ejas
710 2294 744 2348 ad
755 2292 829 2347 illurn
842 2291 930 2358 cliiii,
946 2293 1008 2364 quid
1021 2292 1103 2365 fecisti
1114 2292 1186 2346 nobis
1200 2290 1254 2347 rici
1273 2289 1339 2346 Ecce

548 2399 617 2459 pater
637 2398 697 2442 taut
716 2396 739 2443 ιι
760 2403 806 2459 epa
827 2385 939 2442 dolenter
960 2385 1133 2454 querebamus
1147 2394 1180 2439 te.
1202 2384 1339 2441 titillent

547 2475 809 2533 ostenderetbabere
828 2485 972 2546 repraeter
993 2476 1055 2532 illos
1075 2484 1188 2546 patrem,
1213 2476 1258 2548 qni
1275 2490 1337 2532 eant

546 2570 635 2642 genuit
656 2577 756 2640 prater
773 2578 896 2635 matrem,
913 2567 1052 2639 respondit
1068 2568 1126 2623 eis:
1143 2568 1211 2635 Quid
1221 2577 1257 2623 cst
1269 2567 1337 2638 quod

547 2677 584 2717 ate
595 2659 764 2734 querebatis?
785 2657 941 2714 Nesciebatir
952 2659 1012 2729 qaia
1024 2659 1051 2714 in
1066 2658 1105 2714 bis
1117 2674 1174 2729 qaoe
1188 2657 1273 2714 Patrio
1288 2658 1338 2714 mei

547 2761 610 2817 aaut,
627 2758 726 2823 oportet
744 2766 783 2805 me
796 2750 868 2805 esset
886 2748 922 2804 Et
940 2764 1058 2816 rursum,
1074 2764 1108 2805 ne
1127 2748 1178 2805 ltaa
1195 2748 1268 2806 dicto
1288 2763 1337 2819 pu·

549 2851 634 2899 rcutes
655 2841 717 2897 illas
737 2854 849 2914 negasse
872 2849 1018 2912 putaretur,
1040 2839 1209 2911 Evangellsta
1230 2848 1337 2895 secutos

548 2936 685 3008 adjunxit:
701 2936 735 2991 Et
754 2937 803 3007 ipsi
817 2953 868 2992 nan
880 2936 1056 2991 intellexerunt
1070 2933 1170 2990 amiam
1186 2934 1252 2999 qaod
1265 2936 1335 2989 locu·

547 3036 630 3084 tuaest
642 3027 677 3081 ad
691 3027 760 3083 illas.
775 3025 809 3081 lit
818 3026 945 3082 descendit
956 3042 1013 3080 caua
1024 3025 1069 3089 ιιι,
1081 3034 1105 3080 ιι
1118 3024 1183 3080 acuit
1194 3021 1335 3090 Nazareth,

548 3128 632 3174 etrrat
647 3119 762 3175 auiditas
775 3119 826 3174 itttr
840 3117 921 3194 (duc.
936 3133 964 3183 ιι,
976 3117 1022 3186 55,
1035 3118 1081 3186 ll,
1095 3116 1179 3175 tort
1192 3116 1213 3188 l.
1235 3116 1337 3184 Qallntt

547 3207 677 3271 subditus,
690 3208 742 3263 nisi
758 3207 930 3279 parentibus!
943 3207 1009 3276 Quis
1022 3214 1112 3262 autem
1126 3205 1267 3272 subditos,
1284 3207 1335 3263 nisi

547 3297 623 3355 lesus
635 3298 767 3365 Christus,
781 3299 827 3370 qni
842 3313 902 3355 cum
918 3298 944 3354 io
959 3297 1044 3354 lorma
1060 3296 1109 3353 net
1127 3304 1209 3362 essct,
1224 3312 1277 3351 oon
1291 3311 1336 3351 ra·

548 3388 636 3457 pinam
648 3389 792 3444 arbitratus
806 3396 919 3443 estesse
932 3387 1042 3458 equalis
1054 3386 1126 3442 Deol
1140 3384 1194 3441 Cur
1207 3400 1271 3456 erqo
1284 3384 1337 3441 illis

547 3478 678 3545 subditus,
692 3479 736 3550 qui
751 3479 829 3550 longe
841 3478 908 3533 inira
921 3478 1035 3534 lormam
1050 3476 1097 3533 Dei
1110 3486 1197 3544 erant,
1211 3477 1262 3532 nisi
1275 3477 1335 3545 quia

547 3570 720 3643 temetipsum
734 3572 879 3628 exinanivit
893 3570 1005 3626 lortnarn
1016 3570 1087 3626 servi
1101 3569 1236 3639 accipiens
1253 3567 1337 3643 (rat-

546 3666 592 3738 lip.
607 3682 636 3732 tt,
650 3665 678 3736 ll,
693 3664 739 3738 l),
755 3663 831 3738 cujus
848 3663 941 3722 locutae
958 3673 1082 3736 parentes
1098 3662 1193 3720 eraut‘.l
1209 3661 1262 3720 Sed
1276 3679 1336 3717 cunr

548 3757 592 3814 iilo
604 3773 657 3814 oon
670 3759 820 3815 sentinante
831 3758 875 3814 illa
889 3758 1045 3829 peperisset,
1059 3757 1181 3828 prolecto
1190 3771 1240 3813 nec
1254 3757 1337 3826 ipsius

549 3847 640 3903 iorum
652 3848 721 3905 serri
735 3857 859 3920 parentes
869 3848 947 3905 ambo
957 3856 1057 3913 essent,
1066 3847 1117 3903 nisi
1133 3847 1243 3904 interce
1257 3848 1338 3903 etiarn

549 3940 605 3996 sine
619 3941 709 3997 carnis
717 3940 905 3997 commixtione
914 3940 1040 4011 conjuges
1054 3948 1154 3995 essent.
1167 3939 1242 3996 Unde
1255 3948 1283 3995 et
1292 3955 1337 3995 se·

549 4032 600 4086 ries
613 4032 894 4103 praeconandorum
914 4040 1041 4103 parentes
1057 4032 1154 4089 Christi
1171 4020 1339 4090 connexione

549 4123 723 4179 successionis
733 4134 985 4186 commemorantur.
996 4140 1080 4195 usque
1094 4124 1127 4181 ad
1138 4124 1237 4197 loscpb
1250 4127 1338 4195 patius

549 4216 615 4270 nent
633 4214 731 4271 lrrctum
753 4224 803 4282 est,
818 4215 903 4272 luerat
914 4215 1081 4286 perducenda
1094 4215 1200 4289 (llattlr.
1220 4232 1240 4284 t,
1255 4217 1299 4284 lli,
1314 4227 1337 4271 et

551 4303 611 4360 lac.
626 4321 665 4368 ιιι,
680 4304 754 4378 23);
776 4323 810 4362 ne
823 4306 850 4361 iu
863 4307 908 4362 illo
921 4306 1062 4376 conjugio,
1077 4307 1145 4362 ririli
1160 4308 1234 4362 semri
1248 4308 1338 4376 atique

550 4396 642 4464 potiori
654 4396 729 4452 iteret
741 4397 846 4467 injurio,
857 4412 917 4453 cum
928 4398 1033 4453 ueritati
1046 4397 1111 4452 nibil
1125 4399 1223 4468 periret
1232 4397 1292 4468 qnia
1304 4413 1339 4455 ex

549 4486 648 4542 terniue
662 4487 752 4554 barid,
761 4503 793 4543 ιι
804 4504 856 4558 quo
867 4498 992 4544 vetiturus
1001 4490 1143 4558 pradictus
1152 4499 1194 4546 ost
1206 4489 1337 4558 Christus,

550 4586 574 4632 et
586 4578 685 4648 loscplt
698 4589 756 4634 erat
768 4587 795 4634 et
803 4579 895 4635 llario.

570 4670 627 4737 ‘lq
649 4668 734 4725 Omne
753 4670 842 4740 itaque
863 4671 1013 4742 nuptiarum
1034 4671 1130 4726 bonum
1146 4672 1283 4741 impletum
1298 4681 1339 4728 est

550 4760 573 4815 iu
587 4759 640 4815 illis
653 4760 806 4831 parentibus
815 4761 925 4831 Christi,
937 4762 1035 4832 proles.
1046 4762 1120 4828 ides,
1133 4774 1339 4819 sacramentum.

550 4849 653 4907 Prolem
667 4852 851 4924 coptoscimus
867 4853 953 4925 ipsum
970 4854 1108 4910 Dominum
1123 4854 1213 4909 lesum
1226 4872 1233 4909 ι
1246 4854 1339 4922 odero,

550 4943 606 5013 quia
629 4944 733 4999 trullum
750 4944 909 5002 adulterium
926 4947 1221 5016 :sacratueutumquia
1238 4946 1339 5003 nullum
1364 4999 1373 5017 ,

549 5037 700 5093 diuortium.

583 5128 696 5187 CAPUT
711 5127 896 5187 llll-Ornuir
908 5146 965 5200 qaoe
973 5130 1141 5185 decancabitu
1153 5131 1340 5196 contruncare

552 5222 704 5287 percutient.
726 5222 804 5279 Sarius
825 5222 861 5278 ibi
884 5222 1009 5292 nuptialis
1029 5223 1185 5278 concubitus
1209 5238 1260 5278 nan
1281 5222 1339 5286 init,

552 5313 609 5382 qnia
626 5314 748 5370 incarne
763 5313 863 5384 peccati
877 5313 934 5367 deri
949 5328 1000 5367 ooo
1012 5323 1116 5384 poterat
1126 5313 1184 5369 siue
1196 5313 1238 5368 illa
1253 5314 1341 5369 carnis
1370 5326 1375 5334 ·

552 5402 672 5470 pandenda
695 5404 929 5472 cottcupiseeutia‚
952 5417 1011 5472 queo
1038 5403 1132 5458 accidit
1158 5418 1190 5458 ea
1215 5411 1338 5473 peccato,

551 5493 605 5548 sine
629 5508 680 5565 qua
701 5494 805 5563 concipi
819 5491 911 5558 noluit,
929 5494 973 5563 qui
996 5493 1096 5549 lutrrrus
1119 5505 1176 5550 erat
1200 5496 1258 5550 siue
1280 5511 1342 5566 pec-

552 5595 618 5650 cato,
635 5600 687 5638 nrm
703 5585 728 5638 in
748 5601 828 5639 carttc
845 5585 957 5654 peccati,
973 5584 1020 5639 sed
1043 5575 1068 5638 in
1092 5586 1265 5642 situilitndiue
1282 5602 1342 5642 tat·-

554 5675 592 5728 tris
611 5674 713 5745 pcccati
730 5673 826 5746 (lieno
844 5691 900 5739 rur,
917 5675 1020 5745 5):ut
1039 5675 1100 5731 ltiuo
1123 5678 1203 5732 etiarn
1223 5677 1340 5744 doceret,

552 5777 656 5818 senuero
669 5779 728 5834 quau
741 5763 774 5819 de
788 5764 929 5820 concubitu
944 5765 1071 5829 nascitur.
1085 5780 1192 5822 caruero
1209 5781 1268 5821 csse
1282 5781 1343 5836 pec·

553 5858 611 5923 rati;
626 5857 840 5929 quandoquidem
859 5859 915 5914 sola
929 5874 988 5930 qure
1001 5875 1054 5914 non
1067 5859 1129 5916 inde
1145 5869 1203 5916 nata
1217 5870 1272 5928 est,
1289 5877 1343 5917 non
1363 5898 1368 5905 -

554 5946 600 6005 tait
614 5965 684 6014 ,raro
702 5951 814 6020 peccati.
828 5951 956 6020 Quamuis
970 5953 1115 6024 conjugalis
1127 5954 1284 6010 concubitus
1297 5955 1343 6026 qui

555 6036 739 6097 ltintentione
752 6043 906 6113 generandi,
918 6058 971 6099 non
987 6045 1022 6099 sit
1034 6044 1091 6116 ipsc
1107 6054 1243 6117 peccatum
1260 6064 1267 6101 ε
1281 6046 1344 6118 qnia

556 6131 619 6187 bina
630 6135 751 6189 noluntas
764 6136 856 6204 acriori,
870 6149 1025 6208 sequentem
1039 6138 1121 6206 ducit,
1135 6153 1187 6195 non
1203 6139 1343 6195 ducentem

554 6225 672 6294 seqnitur
692 6226 813 6295 corporis
833 6227 1009 6298 voluptatem3
1032 6244 1082 6286 uec
1106 6229 1249 6285 lromaoom
1270 6230 1341 6286 arbi-

557 6313 631 6371 trium
644 6314 756 6373 trahitur
766 6316 922 6390 subjugante
930 6330 1050 6390 peccato,
1061 6334 1123 6376 canu
1132 6320 1203 6392 juste
1217 6321 1343 6394 redigitur

1238 899 1339 957 LIBER
1356 898 1493 960 raldus

1394 1010 1421 1065 iu
1436 1027 1512 1067 usum
1532 1014 1676 1084 gertcrandi
1696 1017 1771 1089 plaga
1792 1021 1904 1091 moed.
1923 1024 2009 1096 liuius
2023 1027 2107 1102 pnqe
2124 1033 2188 1101 quia

1391 1100 1453 1156 darn
1478 1103 1595 1172 pruritus
1620 1105 1646 1159 in
1670 1106 1859 1166 adulteriorum
1883 1122 1911 1169 et
1934 1116 2137 1174 lortticatioontn
2159 1133 2189 1178 ct

1392 1192 1741 1265 quorumlibet-stuprorum
1763 1209 1842 1271 atque
1863 1202 2089 1264 immunditiarum
2110 1211 2187 1268 tudi-

1392 1280 1491 1336 tatibus
1511 1293 1620 1354 regnan
1645 1288 1670 1342 in
1690 1292 1883 1348 cottnultiorum
1898 1312 1961 1350 aero
1978 1302 2184 1360 necessitudini·

1392 1370 1460 1427 bns¹
1476 1376 1567 1430 serait.
1592 1376 1630 1433 lbi
1647 1377 1682 1434 de
1696 1379 1804 1436 domino
1816 1384 1859 1438 tali
1873 1387 2008 1454 turpitudo
2022 1390 2185 1459 denotentur,

1391 1460 1436 1518 ltic
1447 1462 1479 1517 de
1491 1467 1648 1538 pedissequo
1662 1471 1706 1524 tali
1721 1471 1845 1528 trooescrs
1856 1478 2061 1535 rerecoodaorr.
2074 1480 2131 1536 Nou
2142 1494 2186 1540 eat

1392 1552 1472 1623 igitur
1490 1554 1547 1611 bruc
1569 1557 1652 1613 libido
1671 1562 1821 1631 nuptiarum
1835 1564 1945 1634 lnnnuo,
1963 1570 2009 1624 sed
2025 1571 2186 1631 otrscroaitas
2224 1551 2230 1564 ⁸

1392 1647 1571 1713 peccantium,
1588 1652 1733 1707 necessitas
1747 1657 1940 1724 qettemntiuna
1956 1659 2122 1719 lasciviorum
2137 1680 2185 1719 ar·

1392 1734 1452 1803 dor,
1470 1736 1620 1808 nuptiarum
1637 1742 1730 1811 pudor.
1754 1746 1807 1799 Cur
1829 1761 1893 1817 ergo
1912 1766 1963 1803 nou
1985 1753 2109 1824 conjuges
2127 1771 2185 1812 rna·

1391 1835 1483 1895 nearrt,
1509 1830 1553 1898 qni
1580 1846 1613 1886 ex
1638 1847 1770 1889 consensu
1796 1839 1974 1896 concumbere
1997 1843 2134 1910 desimam
2161 1847 2186 1904 si

1391 1926 1547 1972 manserunt
1556 1919 1684 1992 oorrJngcs
1696 1923 1794 1995 losepla
1805 1936 1832 1980 et
1843 1926 1936 1995 llario,
1947 1932 1992 2002 qni
2005 1935 2184 1993 concumbere
2248 1960 2252 1967 ·

1391 2021 1441 2062 nee
1452 2012 1609 2077 ctrpcruntl

1425 2098 1539 2155 CAPUT
1558 2101 1664 2157 littt-
1673 2106 1716 2162 ll.
1735 2108 1799 2165 Ante
1811 2109 1939 2169 coriscum
1952 2124 2049 2188 temptas
2061 2122 2182 2192 uniendi,

1390 2198 1446 2258 post
1458 2188 1583 2246 Claristutn
1597 2197 1740 2253 corrtirrentli
1753 2210 1850 2271 tempas
1861 2214 1907 2259 cst.
1925 2207 1987 2265 troc
1997 2213 2067 2265 ettint
2084 2230 2184 2283 propa·
2287 2250 2291 2258 ·

1389 2282 1462 2352 gotio
1475 2283 1598 2350 filiorum.
1613 2304 1673 2359 qtae
1688 2290 1713 2345 in
1729 2294 1827 2349 sanctis
1843 2298 1963 2365 patribus
1978 2314 2087 2373 propter
2099 2321 2181 2374 qene-

1389 2372 1501 2427 randum
1516 2384 1543 2430 et
1562 2381 1775 2437 conservandum
1792 2387 1916 2455 populmn
1934 2390 1996 2454 [lei.
2013 2392 2039 2447 io
2053 2411 2104 2464 quo
2117 2411 2183 2467 pro·

1390 2464 1506 2533 pltctianr
1528 2467 1625 2526 Christi
1648 2475 1800 2544 prmrederc
1822 2481 1957 2547 oportuit,
1986 2482 2181 2545 officiosissima

1389 2555 1454 2623 luit,
1470 2573 1539 2614 nunc
1551 2560 1605 2631 jann
1623 2579 1675 2618 non
1690 2563 1774 2621 'babet
1794 2568 1865 2624 illam
1889 2573 2085 2630 tuccessitntem.
2106 2576 2182 2636 l‘atet

1389 2647 1488 2719 quippe
1498 2648 1553 2719 jam
1566 2665 1598 2705 ex
1616 2654 1738 2709 omuibus
1752 2658 1875 2725 pentibus
1885 2661 2059 2730 spiritualiter
2068 2667 2179 2736 giguen-

1389 2736 1502 2806 darnm,
1517 2739 1701 2813 undecumque
1722 2747 1864 2803 carnaliter
1887 2752 1940 2805 uati
1964 2750 2078 2821 luerint,
2105 2756 2184 2828 copia

1389 2826 1514 2883 illiorum.
1529 2831 1562 2885 Et
1574 2832 1644 2902 quod
1659 2836 1856 2905 scriptumest,
1872 2838 1983 2914 Tenrpar
1995 2844 2164 2915 artrpleetendi
2172 2888 2183 2916 .

1388 2930 1515 2991 ettcatpur
1524 2925 1668 2978 eotrtiacudi
1677 2926 1709 2981 ab
1718 2931 1836 2999 amplexu
1847 2932 1944 3003 (uerte.
1955 2938 2045 3008 ut,5l;
2062 2956 2109 3010 per
2118 2943 2184 3002 illud

1388 3011 1524 3081 atqtrolioc
1532 3017 1652 3085 tempas*
1663 3022 2001 3088 agnosciturdistrilrututn.
2013 3030 2077 3086 lllud
2086 3034 2186 3105 qrrippe

1389 3102 1438 3157 luit
1449 3106 1635 3175 amplectendi,
1651 3108 1702 3165 troc
1719 3121 1807 3169 auteur
1829 3116 1982 3174 continendi
1997 3122 2031 3176 ab
2045 3126 2183 3194 amplexo.

1426 3194 1469 3250 t5.
1489 3194 1580 3266 ltaque
1594 3208 1621 3253 ut
1635 3199 1778 3268 apostotos
1791 3219 1851 3259 curn
1867 3207 1929 3263 lritrc
1942 3210 2105 3283 loqueretur.
2120 3217 2158 3270 ait
2172 3234 2186 3275 a

1389 3284 1447 3340 llos
1461 3298 1544 3341 auten:
1565 3289 1638 3357 dico,
1652 3291 1764 3361 fratrer:
1784 3306 1881 3368 terttput
1899 3300 1971 3356 breue
1989 3316 2025 3359 est
2035 3321 2047 3370 ‚⁰
2059 3309 2184 3380 reliquunt

1388 3387 1424 3431 ert
1436 3387 1459 3431 et
1469 3387 1497 3432 att
1506 3381 1549 3447 qai
1560 3381 1652 3435 babent
1663 3399 1753 3439 araret
1764 3395 1883 3459 tanquam
1893 3408 1942 3445 non
1952 3393 2069 3451 imbrum
2080 3400 2129 3452 aiut
2138 3416 2148 3464 ,·
2158 3408 2184 3457 ιι

1387 3470 1430 3540 qni
1438 3471 1510 3541 pient,
1524 3481 1644 3541 tanquam
1657 3491 1706 3528 non
1718 3477 1825 3545 flentem·
1838 3488 1860 3532 et
1870 3482 1913 3552 qui
1922 3484 2050 3552 quadrat.
2062 3496 2187 3558 tauquam

1388 3578 1439 3616 tran
1449 3562 1584 3632 prudenter
1594 3579 1605 3628 ,·
1614 3567 1688 3635 etqui
1698 3577 1791 3631 currunt.
1801 3578 1920 3641 tanquam
1932 3591 1981 3629 nan
1991 3578 2144 3646 possidentes
2152 3579 2187 3649 ⁸5

1389 3661 1412 3706 ιι
1422 3652 1464 3720 qai
1473 3662 1578 3708 atuntnr
1586 3655 1633 3710 ltac
1641 3662 1744 3722 retundo,
1755 3668 1874 3731 tanquam
1885 3680 1934 3718 nou
1945 3676 2063 3722 utarrtur:
2074 3674 2186 3739 preterit

1388 3745 1548 3814 ernutfiqura
1558 3745 1635 3819 ltajtts
1645 3749 1742 3803 rutundi.
1758 3748 2182 3818 l'alaaascirterallicitutlincerse.

1389 3830 1452 3887 llaec
1462 3835 1560 3899 omitia,
1571 3845 1599 3890 ut
1608 3839 1765 3907 exponendo
1775 3841 1874 3913 aliquid
1885 3843 1946 3901 ltiuc
1956 3846 2072 3905 breviter
2083 3851 2188 3921 dicam..

1389 3923 1428 3977 sir
1440 3925 1563 3978 existima
1577 3927 1757 3998 intelligenda.
1774 3928 1846 3999 lloo,
1863 3933 1964 4005 inquit,
1980 3937 2054 4005 dica,
2068 3940 2184 4008 iratres:

1390 4022 1487 4084 temper
1501 4013 1572 4068 irene
1585 4026 1641 4070 ert:
1655 4032 1706 4072 non
1718 4018 1804 4075 adbuc
1815 4023 1929 4091 populus
1940 4025 1985 4080 Dei
1996 4031 2190 4100 propagandus

1390 4112 1431 4158 est
1444 4108 1614 4174 generatione
1625 4109 1776 4174 carnaliter,
1790 4112 1836 4166 sed
1848 4113 1902 4183 jaro
1917 4122 2119 4187 regeneratione
2129 4125 2184 4194 spi·

1391 4193 1520 4248 ritualiter
1537 4196 1711 4267 colligendae.
1732 4198 1866 4280 Reliquam
1887 4213 1922 4259 cst
1943 4222 2023 4277 ergo,
2045 4220 2073 4264 at
2094 4222 2118 4267 ιι
2139 4215 2187 4282 qai

1391 4284 1482 4339 lraberd
1495 4303 1603 4354 arares,
1619 4306 1671 4343 ιιοιι
1686 4290 1784 4344 curtiali
1799 4296 2022 4362 crrtrcnpisccntlae
2038 4301 2188 4373 subjugen-

1391 4386 1450 4446 tnr;
1466 4389 1488 4433 rt
1501 4381 1543 4449 qai
1555 4382 1617 4450 flent
1634 4383 1737 4437 tristitia
1752 4386 1889 4452 praesentis
1904 4388 1977 4453 nauli,
1992 4390 2124 4460 qattdeaut
2135 4409 2186 4464 spo

1391 4469 1471 4525 lutari
1488 4471 1566 4536 boni;
1582 4481 1605 4526 ct
1619 4474 1661 4544 qui
1674 4475 1783 4545 qorrdcnt
1800 4487 1907 4546 propter
1920 4482 2065 4550 ternpornlc
2076 4485 2187 4556 aliquod

1390 4562 1571 4627 commodam,
1585 4564 1693 4618 titocnnt
1703 4567 1986 4638 :uterntnnjrnliciuna;
2001 4576 2186 4645 aquicinum,

1391 4653 1431 4708 sic
1443 4652 1565 4708 babendo
1578 4655 1747 4724 possideant,
1767 4667 1794 4710 ut
1807 4658 1922 4712 atnando
1935 4674 1987 4714 mm
2008 4659 2145 4731 beream
2159 4675 2185 4719 rt

1390 4743 1435 4814 qui
1447 4754 1552 4799 utamur
1564 4745 1612 4800 boc
1625 4746 1728 4812 neurada,
1744 4748 1857 4802 transire
1873 4763 1901 4802 se
1915 4751 2041 4820 cogitent,
2056 4769 2107 4808 non
2124 4771 2185 4811 uta·

1391 4849 1466 4889 nere.
1490 4833 1607 4890 Praeterit
1632 4836 1699 4890 eniut
1718 4836 1801 4906 lipara
1823 4836 1899 4909 bajus
1917 4841 2015 4895 intrudi.
2046 4841 2106 4898 i'ala
2129 4862 2187 4915 aar,

1392 4925 1493 4997 inquit,
1508 4926 1562 4980 riae
1582 4927 1749 4982 sollicitudine
1763 4945 1836 4983 erse:
1855 4931 1906 4986 ltoc
1924 4940 1981 5000 cst,
2001 4936 2063 4991 rolo
2078 4952 2188 4994 surstnu

1391 5032 1438 5072 cor
1454 5017 1479 5071 in
1496 5017 1608 5089 bisque
1622 5033 1675 5073 non
1691 5029 1867 5088 prretcrcuttt,
1883 5037 1931 5078 ros
1952 5024 2060 5083 babere.
2084 5028 2189 5088 Deittde

1392 5107 1526 5178 subjungit
1538 5117 1566 5164 et
1579 5109 1660 5163 dicit:
1677 5109 1727 5178 Qui
1742 5110 1796 5165 aitte
1807 5127 1885 5167 arare
1899 5123 1952 5183 eet,
1973 5118 2064 5188 sopitat
2086 5137 2116 5174 eo
2129 5137 2190 5193 qnoe

1392 5211 1451 5255 sant
1466 5201 1567 5254 Dornini
1574 5244 1582 5268 ‚
1596 5203 1719 5273 quotttodo
1731 5203 1828 5274 placcat
1841 5203 1950 5260 Dandae
1961 5222 1970 5261 :
1981 5209 2025 5278 qai
2036 5221 2118 5265 aretem
2131 5229 2190 5267 ma·

1394 5293 1511 5346 trioronio
1518 5294 1625 5362 inuretur
1636 5304 1690 5360 ert,
1704 5296 1796 5367 coqitat
1808 5313 1865 5364 qaoe
1878 5308 1935 5353 rant
1949 5303 2048 5370 rutundi,
2059 5304 2189 5373 quatuodo

1394 5384 1493 5457 placcat
1513 5388 1586 5440 arari
1599 5387 1620 5460 (l
1634 5387 1692 5443 Cor.
1715 5405 1767 5455 ru,
1781 5390 1816 5444 29
1831 5392 1888 5462 35).
1913 5395 2000 5465 Atque
2014 5397 2048 5450 lta
2069 5400 2188 5467 quodam

1394 5478 1475 5532 nrodo
1488 5479 1595 5548 capoon
1608 5479 1679 5549 quod
1694 5496 1771 5549 supra
1787 5482 1903 5546 dixerat,
1919 5483 1968 5550 Qui
1980 5484 2070 5540 babent
2083 5504 2189 5557 arares,

1394 5579 1514 5643 tranquaut
1524 5588 1573 5625 aaa
1583 5572 1700 5626 buleutas
1710 5574 1767 5626 rint.
1779 5574 1828 5643 Qui
1840 5576 1910 5630 culta
1921 5576 1959 5630 sic
1970 5578 2067 5633 lmbcnt
2076 5596 2188 5651 uror-es,

1395 5663 1586 5732 utcogitcntca
1596 5671 1725 5734 questrat
1738 5665 1992 5735 llrnuini,quarnado
2003 5671 2124 5738 placeant
2136 5674 2188 5727 llo·

1395 5753 1482 5818 mino,
1491 5767 1538 5807 aee
1546 5753 1571 5805 in
1583 5753 1623 5806 lris
1631 5770 1689 5824 tque
1698 5762 1759 5808 sunt
1768 5755 1870 5822 mundi,
1880 5758 1995 5827 cogitent
2007 5764 2111 5829 placere
2119 5780 2185 5819 ιιιιι-

1395 5844 1478 5911 ribos,
1490 5855 1613 5915 tanquam
1628 5862 1680 5899 non
1695 5845 1823 5902 babentes
1833 5857 1904 5902 snut.
1916 5849 1990 5918 Quod
2006 5852 2110 5909 lucilius
2121 5855 2151 5911 tit
2163 5856 2185 5924 l,

1428 6020 1437 6052 ¹
1456 6018 1622 6081 aliquotres..
1633 6018 1819 6071 accurantibus.

1428 6081 2139 6204 :rnurtnrrtatnmnurere

1429 6203 1440 6236 ι
1456 6213 1507 6252 nm.
1520 6182 1560 6273 Ει,ι
1569 6177 1650 6274 cisen
1664 6212 1728 6266 tiss,
1746 6206 1810 6268 quod
1821 6219 1850 6277 ea
1872 6183 1985 6279 [eiieitate
1999 6205 2035 6274 fil.
2053 6216 2103 6262 litto
2126 6218 2191 6272 uass.

1397 6265 1461 6392 arrad
1471 6266 1622 6391 iariii'iim
1631 6263 1667 6328 fir.
1678 6273 1742 6317 tinus
1754 6280 1768 6318 e
1780 6275 1895 6318 tatrmuts
1907 6272 2097 6321 neeromantia
2109 6284 2192 6336 araon.
