5592 7350
658 926 711 986 stt

659 1041 710 1096 suh
725 1036 847 1109 ambigua
869 1034 1044 1107 generalitate
1057 1029 1120 1102 quid
1139 1028 1251 1085 sentiret
1263 1025 1447 1091 abscondens,

659 1132 751 1202 gratiae
764 1140 851 1184 tamen
870 1126 998 1182 vocabulo
1021 1124 1147 1193 frangens
1166 1119 1311 1184 invidiam,
1327 1116 1454 1172 oderisio-

659 1237 773 1293 nemqne
787 1221 933 1277 declinans.
956 1217 1022 1272 Nam
1043 1217 1069 1270 io
1086 1215 1169 1285 ipsios
1182 1210 1325 1282 principio,
1339 1210 1384 1263 vahl
1405 1208 1452 1275 ait,

644 1329 647 1334 ·
662 1335 671 1367 ι
689 1314 829 1383 Proposito
843 1311 998 1367 insudemus
1007 1308 1093 1379 operi,
1112 1321 1162 1361 nec
1176 1298 1453 1359 mediocritati¹dilil-

659 1406 754 1461 davnrrs
768 1403 882 1474 ingenii,
897 1400 968 1474 quod
985 1399 1118 1455 credimus
1131 1396 1182 1452 lide
1203 1394 1295 1449 matris
1309 1400 1337 1447 et
1356 1391 1454 1446 merite

659 1496 769 1567 virginis
787 1494 924 1564 adiuvari3
940 1511 950 1545 ι
974 1489 1086 1563 gratiam
1107 1503 1157 1559 qoa
1179 1486 1335 1557 adjuramur
1354 1482 1388 1539 ad
1403 1483 1453 1536 ali·

659 1587 722 1658 quid
737 1585 878 1657 agendum,
895 1584 958 1639 mihi
970 1584 1043 1636 visus
1059 1580 1142 1634 lucrat
1157 1576 1288 1641 confiteri,
1302 1589 1352 1629 nec
1366 1581 1454 1628 atten-

659 1676 751 1733 deram
765 1677 834 1732 hanc
847 1690 908 1733 eum
921 1687 1021 1745 ponere
1032 1670 1149 1741 potuisse
1168 1668 1195 1723 in
1215 1668 1270 1723 sola
1286 1664 1453 1721 revelatione

659 1767 797 1823 doctrinae.

695 1857 739 1913 ιι.
755 1857 819 1912 ltcm
846 1855 871 1908 in
892 1853 986 1910 eodem
1008 1866 1089 1922 opere
1113 1850 1166 1904 alio
1192 1848 1278 1902 loeo:
1304 1844 1404 1913 «Quod
1430 1843 1455 1899 si

660 1949 741 2005 etiam
754 1947 812 2003 sine
827 1946 892 2010 Deo,
907 1963 917 1997 ι
934 1944 1038 2014 inquit,
1056 1961 1065 1993 ι
1082 1940 1204 1995 ιιιιιιιιιιι
1218 1937 1370 2000 ostendunt,
1385 1950 1454 2005 qua·

661 2039 700 2093 les
714 2053 728 2091 a
741 2038 796 2092 lieo
810 2036 869 2091 laeti
883 2044 943 2089 sont
955 2050 962 2099 ;
976 2032 1036 2087 vido
1051 2030 1112 2102 qnid
1124 2028 1267 2084 Christiani
1288 2026 1374 2081 iacere
1389 2039 1454 2095 pos·

659 2128 729 2195 aiot,
759 2141 872 2197 quornm
895 2125 921 2178 in
948 2123 1044 2179 melius
1069 2137 1117 2191 per
1145 2119 1281 2174 Christum
1309 2117 1454 2171 instaurata

661 2227 755 2273 natura
780 2226 840 2282 est,
856 2225 881 2271 et
897 2214 941 2286 qni
962 2214 1059 2268 divinae
1082 2227 1188 2284 queque
1214 2212 1307 2280 gratiae
1328 2209 1455 2278 jurantur

660 2311 785 2365 auxilie.»
795 2308 921 2363 Naturam
935 2306 962 2361 in
971 2306 1065 2361 melius
1074 2305 1256 2365 instauratam,
1269 2298 1455 2355 retnissloncm

661 2402 717 2456 vult
729 2399 840 2469 intelligi
855 2407 1025 2469 peccaterum
1040 2413 1046 2449 :
1066 2394 1137 2465 quod
1149 2394 1202 2449 alic
1216 2393 1276 2448 lace
1290 2393 1315 2446 in
1332 2392 1383 2445 hoc
1397 2392 1455 2458 ipso

660 2492 729 2547 lihro
743 2490 806 2545 satis
819 2488 1023 2554 demonstravit,
1036 2486 1081 2542 uhi
1093 2486 1140 2553 ait,
1157 2504 1166 2536 ι
1187 2482 1271 2540 Etiam
1288 2482 1325 2538 illi
1341 2482 1384 2551 qui
1397 2482 1456 2535 ien-

661 2599 696 2655 gc
711 2582 838 2655 peccandi
850 2597 899 2637 osu
913 2579 1028 2652 quadam
1044 2577 1124 2633 niodo
1136 2576 1296 2642 obduruere,
1312 2573 1455 2629 instaurari

660 2691 709 2745 per
730 2673 912 2745 poenitentiam
932 2679 1054 2743 possunt.
1081 2688 1090 2722 ι
1110 2668 1245 2723 huxilinrn
1270 2680 1336 2721 vere
1358 2664 1456 2720 divinae

660 2766 753 2835 gratim
778 2772 867 2835 petest
897 2771 924 2819 ct
955 2761 998 2816 hie
1029 2774 1128 2831 ponere
1158 2758 1185 2813 in
1218 2756 1379 2813 revelatione
1404 2754 1456 2809 de·

660 2858 764 2914 clrinae.

695 2948 807 3005 carim
825 2946 968 3003 xllxvttt.
980 2976 1018 2988 -
1029 2945 1073 3000 ιι.
1087 2943 1152 3000 ltcm
1165 2943 1227 2998 alibi
1240 2944 1266 2998 in
1281 2942 1374 2998 eadem
1397 2940 1455 3012 epi-

661 3039 729 3094 stola
744 3056 751 3091 :
769 3056 779 3089 ι
799 3038 865 3092 Nam
890 3038 912 3091 si
934 3038 1014 3091 ctiam
1036 3044 1098 3089 note
1120 3033 1221 3105 legem,
1245 3050 1254 3084 ι
1273 3032 1375 3101 inquit,
1403 3036 1458 3087 ιιιι

660 3128 792 3194 diximus,
804 3143 835 3202 ae
849 3128 933 3183 multe
953 3135 1015 3180 note
1033 3123 1136 3179 llovnini
1161 3122 1245 3178 nostri
1262 3132 1288 3178 ct
1310 3122 1458 3178 Salvateris

660 3220 814 3283 adventum,
823 3218 895 3288 juste
908 3217 1015 3287 quidun
1030 3224 1057 3271 ct
1066 3223 1158 3271 sancte
1169 3216 1268 3271 vixisse
1284 3214 1455 3282 ιιιιιιιιιιιιις

660 3308 863 3379 quantomagis
884 3317 943 3377 pest
958 3305 1162 3361 illustrationem
1183 3305 1313 3360 adventus
1336 3303 1394 3374 ejus
1408 3318 1458 3361 nos

661 3398 689 3453 id
711 3412 789 3469 pesse
811 3396 974 3453 credendum
997 3404 1048 3461 est,
1064 3395 1112 3464 qui
1129 3395 1267 3449 instaurati
1292 3410 1340 3464 per
1358 3393 1458 3449 Christi

660 3489 772 3560 gratiam
786 3497 812 3543 et
833 3489 858 3542 in
880 3487 1019 3543 meliorem
1034 3486 1168 3541 leunsinem
1185 3486 1270 3540 renati
1284 3500 1393 3552 sunrus,
1409 3486 1456 3555 qni

661 3580 790 3650 savvguine
803 3578 859 3647 ejus
872 3578 972 3647 expiati
987 3585 1065 3646 atque
1074 3576 1202 3638 rnntvdati,
1214 3576 1349 3645 ipsiusque
1361 3590 1454 3630 exem·

662 3673 707 3747 ple
726 3670 759 3727 ad
781 3668 972 3741 perlectionem
993 3668 1092 3723 incitati
1107 3667 1236 3738 josano,
1256 3667 1380 3723 rtvcliures
1404 3665 1458 3723 illis

663 3779 723 3820 esse
736 3764 873 3827 dehemus,
888 3763 933 3832 qui
947 3769 1010 3816 ante
1022 3761 1107 3830 legem
1122 3760 1217 3816 luerel
1234 3779 1243 3813 ι
1259 3759 1459 3831 videtequem·

663 3857 807 3914 admodum
818 3865 845 3912 et
859 3855 902 3910 hic
911 3855 971 3910 aliis
984 3853 1092 3924 quidem
1102 3853 1200 3918 verbis,
1212 3857 1259 3910 scd
1271 3863 1358 3909 tameo
1370 3854 1394 3907 io
1410 3869 1457 3910 re·

666 3949 794 4005 missione
818 3954 986 4018 peccatorum
1003 3954 1030 4000 et
1047 3944 1207 4014 inexemplo
1228 3943 1329 4001 Christi
1354 3943 1458 4013 adjuto·

664 4041 733 4096 rium
746 4037 839 4110 gratia
860 4035 1040 4093 constituerit.
1059 4033 1160 4091 Deinde
1173 4033 1308 4104 sohjongit
1329 4041 1357 4088 et
1369 4032 1434 4088 dicit
1449 4049 1457 4087 a

667 4153 677 4185 ι
691 4132 812 4187 ιιιιιοιιι
821 4131 901 4185 ctiam
915 4145 995 4200 quam
1007 4128 1115 4184 lucrum
1129 4125 1258 4197 sublege,
1270 4126 1375 4182 dicente
1387 4127 1460 4195 Apo·

665 4223 743 4286 stolo,
758 4220 893 4275 Peccatum
905 4220 974 4275 uehis
992 4236 1043 4274 nen
1064 4217 1234 4272 dontinohimr
1244 4233 1253 4282 ,·
1263 4233 1313 4271 non
1332 4216 1398 4271 enirn
1412 4215 1458 4271 tuh

665 4316 718 4384 loge
733 4313 791 4368 estis
802 4353 809 4378 ,
821 4311 865 4366 aed
884 4310 929 4364 suh
942 4310 1025 4380 gratio
1039 4308 1127 4381 (ιιοιι.
1147 4324 1183 4371 vv,
1202 4307 1257 4378 tl).
1276 4307 1310 4362 El
1330 4306 1457 4377 qouniam

667 4409 738 4476 lvinc,
755 4426 765 4462 ι
781 4407 877 4477 inquit,
895 4425 904 4457 ι
921 4404 1094 4466 sufficienter,
1110 4410 1139 4456 ut
1154 4409 1227 4470 poto,
1242 4399 1357 4456 diximus
1368 4441 1375 4465 ,
1388 4413 1460 4453 ιιιιιιι

666 4497 809 4567 perlectam
823 4496 991 4550 instituamus
1005 4493 1145 4561 virginem,
1157 4506 1215 4560 qum
1226 4505 1259 4546 ex
1271 4499 1381 4559 utroque
1389 4503 1461 4544 sem·

665 4603 713 4657 per
725 4601 847 4652 aceensa,
857 4592 885 4641 ιι
896 4595 997 4638 nattum
1011 4582 1088 4637 sivnul
1104 4590 1130 4636 ct
1142 4581 1234 4651 gratim
1246 4580 1342 4635 honoro
1355 4594 1458 4634 ntorum

665 4677 804 4732 savictitate
821 4684 941 4731 testetur.
958 4693 968 4727 ι
983 4673 1017 4728 Et
1036 4672 1063 4727 in
1086 4673 1126 4726 his
1141 4670 1229 4726 verbis
1243 4669 1345 4725 debens
1362 4668 1459 4725 adver·

666 4779 732 4831 tere,
745 4766 805 4822 ideo
817 4767 890 4821 illum
902 4764 972 4835 qnod
982 4764 1097 4828 dicebat,
1111 4763 1152 4817 sie
1165 4761 1280 4817 voluisse
1287 4759 1458 4827 concludere,

666 4870 694 4914 ιιι
706 4867 807 4914 naturae
819 4858 918 4914 honum
934 4856 1126 4926 intelligamus,
1140 4851 1285 4924 quodcum
1302 4865 1460 4907 crearemur

666 4949 835 5019 accepimus3
859 4948 952 5019 gralia
977 4955 1084 5009 autem,
1106 4960 1165 4998 cmo
1183 4942 1281 4998 Christi
1303 4942 1459 4998 intuemur¹

667 5039 819 5108 cecropium
833 5054 841 5092 ι
856 5047 981 5107 tanquam
1006 5035 1066 5090 ideo
1088 5044 1225 5103 peecatum
1249 5046 1303 5086 nun
1329 5029 1461 5086 indultum

667 5129 750 5192 licerit
761 5129 801 5184 eis
814 5127 859 5198 qui
880 5124 1000 5195 sublege
1020 5123 1128 5179 luerunt
1144 5122 1185 5178 vel
1198 5130 1278 5189 sunt,
1292 5121 1353 5192 quia
1367 5137 1461 5177 exem·

669 5223 742 5293 plum
756 5217 856 5276 Christi
868 5217 925 5273 sive
940 5231 992 5271 raon
1007 5215 1167 5279 hahuerunt,
1182 5214 1238 5268 sive
1252 5228 1304 5267 ιιοιι
1318 5212 1441 5268 ιιιιιιιιιι.

702 5311 817 5368 CAPUT
835 5308 958 5366 xxxix.
987 5308 1081 5362 -ta
1110 5305 1164 5360 lloe
1185 5315 1274 5360 autem
1291 5306 1462 5374 istumsapc-¹

669 5421 714 5468 rc,
730 5412 757 5458 et
769 5402 820 5457 alia
835 5402 894 5472 ejus
914 5399 995 5455 verha
1016 5396 1178 5462 ostendunt,
1193 5412 1248 5450 ιιοιι
1270 5397 1296 5450 in
1311 5396 1361 5451 hoc
1375 5395 1459 5459 lihro,

668 5494 716 5553 scd
732 5494 758 5549 iu
772 5492 908 5562 tertiopro
921 5489 1017 5544 Lihere
1032 5485 1213 5552 tellumoni
1227 5484 1261 5540 ad
1275 5500 1336 5540 curn
1350 5484 1462 5556 loquens

668 5596 762 5642 contra
780 5598 861 5654 quem
888 5581 1020 5652 disputat,
1039 5579 1162 5649 quioniam
1181 5577 1225 5633 ille
1241 5585 1366 5646 posucrat
1382 5575 1462 5631 verha

670 5674 789 5745 apostoli
804 5671 927 5738 dicentis,
941 5668 1002 5725 Non
1015 5667 1083 5740 queri
1096 5668 1152 5722 uolo
1164 5681 1212 5738 ope
1222 5681 1232 5730 ,·
1242 5672 1280 5731 et,
1296 5663 1374 5719 Video
1384 5666 1463 5720 otton

670 5771 750 5839 legent
762 5768 789 5822 in
808 5764 924 5820 nrerrdria
939 5762 1001 5818 meir
1015 5768 1196 5833 renuntiantem
1213 5758 1262 5826 legi
1278 5758 1369 5813 inentis
1382 5773 1459 5822 nvem,

670 5867 698 5914 et
709 5867 805 5914 coetera
816 5872 876 5929 qum
888 5855 925 5910 ihi
937 5854 1077 5916 dicuntum
1093 5851 1143 5907 iste
1156 5847 1304 5920 respondit.
1317 5857 1396 5920 atque
1406 5849 1443 5903 ait
1455 5866 1461 5901 :

674 5970 685 6006 ι
702 5950 759 6007 ιιοι
774 5951 845 6006 enim
866 5947 937 6019 qued
951 5958 978 6003 tu
999 5946 1033 6029 de
1055 5943 1184 6015 llpostole
1205 5942 1351 6012 intelligere
1370 5941 1462 6012 enpis,

671 6058 765 6103 omncs
777 6039 951 6098 ecclesiastici
970 6038 1020 6094 viri
1041 6039 1067 6093 in
1082 6035 1226 6108 peccatoris
1240 6043 1268 6091 et
1281 6033 1330 6089 snb
1345 6033 1403 6103 lege
1417 6031 1463 6086 ad·

706 6219 780 6267 'tm
799 6223 825 6269 ct
841 6223 910 6279 tiss,
931 6214 1103 6270 meliorisne.
1124 6218 1147 6261 tn
1166 6210 1267 6283 epistola
1287 6207 1316 6260 ad
1332 6209 1465 6261 nemetrla·

675 6278 744 6358 pem,
763 6281 868 6352 append.
888 6278 995 6355 tumst,
1012 6278 1041 6330 le
1061 6276 1233 6327 sterion-note.

698 6351 782 6405 ydria.
794 6350 927 6397 terrerentur.
941 6347 989 6396 ιι..

1289 913 1318 972 S.
1338 913 1524 971 aususve-vt
1544 914 1694 973 scissor}

2250 918 2303 974 38⁰

1511 1027 1562 1082 huc
1579 1029 1656 1097 positi
1672 1038 1795 1084 asserunt
1813 1045 1875 1084 conv
1890 1030 1989 1085 dixisse
2008 1046 2138 1101 persam,
2152 1030 2199 1099 qui
2220 1031 2303 1088 nimia
2344 1045 2346 1052 ’

1505 1120 1629 1174 vitiorum
1642 1120 1836 1177 consuetudine
1851 1120 1922 1176 velot
1934 1122 2046 1191 quadam
2059 1130 2195 1177 teneretur
2205 1138 2305 1178 eccos·

1505 1209 1582 1264 sitate
1596 1210 1740 1279 peccandi,
1753 1220 1780 1266 et
1792 1212 1914 1281 quamvls
1926 1211 2026 1267 honmo
2044 1224 2182 1283 appeteret
2202 1214 2300 1268 volun·
2342 1221 2346 1228 '

1506 1310 1575 1368 tale,
1590 1317 1639 1357 usu
1652 1310 1740 1358 tamen
1754 1304 1962 1373 precipitaretur
1976 1304 2001 1360 lo
2016 1306 2126 1360 malum.
2141 1306 2169 1361 ln
2185 1322 2302 1377 persona

1505 1401 1605 1461 autem,
1621 1413 1630 1446 ι
1647 1394 1742 1465 inquit,
1760 1413 1769 1447 ι
1784 1395 1901 1450 heminis
1915 1398 2012 1465 onius,
2027 1398 2150 1469 designat
2170 1400 2300 1471 populum

1505 1485 1556 1539 suh
1569 1495 1659 1540 vetere
1672 1486 1759 1541 adhuc
1773 1487 1832 1557 lege
1845 1499 1998 1557 peccantem
2009 1505 2015 1552 ;
2030 1504 2108 1556 quein
2121 1490 2155 1545 ah
2168 1489 2220 1545 hoc
2233 1507 2301 1546 eoo·

1505 1575 1653 1629 suetudinis
1672 1580 1743 1631 malo
1761 1577 1824 1632 dicit
1841 1578 2007 1634 liberandum
2020 1595 2080 1636 esse
2092 1596 2142 1650 per
2153 1581 2300 1652 Christum,

1504 1667 1550 1737 qui
1572 1667 1743 1723 credentibus
1766 1668 1816 1724 sihi
1840 1670 1929 1740 primo
1949 1671 2038 1725 omnia
2063 1688 2110 1742 per
2138 1674 2301 1743 Baptismnm

1506 1766 1613 1827 peecata
1628 1758 1753 1827 dimittit,
1767 1759 1863 1817 deinde
1878 1761 2024 1817 imitatione
2037 1763 2078 1817 sui
2097 1763 2131 1817 ad
2155 1764 2302 1834 perlectam

1505 1849 1597 1904 incitat
1611 1851 1789 1916 sanctitatem,
1805 1862 1832 1907 et
1846 1853 1969 1908 vitiorum
1984 1854 2205 1911 consuetmlioem
2220 1856 2305 1911 virtu·

1506 1947 1561 1994 tum
1580 1941 1661 1997 vineit
1681 1943 1812 2012 exemplo.
1831 1961 1840 1995 ι
1866 1944 1934 2000 Ecce
1956 1946 2090 2014 quonvodo
2114 1947 2171 2001 vult
2193 1947 2303 2016 intelligi

1505 2032 1623 2102 adjuvari
1645 2047 1692 2088 eus
1715 2034 1759 2102 qui
1781 2034 1831 2089 snh
1853 2034 1911 2104 lege
1935 2046 2054 2105 peceant,
2074 2046 2102 2091 ut
2124 2052 2172 2106 per
2191 2038 2302 2106 gratiam

1505 2124 1603 2179 Christi
1612 2124 1749 2195 justillcati
1762 2125 1919 2190 lihcrcntur,
1934 2136 2057 2197 tanquam
2071 2128 2110 2181 eis
2122 2143 2176 2182 ιιοιι
2190 2128 2303 2182 sullieiat

1505 2216 1561 2269 sola
1583 2216 1634 2282 lex,
1657 2227 1765 2287 propter
1788 2217 1896 2273 nimiam
1920 2220 2046 2288 peccandi
2070 2221 2301 2289 consuetudinem,

1505 2305 1556 2361 nisi
1569 2304 1666 2361 Christi
1679 2307 1799 2375 accedat,
1814 2325 1866 2363 nnn
1882 2310 2020 2378 inspiratio
2034 2310 2171 2366 charitatis
2184 2328 2231 2381 prr
2240 2312 2303 2382 Spi-

1507 2400 1586 2454 ritum
1600 2408 1738 2468 sanctum,
1754 2402 1800 2456 sed
1822 2402 1978 2457 intuendum
1992 2412 2020 2457 et
2033 2403 2189 2458 imitandum
2209 2407 2237 2460 iu
2252 2404 2301 2459 ‹to-

1506 2491 1590 2544 ctrina
1611 2492 1763 2562 erangelica
1782 2490 1888 2547 virtutis
1907 2494 1965 2562 cjos
1983 2496 2146 2565 exemplum.
2174 2496 2209 2550 Et
2229 2505 2301 2553 certe

1506 2581 1621 2636 mamma
1645 2580 1689 2638 hie
1707 2591 1766 2638 eral
1786 2599 1866 2638 causa
1888 2584 2077 2653 exprimendi,
2102 2600 2181 2656 qoam
2202 2587 2302 2643 diceret

1506 2672 1629 2740 gratiam,
1643 2673 1687 2727 uhi
1702 2674 1788 2729 loetnn
1803 2675 1889 2744 ipsum
1902 2675 1935 2730 de
1949 2690 2001 2745 quo
2014 2675 2168 2746 respondet,
2180 2676 2220 2732 sie
2235 2692 2298 2731 cerv·

1506 2762 1585 2817 elusit
1599 2764 1758 2833 Apostolus,
1775 2773 1804 2819 ut
1817 2765 1941 2820 diceret:
1962 2764 2059 2836 lutetia
2071 2782 2117 2837 epo
2141 2766 2227 2833 inemo,
2247 2767 2300 2839 quir

1507 2870 1547 2907 nte
1559 2852 1672 2909 liberabit
1693 2856 1724 2909 de
1742 2872 1847 2927 corpore
1860 2858 1947 2912 orertir
1961 2857 2059 2928 liujus?
2079 2857 2168 2913 Gratia
2188 2858 2238 2912 Det
2259 2875 2301 2929 per

1507 2944 1596 2999 Jeaurn
1610 2944 1737 2999 Christum
1751 2946 1888 3001 Dentinmn
1903 2959 2017 3003 arostrunr
2028 2948 2115 3020 (Rom.
2132 2964 2177 3011 ιιι,
2193 2949 2237 3013 ts,
2251 2948 2300 3003 25·

1507 3034 1564 3105 ιδ).
1580 3036 1655 3091 dane
1674 3036 1724 3091 iste
1738 3052 1799 3092 cum
1820 3038 1983 3103 constituat,
1999 3054 2051 3093 oen
2074 3039 2099 3092 in
2121 3039 2225 3093 virtutis
2246 3038 2301 3108 ejus

1509 3126 1617 3192 auxilie,
1634 3126 1681 3182 sed
1696 3127 1852 3182 imitationis
1865 3128 1997 3198 exevnplo,
2014 3128 2076 3199 qnid
2091 3128 2204 3198 amplius
2214 3128 2301 3183 deille

1510 3231 1618 3286 sperare
1632 3216 1771 3285 dehemus,
1787 3218 1945 3289 ubicumque
1958 3220 2050 3289 gratiae
2062 3234 2160 3274 nornen
2180 3220 2230 3275 suh
2247 3235 2302 3274 aaa·

1509 3305 1586 3376 higna
1600 3308 1773 3376 generalitate
1784 3308 1993 3363 eurrvrnemorat?

1544 3395 1657 3453 CAPUT
1673 3397 1729 3452 ιιι.
1743 3428 1781 3438 -
1793 3398 1837 3454 ιι.
1853 3398 1918 3454 Ιιιιιι
1936 3399 1962 3454 in
1977 3399 2071 3454 eudem
2093 3399 2162 3455 libro
2176 3400 2209 3455 ad
2222 3401 2301 3471 virgi·

1508 3501 1707 3556 accusaverant,
1724 3488 1794 3544 node
1804 3488 1859 3558 jam
1872 3490 1952 3545 ctiam
1967 3505 2046 3559 supra
2060 3488 2245 3558 disseroirnus,
2259 3492 2304 3549 uhi

1509 3578 1546 3631 ait
1558 3595 1564 3629 ι
1579 3578 1696 3633 «subditi
1706 3579 1789 3633 simus
1800 3580 1865 3645 lico,
1876 3579 1986 3650 ejusque
1996 3579 2118 3637 iaciendo
2128 3581 2305 3652 saluritatem,

1509 3666 1626 3722 divinam
1638 3683 1788 3724 mercamur
1799 3670 1921 3739 gratiam,
1936 3680 1963 3726 ιι
1979 3669 2084 3727 facilius
2096 3688 2209 3743 nequam
2224 3674 2306 3744 spiri·

1510 3759 1558 3822 tui,
1575 3759 1660 3814 sancti
1675 3760 1791 3830 Spiritus
1812 3762 1921 3827 auxilie,
1945 3763 2136 3819 resistamus.»
2159 3764 2188 3819 ln
2210 3767 2307 3835 quihus

1509 3850 1568 3920 eius
1579 3849 1669 3905 vcrhis
1683 3858 1755 3906 certe
1769 3849 1938 3907 manifestum
1952 3860 2003 3918 est,
2027 3854 2062 3908 ita
2081 3869 2141 3909 euna
2167 3856 2235 3912 velle
2256 3871 2306 3912 ιιοι

1509 3941 1628 4012 arljuvari
1649 3944 1733 4012 gratia
1757 3942 1872 4014 Spiritus
1898 3946 1992 4009 sancti,
2014 3962 2067 4001 ιιοιι
2094 3947 2156 4017 quia
2179 3947 2238 4005 sine
2260 3949 2308 4005 illo

1510 4032 1590 4087 ctiam
1602 4047 1649 4102 per
1663 4034 1747 4089 selam
1762 4042 1864 4090 natura
1878 4036 2081 4105 possibilitatem
2095 4052 2149 4093 neu
2164 4053 2307 4108 pessumus

1511 4125 1638 4189 resistere
1653 4125 1776 4180 tentatori
1788 4167 1795 4191 ,
1808 4127 1856 4182 sed
1871 4135 1900 4181 ut
1922 4126 2025 4185 facilius
2038 4129 2206 4185 resistamns.
2229 4130 2307 4199 Quod

1511 4227 1599 4270 tamen
1612 4215 1804 4286 qualecumque
1815 4225 1842 4272 et
1851 4220 2121 4289 quantulmneumque
2131 4220 2303 4289 adjutorium,

1511 4322 1572 4361 eznu
1585 4307 1713 4364 eredihile
1727 4318 1768 4363 est
1783 4309 1809 4364 in
1823 4309 1874 4364 hoc
1888 4312 2062 4377 constituere,
2077 4313 2149 4381 quod
2164 4312 2244 4367 nohis
2258 4312 2306 4368 ad·

1511 4398 1582 4453 ditur
1594 4399 1705 4454 scientia
1721 4399 1855 4456 revelante
1868 4399 1969 4472 Spiritu
1989 4417 2036 4472 per
2049 4403 2211 4465 doctrinam.
2226 4419 2306 4473 qnam

1511 4490 1553 4545 rel
1568 4504 1620 4545 non
1632 4505 1786 4561 possumus,
1801 4492 1843 4548 vel
1857 4492 1964 4547 dillieile
1976 4493 2073 4549 habere
2095 4509 2237 4563 possumus
2251 4510 2301 4564 per

1512 4585 1646 4639 natmam.
1663 4579 1714 4635 lsta
1736 4589 1799 4636 sunt
1818 4598 1877 4650 qnae
1898 4581 1926 4638 in
1945 4583 2030 4647 lihre,
2053 4599 2133 4652 qoem
2154 4585 2306 4656 scripsitad

1511 4672 1641 4741 virginem
1662 4669 1771 4739 Christi,
1796 4673 1933 4730 advertere
1957 4676 2039 4745 potui,
2062 4677 2106 4733 uhi
2120 4678 2226 4735 videtur
2243 4695 2306 4749 gra-

1514 4761 1578 4816 tiam
1590 4761 1711 4819 ecullteri
1725 4780 1732 4816 ι
1747 4778 1807 4835 quae
1820 4764 1938 4835 prolecto
1952 4767 2039 4837 qualia
2053 4768 2124 4835 sint,
2140 4770 2231 4840 utique
2244 4785 2306 4826 cer·

1512 4852 1586 4907 uitis.

1548 4942 1660 5000 CAPUT
1669 4944 1831 5002 xlv-ts.
1846 4947 1984 5018 tLegaut,
2000 4968 2010 5003 ι
2027 4949 2127 5020 inquit,
2143 4969 2153 5005 ι
2167 4953 2247 5007 etiam
2267 4970 2307 5008 re·

1513 5049 1577 5093 ecus
1589 5050 1679 5090 rvveum
1689 5036 1864 5106 opusculum,
1886 5037 1956 5108 qued
1969 5053 2018 5108 pro
2037 5038 2134 5097 Libere
2156 5057 2242 5111 nnper
2255 5044 2307 5097 ιι·

1513 5125 1592 5181 hitrio
1612 5125 1693 5183 edere
1713 5126 1844 5197 compulsi
1866 5142 1976 5196 sumos;
2009 5138 2037 5185 et
2057 5142 2201 5201 agnoscent
2228 5124 2326 5203 quaml

1514 5218 1602 5287 inique
1622 5231 1671 5272 noe
1689 5218 1831 5288 negatione
1844 5218 1936 5289 gratiae
1950 5217 2079 5275 iolanrare
2092 5220 2248 5290 gestierint,
2263 5224 2308 5293 qui

1515 5326 1562 5381 pcr
1574 5319 1656 5366 totum
1676 5325 1745 5380 pene
1760 5309 1843 5379 ipsius
1865 5318 1964 5367 textum
1979 5311 2068 5380 operis
2089 5311 2208 5381 perlecto
2223 5322 2309 5385 atque

1515 5400 1617 5471 integre
1630 5407 1658 5453 et
1671 5399 1783 5454 liberum
1798 5399 1937 5456 arbitrium
1950 5402 2107 5457 eoolilemur
2119 5410 2148 5458 ιι
2157 5404 2280 5473 gratiam.
2296 5422 2307 5457 ι

1515 5491 1635 5559 Quatuor
1648 5499 1710 5545 suot
1722 5489 1783 5545 lihri
1794 5491 1883 5562 operis
1896 5490 1985 5561 hujus,
1998 5502 2026 5548 et
2036 5492 2084 5549 hes
2094 5493 2158 5564 legi,
2172 5504 2200 5552 et
2213 5511 2244 5550 ex
2259 5495 2312 5552 illis

1515 5583 1616 5653 suivvpsi
1630 5598 1690 5654 quae
1704 5583 1841 5638 tractanda
1855 5591 1883 5638 et
1895 5583 2060 5639 discutienda
2079 5587 2225 5655 preposui,
2241 5596 2268 5642 et
2283 5593 2313 5645 nl

1514 5673 1588 5743 potui
1605 5672 1773 5741 pertractavi,
1787 5681 1929 5743 antequam
1943 5672 1976 5728 ad
1990 5674 2047 5742 ejus
2062 5675 2111 5730 has
2125 5676 2238 5744 litteras,
2251 5692 2313 5747 quac

1516 5763 1628 5819 llornam
1652 5764 1741 5819 missae
1763 5773 1842 5831 sunt,
1868 5765 2028 5821 veniremus.
2049 5767 2102 5822 Sed
2124 5768 2149 5822 in
2172 5770 2213 5823 his
2231 5767 2313 5825 ctiam

1516 5866 1630 5929 quotuor
1641 5857 1716 5914 lihris
1736 5873 1912 5930 quecumque
1932 5874 1981 5929 pro
1992 5860 2077 5931 gratia
2091 5859 2197 5917 videtur
2210 5861 2313 5927 dicere,

1518 5965 1567 6020 qna
1579 5951 1703 6021 juvamur
1721 5958 1750 6005 ιιι
1768 5952 1934 6007 declinemus
1948 5966 1963 6007 a
1977 5952 2049 6007 malo
2064 5953 2218 6024 honnntqne
2230 5950 2314 6009 lacia-

1518 6057 1588 6109 mns,
1601 6044 1637 6097 ita
1648 6042 1721 6107 dicit,
1737 6043 1850 6098 utnulla
1863 6043 1944 6099 mode
1957 6058 1972 6097 a
1987 6042 2127 6099 verberum
2140 6041 2317 6115 ambiguitate

1518 6131 1646 6199 discedat,
1660 6148 1737 6203 quam
1753 6135 1889 6206 discipulis
1904 6137 1942 6192 sic
1957 6136 2040 6206 possit
2053 6149 2198 6206 exponere,
2213 6143 2243 6190 ιιι
2255 6133 2316 6193 nul·

1520 6226 1574 6282 lom
1587 6226 1711 6281 auxilinm
1725 6230 1815 6298 gratim
1830 6230 1949 6298 credant,
1966 6247 2017 6302 qna
2033 6239 2135 6285 naturae
2150 6226 2315 6301 pessimius

1520 6318 1667 6389 arljnrctur,
1688 6318 1737 6374 nisi
1763 6321 1789 6376 in
1811 6321 1869 6392 lege
1883 6333 1962 6392 atqoe
1980 6323 2099 6379 doctrina
2117 6339 2123 6373 :
2141 6321 2176 6376 ita
2192 6331 2221 6376 nt
2242 6319 2315 6391 ipsas
