5592 7350
561 1058 674 1116 inibi
689 1057 722 1113 X.
735 1086 770 1098 -·
778 1056 823 1111 ut.
834 1050 955 1126 Cypriani
965 1049 1103 1106 ieriinrouiu
1115 1049 1146 1103 de
1152 1049 1259 1121 justitia
1269 1066 1316 1104 no·

530 1161 588 1207 rire
599 1149 798 1223 inspersecuone.
814 1144 881 1202 illud
893 1144 948 1215 jam
961 1142 1068 1204 tertium
1081 1140 1233 1207 rideamus,
1246 1141 1318 1212 quoii

528 1257 581 1297 uon
595 1242 683 1296 minus
696 1241 722 1295 in
744 1239 802 1298 istis
823 1252 902 1294 omne
913 1234 1011 1291 Cbrisii
1025 1233 1174 1289 membrum
1193 1241 1317 1289 ettotam

527 1332 587 1402 eius
596 1344 693 1403 corpus
704 1328 841 1395 exhorret,
850 1327 911 1398 quia
919 1323 1082 1381 contendunt
1089 1338 1150 1379 esse
1160 1323 1186 1377 iu
1196 1322 1245 1379 bae
1253 1323 1317 1391 rita,

528 1421 571 1476 rei
593 1419 675 1476 inisse
691 1419 796 1490 justos,
820 1416 922 1473 nullum
944 1414 1073 1470 babentes
1094 1413 1202 1467 omnino
1223 1426 1318 1482 peeca-

529 1520 585 1567 tum
602 1509 650 1582 (a).
665 1509 721 1578 Quia
736 1507 945 1579 presumptione
957 1504 1125 1574 apertissime
1137 1504 1249 1558 orationi
1268 1502 1318 1557 do·

476 1659 482 1668 ,
529 1600 634 1655 minicae
645 1597 848 1661 contradicunt,
863 1596 890 1650 in
903 1593 1052 1664 quaomnia
1067 1592 1186 1652 membra
1198 1592 1319 1661 Christi,

531 1691 635 1745 iiiouirte
646 1691 716 1745 nobis
727 1689 811 1744 milio
822 1695 927 1752 nosue,
942 1685 1031 1740 veraci
1045 1683 1126 1738 eorde
1138 1693 1166 1739 ot
1185 1682 1319 1753 quotidia-

530 1781 571 1835 nis
579 1775 971 1835 roeibusclamant.Vidcamus
979 1788 1042 1844 ergo
1050 1772 1241 1842 quidelinmex
1250 1770 1318 1826 Ιιιιιι

530 1872 678 1946 Cyprianus
691 1872 718 1926 in
730 1869 841 1925 Dourino
854 1866 1059 1938 gloriosissimus
1073 1863 1181 1917 senserit
1192 1879 1199 1928 ;
1211 1862 1274 1933 quid
1285 1862 1317 1915 ari

531 1960 698 2017 instruendas
711 1959 853 2023 Ecclesias,
868 1971 920 2011 non
935 1956 1025 2023 ruique
1041 1952 1256 2017 Manichaeorum,
1271 1951 1318 2005 secl

530 2052 743 2119 Gutirolicorurm
757 2065 811 2105 non
821 2048 907 2104 solum
920 2045 1035 2108 dixerit,
1050 2059 1143 2098 rerum
1156 2042 1236 2098 etiam
1249 2042 1320 2097 litte·

532 2145 579 2208 ris,
591 2143 780 2212 memoriaque
795 2123 968 2193 rrranrlauerit.
985 2134 1011 2189 lu
1026 2135 1137 2205 epistola
1151 2134 1185 2188 de
1196 2133 1282 2203 Opere
1292 2140 1319 2188 ei

532 2232 716 2303 Eleemosynis
731 2246 739 2285 ε
757 2249 767 2282 ι
785 2230 968 2299 Agnoscamus
989 2226 1095 2294 itaquo,
1119 2224 1230 2289 iratres,
1250 2243 1259 2275 r
1277 2223 1319 2276 in·

530 2322 606 2393 quit,
624 2340 634 2376 r
651 2319 832 2383 dilectissimi.
848 2318 944 2372 diuinae
957 2314 1128 2386 indulgentiae
1141 2313 1246 2370 salubre
1261 2328 1323 2369 mu·

531 2426 599 2473 nius,
613 2419 641 2465 et
653 2407 848 2467 emundandis¹
864 2404 1058 2477 purgandisque
1072 2402 1187 2473 peccatis
1200 2402 1320 2467 nostris,

531 2501 576 2571 quii
591 2502 649 2556 sino
667 2501 757 2569 aliquo
770 2498 939 2553 conscicntia·
952 2495 1062 2551 vulnere
1083 2507 1209 2549 essenon
1224 2506 1319 2563 possu-

532 2606 609 2656 mus,
632 2590 743 2647 medelis
756 2588 937 2661 spiritualibus
949 2586 1058 2641 vulnera
1073 2592 1164 2639 nostra
1184 2597 1318 2639 eusenius.

532 2680 588 2736 Nee
606 2682 746 2751 quisquam
765 2680 804 2735 sio
816 2679 866 2734 sini
879 2678 913 2733 do
932 2690 999 2746 puro
1012 2685 1092 2744 alque
1103 2673 1137 2729 cle
1150 2673 1320 2728 immaculato

532 2778 639 2841 pectene
653 2768 817 2832 blarnliatur.
838 2776 867 2821 ut
881 2763 1030 2820 innocentia
1043 2777 1091 2817 sua
1105 2761 1189 2818 iretus
1209 2760 1320 2818 medici·

532 2874 595 2913 nam
605 2873 657 2912 non
669 2865 745 2928 putei
756 2854 930 2911 adhibendam
939 2851 1159 2908 essonrinoribus
1168 2867 1175 2903 :
1185 2866 1245 2906 eum
1255 2852 1321 2906 seri-

531 2958 608 3020 ptum
618 2949 662 3012 sit,
673 2946 735 3011 Quis
742 2946 887 3018 pioriobitrtr
898 2952 994 2998 rosioni
1006 2941 1133 2996 rehabere
1144 2942 1206 2996 cor?
1214 2951 1257 2995 nni
1265 2942 1320 3014 quur

532 3037 682 3110 ploriubitrrr
695 3034 815 3088 mundum
827 3051 854 3088 re
872 3049 925 3088 esse
938 3048 954 3085 o
967 3032 1075 3098 peccaris
1096 3029 1186 3096 (Pron.
1201 3047 1253 3096 xx,
1269 3031 1320 3098 tii

534 3140 560 3187 et
578 3132 673 3186 iterum
686 3128 714 3183 in
729 3126 845 3198 Epistola
858 3139 905 3180 sua
918 3123 1034 3180 loannes
1053 3132 1134 3193 ponat
1147 3132 1173 3179 et
1186 3123 1273 3189 dicat.
1291 3123 1321 3178 Si

494 3204 508 3221 ⁰
534 3223 669 3278 dixerimus
678 3223 739 3295 puio
750 3231 877 3292 peecatum
889 3237 940 3276 nort
957 3219 1093 3282 iubemur,
1109 3234 1153 3273 nos
1170 3217 1239 3286 ipsos
1250 3216 1320 3269 decr*

534 3313 625 3383 pinno,
638 3322 660 3365 et
671 3312 761 3366 ueritus
773 3312 799 3364 in
809 3309 878 3364 nobis
889 3327 938 3364 non
949 3308 1006 3363 est⁸
1023 3306 1044 3378 (i
1057 3305 1135 3363 Jouu.
1147 3322 1168 3373 t,
1180 3305 1220 3375 8).
1232 3304 1260 3360 si
1273 3320 1321 3360 au·

534 3411 586 3458 tem
602 3416 679 3458 nemo
692 3415 750 3458 esse
764 3401 821 3457 sine
835 3410 941 3471 preconio
956 3410 1052 3471 potest,
1066 3409 1093 3453 et
1106 3400 1224 3469 quisquis
1236 3413 1265 3451 se
1279 3397 1321 3453 ln·

533 3491 666 3560 culpatum
681 3491 787 3558 dixerit,
801 3500 843 3545 aut
860 3490 989 3559 serpenbus
1002 3497 1047 3543 aut
1061 3488 1157 3542 stultus
1170 3495 1211 3541 est
1222 3503 1230 3538 r
1241 3500 1320 3556 qmm

534 3580 692 3644 accessuris,
702 3595 780 3650 ιιιιιιιιι
795 3580 906 3649 benigna
919 3586 961 3632 est
973 3577 1061 3631 diuina
1074 3576 1215 3631 elementia
1224 3591 1231 3640 ;
1240 3573 1320 3647 ιιιιιιι*

533 3670 668 3725 cumseiat
681 3685 732 3723 uon
744 3669 837 3724 deesse
845 3667 944 3724 sanatis
952 3667 1072 3738 quemdum
1087 3665 1253 3736 postmodum
1263 3665 1321 3723 uul-

533 3774 615 3820 nera,
630 3757 703 3813 dedit
716 3759 838 3814 curandis
853 3759 940 3813 rieuuo
954 3757 1153 3827 sanandisque⁸
1167 3756 1320 3811 uulneribus

533 3851 651 3905 reruedia
665 3851 806 3906 salutaria?
820 3870 830 3904 r
844 3851 944 3907 llursus
958 3851 983 3904 in
997 3849 1110 3905 cadom:
1129 3867 1139 3900 ι
1155 3848 1187 3903 m
1197 3848 1320 3918 quonium

532 3941 666 4010 quotidie,
685 3959 695 3994 r
713 3942 813 4011 iniquit,
832 3960 841 3992 ι
859 3942 952 3996 rleesse
965 3957 1017 3996 non
1036 3948 1123 4014 potest
1141 3940 1212 4011 quod
1226 3954 1320 4009 pecce-

533 4039 577 4085 tur
600 4030 625 4084 iu
645 4041 787 4100 eorrspeetu
801 4031 864 4096 liei;
885 4031 1012 4086 sacrificia
1026 4029 1176 4101 quotidiana
1199 4045 1251 4084 non
1273 4029 1320 4085 rie·

532 4119 631 4184 uranu„
643 4120 738 4190 qrribus
751 4128 859 4190 possent
872 4129 977 4189 peecata
989 4120 1082 4191 tergi.»
1094 4119 1159 4175 item
1172 4119 1198 4173 in
1209 4119 1320 4189 epistola

532 4209 566 4264 du
588 4211 765 4266 ilurtalitate:
784 4229 794 4263 ι
811 4211 877 4264 Cum
900 4210 1027 4274 auaritia,
1048 4229 1057 4262 r
1075 4211 1176 4279 inquit,
1195 4209 1319 4276 euobis,

532 4316 592 4356 cum
605 4303 784 4374 impudicitia,
798 4317 858 4356 curn
871 4303 925 4369 ira,
939 4316 999 4356 eum
1011 4301 1155 4357 ambitione
1167 4301 1319 4370 congressio

531 4397 589 4454 est;
603 4407 662 4445 curn
675 4391 824 4446 carnalibus
836 4392 916 4456 vitiis,
932 4407 991 4445 cum
1005 4391 1137 4446 illecebris
1149 4391 1319 4448 saecularibus

530 4479 635 4534 assidua
647 4488 674 4535 et
688 4481 798 4535 rrrolesta
821 4481 929 4535 inermio
941 4489 982 4535 est
997 4498 1003 4533 :
1020 4481 1128 4536 obsesso
1141 4495 1217 4535 mens
1231 4480 1318 4536 bomi-

530 4570 591 4637 nis,
612 4579 640 4625 ei
660 4569 775 4641 unldique
787 4570 885 4626 diaboii
900 4570 1068 4626 infestatione
1082 4571 1195 4637 urrlluta,
1210 4573 1254 4625 uix
1272 4586 1318 4627 oe·

530 4660 614 4714 errrrlt
630 4661 756 4729 singulis,
771 4661 812 4715 vir
828 4662 937 4715 resistit.
951 4661 979 4717 Si
993 4661 1102 4716 avaritia
1116 4670 1245 4731 prostrata
1257 4672 1317 4726 est,

530 4751 649 4821 exsurgit
661 4751 759 4815 lilium
774 4753 796 4806 si
810 4752 892 4806 iibiclo
904 4767 1056 4821 compressa
1070 4761 1121 4815 cst,
1133 4752 1250 4808 succedit
1262 4767 1319 4806 am·

530 4841 613 4907 bitio;
626 4843 649 4896 si
661 4843 770 4896 anuntio
783 4852 934 4911 corrtcrnpta
948 4851 1006 4910 est,
1020 4843 1057 4895 ira
1070 4851 1230 4912 emsperat,
1245 4842 1318 4900 nun

529 4931 663 4999 superbia,
679 4932 820 4987 vinulentia
835 4933 937 4993 inuitat,
952 4931 1049 4987 intiriiu
1061 4932 1229 4988 concordiam
1243 4949 1317 4988 rum·

529 5022 586 5091 pit,
599 5021 740 5076 arrricitiuru
753 5023 845 5077 relus'
858 5022 989 5077 abscindit
1004 5041 1010 5075 :
1027 5022 1129 5092 cogeris
1139 5022 1315 5090 runconere,

530 5114 600 5182 qrrnri
614 5114 702 5169 diuina
723 5114 767 5168 let·
790 5115 929 5185 prolrilrer;
944 5113 1111 5182 compelleris
1125 5114 1232 5182 iurare,
1245 5115 1316 5186 qrrod

530 5220 584 5259 nou
597 5205 667 5261 licet.
681 5205 732 5261 Tot
745 5208 941 5276 persecutiones
954 5206 1058 5260 anirnns
1070 5205 1187 5277 quotidie
1199 5206 1317 5276 mittin,

567 5421 574 5451 ¹
589 5418 690 5477 rulitiin
701 5417 755 5467 lror.
772 5426 835 5477 tiss..
847 5429 879 5467 es
889 5415 942 5466 lior.

563 5481 574 5511 2
590 5480 665 5535 ιιιιιις
681 5486 710 5546 nt.
717 5477 883 5529 emmanuelis.
905 5485 932 5528 tt
950 5479 975 5526 in
986 5484 1039 5526 tiso.
1052 5485 1077 5528 ct
1087 5477 1149 5542 apud
1165 5480 1315 5542 qpiriauum,

529 5539 730 5590 eternnrniurnitr.
823 5543 824 5546 ’

559 5601 630 5649 ¹ttic
641 5601 703 5661 aprini
718 5599 857 5662 cyprianum
876 5598 979 5656 additur,
1001 5595 1026 5647 si
1046 5603 1125 5647 ιιιιιεηι
1143 5598 1242 5661 emensi
1264 5599 1316 5657 iltr-

529 5659 606 5709 rinrns
618 5666 812 5722 percuterentur,
824 5657 903 5721 iieielis
912 5665 934 5707 et
941 5659 1022 5721 juratus
1037 5665 1072 5708 cst
1085 5658 1206 5717 boronus,
1219 5659 1259 5724 puri
1275 5673 1317 5709 no·

529 5719 566 5771 its
577 5730 674 5784 peccaro
685 5719 798 5772 ιιιιιιιιιιιι.

562 5783 572 5813 ⁸
588 5789 612 5830 in
625 5783 814 5831 inlitisnmrssum
823 5785 883 5835 erat.
893 5791 965 5841 quon
976 5778 1118 5835 uecesnuiu.
1132 5793 1203 5843 rernm
1215 5779 1316 5842 berripna

528 5848 565 5893 est
583 5842 664 5893 diuino
681 5841 819 5897 cicerculae,
839 5851 901 5902 prim.
921 5841 1027 5890 iubetur
1039 5842 1061 5889 iu
1078 5839 1202 5890 ‹altnanns
1219 5848 1270 5891 tiss.
1291 5851 1317 5892 et

528 5903 592 5966 apruni
603 5907 750 5966 cyprianum.

561 5965 625 6014 itu.
646 5972 674 6013 ιι
690 5970 754 6021 iou,
774 5958 949 6022 salomouis-pne.
978 5971 1026 6010 tur.
1049 5969 1075 6011 et
1096 5968 1168 6021 tiss,
1190 5964 1315 6014 surrtrurrlis·

528 6036 663 6141 φτίιιίιὶ,
674 6084 782 6133 deerunt.
794 6083 943 6145 fastigantur
956 6095 987 6133 cx
999 6089 1049 6131 tiss.

561 6147 571 6176 r
588 6153 624 6194 Er.
638 6155 664 6195 nt
678 6152 742 6200 tosa,
754 6143 851 6193 serires:
869 6143 993 6193 mendose.

561 6207 596 6268 (ιι)
614 6214 700 6267 ilergius
713 6204 769 6252 ilinu
782 6205 989 6257 i‘elueiauuru‘am
1002 6204 1137 6253 dominium
1150 6204 1226 6253 laterai
1240 6219 1316 6255 nuntr-

528 6267 584 6315 eilio
606 6270 686 6315 siricae
710 6265 837 6316 irruisersali
864 6267 919 6313 arrisi
937 6296 940 6301 -
956 6266 989 6312 iii.
1015 6267 1068 6313 lile
1091 6268 1164 6323 inin,
1189 6268 1317 6326 leupartcz'

531 6328 678 6391 appendicis.

1198 940 1298 995 LIBER
1318 939 1488 1009 Quintus

2106 945 2161 1003 outi-

1371 1058 1412 1107 tot
1423 1051 1548 1121 perieulis
1557 1061 1648 1121 peetus
1660 1062 1769 1124 urgetur
1778 1052 1798 1119 ¹,
1807 1062 1835 1108 et
1847 1052 1961 1108 rielcetrt
1973 1052 2016 1109 bic
2028 1054 2157 1109 interdia-

1370 1139 1423 1195 b'oli
1444 1140 1569 1211 gladios¹
1581 1140 1625 1197 diu
1639 1150 1725 1208 stare;
1739 1157 1799 1197 eum
1822 1143 1905 1213 magis
1917 1144 2160 1213 concupiscendum

1370 1231 1405 1285 ait
1426 1241 1453 1285 et
1473 1231 1636 1301 optandum,
1649 1232 1682 1287 ari
1696 1233 1829 1288 Christum
1850 1234 2024 1291 subveniente
2042 1236 2163 1291 velocius

1371 1330 1457 1377 morte
1471 1338 1624 1393 properare.
1641 1344 1650 1377 r
1667 1325 1732 1380 item
1746 1326 1772 1380 in
1786 1326 1842 1394 ipsa
1859 1344 1866 1379 :
1884 1344 1895 1379 ι
1914 1327 2020 1393 Beatus.
2036 1345 2045 1379 r
2064 1327 2159 1396 inquit.

1373 1429 1382 1464 ι
1401 1413 1536 1483 apostolus
1548 1413 1646 1470 Paulus
1659 1415 1685 1469 in
1697 1415 1815 1486 Epistola
1828 1430 1874 1471 sua
1885 1416 1959 1487 ponit
1971 1428 1997 1473 et
2011 1416 2084 1482 dieii,
2094 1416 2161 1470 iiiii

1370 1506 1450 1560 nuere
1462 1502 1576 1560 Girrirtur
1588 1515 1639 1571 est,-
1647 1514 1672 1564 ei
1682 1506 1746 1560 nturi
1757 1505 1855 1559 lucrum
1867 1505 1997 1577 (Philipp.
2009 1522 2029 1572 ι,
2039 1506 2087 1575 21)
2100 1523 2106 1559 :
2119 1507 2160 1560 lu·

1370 1608 1445 1649 erum
1460 1595 1604 1649 maximum
1616 1602 1773 1664 computans
1782 1594 1837 1664 jam
1855 1594 2026 1651 serenioribus
2038 1595 2138 1666 laqueis
2149 1595 2165 1627 ‘

1371 1697 1424 1738 non
1446 1684 1614 1754 teneri,jam
1636 1684 1716 1739 nullis
1735 1684 1852 1755 peccatis
1870 1694 1897 1741 et
1911 1686 1983 1741 uitiis
2002 1688 2091 1741 earnis
2110 1688 2159 1742 ob-

1372 1775 1478 1830 noxium
1492 1773 1558 1830 fleri.
1578 1794 1587 1827 r
1604 1774 1670 1831 item
1684 1775 1848 1833 decretione
1860 1776 2010 1841 dominica,
2023 1792 2158 1846 exponens

1371 1863 1439 1928 sunl
1452 1864 1566 1935 potimus
1578 1866 1714 1933 dicentes,
1730 1865 1909 1935 Sarrcupcnnr
1922 1883 2012 1921 nonten
2025 1876 2094 1921 tunm
2104 1884 2114 1932 ‚·
2124 1870 2160 1924 ait

1371 1953 1548 2010 intercutem
1564 1973 1571 2007 ι
1589 1976 1600 2009 ι
1617 1956 1689 2026 Opus
1703 1965 1744 2012 est
1759 1958 1829 2012 enim
1842 1958 1920 2013 nobis
1932 1957 2084 2027 qrrotidianu
2098 1976 2159 2013 sun·

1370 2044 1546 2112 cribratione,
1561 2056 1589 2100 ut
1602 2047 1646 2115 qui
1660 2047 1778 2115 quotidie
1790 2046 1985 2117 delinquimus,
2000 2047 2096 2103 delicia
2111 2066 2161 2103 nn·

1371 2143 1424 2187 stru
1438 2134 1645 2189 sanctificatione
1657 2135 1762 2190 assidua
1782 2152 1965 2206 repurgemus,
1986 2156 1994 2188 ι
2013 2137 2115 2192 llrrrsns
2135 2140 2160 2192 in

1370 2223 1481 2292 eadem,
1496 2240 1555 2279 curn
1568 2236 1714 2296 exponeret
1734 2226 1804 2298 quod
1818 2227 1946 2292 uicinius,
1965 2228 2068 2283 liinriue
2089 2232 2160 2306 neiis

1371 2312 1452 2367 debito
1465 2324 1551 2367 nostro
1571 2314 1676 2387 (Metili.
1691 2333 1732 2383 ur,
1747 2316 1781 2384 9,
1797 2315 1840 2389 iu)
1858 2336 1864 2372 ε
1882 2335 1891 2370 ι
1910 2318 1994 2385 Quum
2010 2322 2161 2374 necessario

1370 2413 1469 2469 autem,
1485 2424 1495 2457 r
1512 2405 1604 2475 inquit,
1624 2424 1635 2459 ι
1648 2421 1727 2477 quiam
1741 2407 1911 2477 prouidenter
1923 2417 1950 2464 et
1963 2410 2159 2465 soloin-iterari·

1371 2510 1527 2565 monemur,
1541 2498 1611 2568 quod
1631 2508 1785 2569 peccatores
1797 2514 1907 2565 snmus,
1921 2501 1965 2567 qui
1980 2518 2027 2571 pro
2045 2503 2160 2571 pecentis

1371 2603 1465 2658 rogare
1485 2591 1685 2659 compellimur3
1701 2598 1731 2647 ut
1742 2590 1805 2646 drrm
1820 2591 1979 2663 indulgentia
1995 2592 2029 2648 tle
2043 2593 2098 2648 Deo
2112 2608 2159 2663 pe·

1372 2678 1453 2743 titur,
1474 2679 1644 2734 conscientie
1658 2696 1713 2735 suas
1732 2681 1837 2739 animus
1850 2681 2021 2737 recordetur!
2042 2682 2080 2738 Ne
2100 2684 2160 2755 quis

1371 2767 1420 2820 sibi
1434 2772 1507 2838 qrrusi
1521 2769 1647 2825 innocens
1660 2771 1772 2841 placeat,
1781 2780 1809 2827 et
1819 2786 1848 2828 se
1859 2773 2012 2828 extollendo
2024 2775 2084 2843 plus
2096 2791 2160 2845 per·-

1371 2867 1431 2924 ent‚
1455 2858 1592 2913 instruitur
1606 2867 1634 2914 ct
1653 2860 1763 2916 docetur
1774 2876 1885 2931 peecare
1898 2877 1927 2920 se
1947 2862 2081 2934 qnotidie,
2095 2864 2159 2920 dum

1371 2946 2161 3024 qrrotidiepropeccatisjubeturorarc.S³cdeniqueetioan·

1373 3052 1420 3090 nes
1441 3037 1468 3092 in
1482 3037 1598 3105 Epistola
1619 3054 1667 3094 sur
1681 3048 1770 3117 monet
1782 3040 1892 3108 dicens,
1907 3042 1938 3097 Si
1951 3042 2088 3098 dixerimus
2101 3046 2162 3117 poio

1363 3136 1500 3197 ,percorum
1513 3142 1563 3182 rron
1575 3127 1709 3195 iubemur,
1723 3130 1848 3200 nosipsos
1868 3130 2022 3202 decipimus,
2037 3142 2060 3186 et
2071 3133 2161 3189 oeritm

1372 3217 1397 3271 iu
1411 3218 1481 3272 nolis
1492 3235 1542 3272 reon
1553 3229 1599 3273 ert.
1615 3219 1646 3274 Si
1659 3230 1741 3274 autem
1753 3223 1860 3293 confessi
1872 3226 1994 3293 [renueras
2005 3233 2106 3293 peccota
2116 3240 2162 3278 rru-

1371 3318 1433 3375 riro‚
1447 3310 1529 3378 fidelis
1539 3319 1563 3365 et
1570 3311 1723 3380 jnslosert⁸
1736 3312 1779 3381 qrri
1792 3312 1863 3366 nobis
1877 3324 1979 3382 peccota
1991 3313 2099 3367 dimittat
2113 3333 2122 3366 r
2139 3316 2160 3383 (Ι

1371 3397 1448 3452 ioan.
1463 3416 1489 3465 r,
1504 3400 1520 3454 8
1534 3410 1557 3453 et
1568 3399 1607 3471 9).
1627 3395 1719 3455 bierit'o
1732 3410 1758 3456 et
1770 3400 1802 3455 ud
1815 3399 1953 3468 Quirinum
1967 3402 1999 3456 rie
2012 3404 2062 3458 bae
2075 3419 2104 3457 re
2113 3404 2160 3457 alr·

1372 3488 1561 3545 solutissimum
1575 3491 1734 3546 sententiam
1754 3506 1828 3545 stram
1849 3492 2005 3565 proposuit,
2026 3493 2069 3548 cui
2084 3495 2160 3549 testi-

1371 3581 1460 3635 monia
1474 3580 1561 3636 diuina
1580 3582 1767 3652 subiungeret,
1786 3601 1795 3635 ι
1813 3582 1950 3638 Neminem
1965 3585 2022 3640 sine
2041 3586 2119 3641 sorde
2131 3594 2160 3643 et

1372 3670 1429 3726 sine
1442 3681 1549 3742 peceato
1561 3688 1621 3729 esse
1639 3692 1648 3725 r
1667 3673 1735 3745 (tii.
1749 3674 1783 3741 ii,
1797 3690 1855 3747 cup.
1868 3675 1923 3745 5t)
1941 3693 1948 3734 :
1964 3675 2008 3729 rubi
2021 3677 2100 3731 etiam
2115 3677 2158 3731 iiia

1374 3765 1521 3818 testimonia
1541 3766 1644 3834 posuit,
1659 3766 1754 3837 quibus
1765 3766 1936 3822 eoniirmaiur
1949 3768 2076 3837 originale
2094 3783 2158 3840 poc-

1371 3860 1458 3907 eaiun
1470 3895 1478 3919 ,
1491 3869 1550 3925 quie
1564 3864 1693 3909 eorrauiur
1704 3854 1747 3910 isu
1761 3856 1786 3909 in
1808 3857 1898 3912 nescio
1911 3871 1978 3926 quos
1988 3857 2055 3911 alios
2074 3873 2161 3912 noros

1372 3956 1467 3998 sensus
1488 3958 1634 4014 pronosque
1646 3954 1801 4000 convertere
1817 3963 1824 4000 ι
1840 3945 1896 4001 siro
1914 3944 1983 4015 qurocl
1995 3947 2032 4000 ait
2052 3956 2159 4002 sanetius

1371 4029 1439 4099 iob,
1452 4033 1588 4091 Neminem
1601 4050 1660 4090 csso
1679 4035 1734 4090 sins
1746 4035 1837 4101 sorde,
1857 4051 1901 4088 nec
1917 4035 1991 4106 cnjus
2002 4036 2035 4090 sit
2047 4037 2096 4090 uite
2109 4037 2159 4091 dier'

1371 4123 1446 4176 unius
1458 4139 1533 4193 snper
1546 4133 1637 4177 terrani
1650 4121 1711 4192 (lob
1724 4141 1776 4190 mr,
1790 4125 1826 4190 5,
1840 4123 1986 4196 reo-LXX)
1997 4143 2005 4192 ;
2018 4127 2074 4182 sive
2086 4130 2162 4198 quoii

1371 4211 1398 4267 lu
1412 4213 1515 4266 Psalmo
1528 4213 1631 4282 legitur,
1645 4211 1678 4266 in
1689 4213 1802 4282 [nonore
1810 4224 1943 4284 conceptus
1955 4232 2020 4279 auur,
2033 4226 2056 4270 ct
2065 4218 2091 4271 r'n
2102 4235 2158 4287 pec»

1371 4303 1432 4356 rotis
1445 4319 1484 4358 rue
1500 4314 1578 4357 irroter
1590 4318 1645 4357 urea
1656 4303 1682 4356 r'rr
1697 4314 1765 4358 utero
1777 4303 1840 4357 ninii
1852 4303 1937 4372 (Paul.
1953 4321 1985 4371 ι,
2000 4306 2037 4376 7).
2057 4305 2169 4373 Quibus.

1373 4391 1546 4459 testimoniis,
1560 4400 1668 4462 propter
1680 4406 1727 4448 eos
1747 4392 1825 4446 etiarn
1839 4393 1883 4462 qni
1892 4393 1946 4461 jam
1961 4393 1986 4446 in
2000 4404 2079 4449 aetatc
2098 4411 2157 4450 ma·

1368 4481 1421 4550 juri
1440 4493 1501 4550 suut
1513 4482 1613 4545 sancii.
1626 4482 1687 4552 quia
1706 4497 1755 4537 nee
1768 4481 1817 4552 ipsi
1832 4490 1894 4536 sunt
1907 4482 1965 4539 sine
1978 4483 2056 4538 sorde
2077 4497 2158 4555 arque

1371 4579 1490 4638 pererio,
1501 4569 1620 4639 adjunxit
1633 4570 1711 4625 ctiam
1724 4569 1787 4625 illud
1800 4568 1944 4624 beatissimi
1955 4570 2075 4634 loannis,
2086 4573 2164 4643 qurod·

1370 4659 1460 4713 multis
1471 4667 1498 4712 et
1509 4659 1567 4713 aliis
1581 4659 1647 4714 locis
1660 4675 1731 4727 saepe
1744 4668 1937 4714 commemorat
1951 4678 1958 4712 :
1975 4660 2006 4715 Si
2019 4661 2157 4717 dixerimus

1369 4750 1428 4819 puio
1442 4758 1570 4817 pesculum
1583 4765 1633 4802 non
1652 4749 1786 4815 liebertum
1800 4755 1828 4802 et
1846 4759 1943 4803 cetera
1956 4750 2073 4819 eiusdem
2094 4767 2156 4807 seu·

1370 4838 1476 4900 ienriru,
1489 4853 1548 4905 qrrae
1562 4837 1595 4890 ab
1608 4837 1730 4891 omnibus
1741 4835 1885 4892 Gnilroliois
1908 4851 1960 4892 non
1975 4847 2095 4895 taceretur
2106 4842 2154 4897 ad·

1369 4942 1463 4981 uorsus
1476 4927 1556 4991 istos,
1571 4927 1656 4996 quise
1677 4926 1748 4994 ipsos
1761 4926 1913 4996 decipiunt,
1928 4938 1955 4984 ot
1967 4929 1992 4983 in
2006 4931 2044 4986 cis
2058 4934 2155 4987 ueritas

1373 5030 1423 5072 iiiiii
1439 5026 1489 5070 esi.

1403 5129 1575 5192 28.Dican1,
1598 5126 1620 5181 si
1642 5125 1740 5182 audent
1758 5127 1906 5199 Pelagium,
1929 5131 1999 5189 iurene
2022 5134 2164 5190 luourinem-

1371 5220 1418 5278 uei
1432 5219 1633 5274 ilunielruuorum
1651 5233 1741 5274 errore
1757 5234 1927 5290 perversum,
1942 5223 2002 5294 qula
2018 5226 2052 5279 ita
2068 5228 2156 5282 insudat

1368 5319 1491 5374 sanctos,
1508 5318 1535 5363 ιιι
1556 5320 1641 5363 tanuen
1657 5309 1768 5364 latentur
1788 5312 1921 5367 nominem
1942 5314 1969 5368 in
1983 5313 2033 5368 bac
2049 5314 2102 5369 sita
2121 5317 2165 5370 aii--

1370 5410 1467 5457 ιιιιιιιιι
1487 5400 1672 5475 perlectionem
1689 5401 1849 5469 peruenire⁸
1864 5403 1989 5472 justitio,
2004 5413 2033 5459 ut
2054 5406 2162 5462 rnrrlluru

1369 5491 1464 5548 lrabeat
1477 5492 1586 5547 ornnino
1598 5500 1735 5560 peccatum
1747 5532 1755 5557 ‚
1769 5493 1927 5546 seruientium
1944 5507 2017 5547 suam
2035 5496 2157 5550 testinno-

1369 5582 1666 5645 niorunreanonicorum
1675 5583 2154 5653 perspicuarenunculis-isunnam

1368 5676 1447 5733 ritate
1456 5673 1626 5728 corrirrmaus.
1640 5671 1769 5744 ll'urnquicl
1782 5675 1851 5730 surim
1864 5684 1942 5746 negat
1954 5694 1964 5728 ι
1982 5677 2006 5731 in
2020 5677 2156 5746 Baptisrno

1369 5766 1490 5820 turriuersa
1505 5773 1610 5833 peronia
1628 5763 1739 5828 dimitti,
1756 5782 1765 5815 r
1782 5764 1842 5833 quia
1857 5762 1951 5820 iuuetur
1973 5781 2080 5823 manere
2099 5767 2155 5824 ira·

1369 5856 1495 5924 gilimtem
1509 5864 1587 5923 atque
1601 5852 1779 5907 infirmitatem
1791 5893 1799 5918 ‚
1813 5853 1884 5909 uude
1903 5870 1953 5911 nos
1966 5856 2030 5912 dicit
2045 5874 2156 5927 procuro

1402 5966 1409 5996 ¹
1427 5963 1535 6012 callicaui
1549 5970 1611 6019 uss„
1624 5967 1656 6010 tot
1668 5959 1780 6012 perenne
1791 5968 1814 6012 et
1825 5965 1928 6026 percotis
1938 5973 2045 6031 arpenn.

1401 6026 1411 6055 ¹
1427 6026 1464 6074 sic
1476 6024 1499 6072 in
1511 6030 1564 6072 uss.
1578 6029 1603 6072 et
1613 6021 1676 6085 apud
1688 6023 1837 6084 cyprianum.
1856 6033 1883 6074 tt
1896 6036 1945 6076 nm.
1959 6034 1996 6076 ir.
2007 6039 2033 6078 et
2044 6038 2109 6089 ior..
2121 6031 2157 6080 in·

1370 6089 1407 6135 ter
1418 6080 1507 6134 clinbuii
1524 6081 1628 6146 laprreos.

1401 6146 1412 6178 ⁸
1428 6145 1493 6207 trusi
1507 6146 1657 6208 cyrenaeum,
1668 6143 1753 6196 ιωειιιι·
1765 6142 1862 6208 munds.

1370 6206 1415 6311 Ui]
1430 6205 1663 6296 niirrdssqprianum.
1674 6207 1799 6268 jurstnsest
1812 6203 1942 6270 mutatum
1962 6215 1988 6259 ui
2008 6219 2088 6274 atti-ta,
2109 6210 2155 6262 col.

1380 6271 1424 6320 izi.
1438 6275 1486 6315 itui.
1512 6303 1517 6314 .

1402 6330 1412 6360 ⁸
1431 6335 1494 6385 linx,
1511 6325 1637 6388 periimus.
